2613 3990
87 909 201 946 Opinio-

59 960 121 979 nes.

75 1271 161 1306 Opin.
175 1273 198 1297 1.

60 1911 144 1948 Opin.
166 1916 195 1942 2.

864 250 991 292 DIST.
1022 250 1162 292 XXVI.
1193 251 1313 291 ART.
1344 250 1376 291 Ι.
1409 248 1609 299 QUAEST.
1641 250 1708 291 IV.

219 342 465 395 proprietas.
489 340 689 382 Similiter
709 351 835 381 omne
855 339 968 392 quod
993 339 1240 392 distinguit,

218 413 360 466 aliquo
392 413 516 453 modo
554 413 752 465 importat
785 411 1031 451 relationem
1067 425 1075 451 z
1111 411 1244 463 igitur

218 484 355 524 omnis
373 484 518 524 relatio
535 483 782 535 proprietas,
799 484 839 522 et
859 481 996 521 omnis
1012 482 1244 534 proprietas

217 555 377 595 relatio.
411 555 491 596 Sed
522 554 660 594 omnis
686 553 800 593 notio
832 555 893 592 est
917 553 1150 605 proprietas
1177 553 1245 594 vel

217 625 365 666 relatio
385 640 394 666 :
416 625 549 677 igitur
566 624 703 664 omnis
723 623 838 663 notio
860 625 921 662 est
938 623 1183 676 proprietas,
1204 627 1244 664 et

218 697 408 738 similiter
427 697 587 737 relatio.
611 695 661 736 Et
678 696 735 735 ita
759 698 932 735 extenso
952 695 1125 736 nomine
1145 698 1245 736 sunt

218 768 399 821 aequalia
422 783 430 808 :
452 767 545 807 ideo
563 766 676 807 idem
705 768 766 805 est
784 777 1013 816 numerus,
1037 769 1076 806 et
1098 766 1244 807 eadem

218 840 325 880 ratio
344 838 588 891 assignandi
608 849 838 877 numerum
861 837 906 877 in
928 837 1126 878 omnibus
1154 838 1244 878 istis

220 911 477 952 nominibus.
505 908 833 960 Intelligendum
850 908 985 960 igitur
1003 908 1115 960 quod
1136 909 1245 948 circa

218 995 447 1024 numerum
466 981 770 1035 proprietatum
790 983 873 1021 tres
890 981 1062 1020 fuerunt
1082 980 1245 1032 opinio-

219 1067 316 1096 nes:
333 1054 505 1107 quidam
521 1053 720 1093 dixerunt
731 1053 843 1105 quod
857 1052 1035 1092 infinitae
1049 1065 1058 1101 3
1073 1052 1245 1104 quidam

220 1126 333 1178 quod
351 1128 458 1175 tres3
481 1124 656 1177 quidam
674 1124 787 1176 quod
808 1124 1011 1176 quinque.
1034 1122 1151 1162 Ratio
1168 1136 1246 1163 au-

220 1199 305 1237 tem
319 1196 497 1237 diversae
513 1195 727 1248 opinionis
739 1195 832 1243 fuit,
849 1195 948 1247 quia
967 1193 1246 1235 diversimode

220 1268 412 1308 notiones
442 1267 830 1307 consideraverunt.
855 1265 934 1314 Qui
953 1265 1246 1305 considerave-

221 1342 323 1379 runt
335 1338 427 1378 illas
448 1338 492 1377 in
512 1337 827 1390 comparatione
845 1337 895 1376 ad
916 1349 985 1376 eos
1003 1336 1157 1389 quibus
1181 1336 1248 1375 in-

222 1412 463 1460 notescunt,
486 1409 687 1450 dixerunt
705 1420 775 1449 eas
794 1408 981 1447 infinitas
1006 1420 1093 1447 esse
1108 1439 1117 1457 ,
1146 1407 1249 1459 quia

222 1495 296 1536 per
314 1482 503 1522 infinitas
535 1482 870 1534 comparationes
894 1483 933 1519 et
952 1479 1247 1519 similitudines

221 1557 262 1595 et
279 1556 491 1607 respectus
510 1553 619 1594 Deus
645 1553 769 1593 nobis
793 1551 1027 1592 innotescit.
1049 1550 1127 1599 Qui
1146 1562 1248 1590 vero

221 1625 596 1667 consideraverunt
622 1625 664 1664 in
695 1623 1005 1676 comparatione
1034 1622 1086 1662 ad
1112 1622 1246 1675 hypo-

221 1699 350 1736 stases
379 1707 477 1748 quae
496 1695 836 1747 distinguuntur,
860 1694 926 1733 vel
945 1693 1243 1743 innotescunt,

220 1767 420 1809 dixerunt
437 1769 603 1807 tantum
624 1770 723 1815 tres,
743 1766 843 1818 quia
859 1767 1026 1805 tantum
1045 1768 1128 1805 tres
1151 1768 1249 1804 sunt

220 1851 412 1893 personae
437 1853 445 1879 :
467 1838 559 1879 ideo
579 1840 746 1878 tantum
764 1837 843 1877 tria
861 1839 961 1876 sunt
980 1836 1151 1888 propria
1174 1847 1249 1888 per

222 1922 319 1964 quae
337 1910 592 1951 sufficienter
610 1909 891 1949 innotescunt.
919 1907 999 1957 Qui
1027 1919 1127 1947 vero
1148 1918 1250 1947 con-

222 1982 514 2023 sideraverunt
551 1984 760 2034 quantum
793 1980 844 2020 ad
879 1980 1062 2020 rationes
1093 1979 1249 2032 quibus

219 2053 502 2101 innotescunt,
531 2052 731 2093 dixerunt
749 2064 837 2092 esse
858 2052 1047 2104 quinque
1067 2063 1076 2090 ε
1100 2050 1247 2090 eadem

219 2125 334 2165 enim
354 2127 416 2165 est
434 2124 541 2165 ratio
557 2123 860 2172 innotescendi,
877 2126 916 2163 et
936 2122 1242 2174 distinguendi.

220 2195 301 2237 Sed
315 2196 423 2236 ratio
448 2195 738 2247 distinguendi
758 2194 960 2247 accipitur
979 2206 1003 2234 a
1025 2196 1141 2246 parte
1160 2193 1246 2233 ori-

220 2267 335 2319 ginis
354 2280 364 2308 :
387 2267 608 2318 autigitur
632 2266 824 2318 positive,
847 2268 921 2305 aut
941 2264 1151 2317 privative
1176 2279 1184 2304 ε
1214 2264 1249 2303 si

219 2338 430 2391 privative
447 2370 457 2388 ,
484 2340 559 2378 aut
578 2337 716 2390 privat
737 2336 946 2388 originem
979 2348 1052 2388 per
1074 2335 1249 2375 modum

221 2409 511 2463 producentis,
542 2410 582 2448 et
608 2407 688 2448 hoc
722 2419 809 2447 non
842 2407 942 2447 dicit
971 2406 1246 2455 nobilitatem,

219 2481 374 2521 scilicet
401 2492 489 2520 non
515 2478 747 2531 producere
764 2510 773 2527 ,
793 2477 886 2518 ideo
908 2490 992 2517 11011
1012 2480 1074 2517 est
1102 2477 1218 2517 notio
1236 2491 1245 2526 3

219 2554 292 2592 aut
305 2551 446 2604 privat
458 2549 670 2602 originem
690 2561 764 2602 per
785 2549 959 2589 modum
978 2548 1186 2601 producti,
1209 2551 1250 2588 et

219 2622 299 2663 hoc
326 2622 394 2663 vel
422 2621 670 2674 specialiter,
694 2621 757 2661 vel
789 2619 1042 2672 generaliter
1064 2633 1072 2659 ε
1098 2618 1131 2657 si
1151 2631 1248 2671 spe—

220 2694 392 2743 cialiter,
426 2705 513 2733 non
537 2693 634 2733 dicit
664 2692 950 2741 nobilitatem3
976 2691 1009 2730 si
1036 2690 1251 2742 generali-

218 2769 297 2816 ter,
320 2766 378 2806 sic
397 2765 495 2806 dicit
526 2764 789 2805 nobilitatem
812 2778 820 2803 :
844 2766 884 2803 et
902 2763 994 2803 ideo
1016 2761 1133 2802 notio
1155 2761 1247 2814 pri-

219 2837 366 2879 vativa
383 2838 443 2877 est
456 2848 544 2876 una
564 2835 665 2886 sola,
687 2834 841 2875 scilicet
860 2833 1182 2874 innascibilitas.
1205 2831 1248 2873 Si

220 2911 364 2950 autem
395 2908 626 2960 accipiatur
654 2919 679 2947 a
703 2909 820 2959 parte
851 2905 1028 2956 originis
1054 2904 1247 2957 positive,

221 2991 319 3021 cum
341 2978 497 3032 duplex
514 2978 568 3018 sit
585 2977 722 3030 origo,
744 2978 786 3017 et
805 2976 974 3016 cuilibet
1001 2975 1252 3028 respondeat

222 3051 272 3092 de
285 3050 528 3091 necessitate
540 3049 594 3090 du
601 3049 697 3102 plex
709 3047 929 3096 habitudo,
946 3046 996 3086 de
1006 3046 1250 3086 necessitate

224 3123 352 3163 erunt
369 3123 568 3174 quatuor,
587 3118 805 3172 generatio
824 3118 959 3158 activa
977 3150 987 3168 ,
1010 3120 1050 3158 et
1067 3116 1249 3170 passiva,

268 3204 312 3245 (a)
334 3203 427 3235 Edit.
454 3204 529 3235 Ven.
544 3213 627 3244 qzaoe.

2260 253 2335 290 427

1317 343 1358 380 et
1376 339 1546 392 spiratio
1566 340 1716 391 activa,
1739 341 1780 381 et
1797 339 1963 392 passiva
1979 370 1988 388 ‚
2014 341 2055 379 et
2072 338 2117 378 in
2138 339 2339 380 universo

1318 416 1522 467 quinque.

1372 486 1512 526 Prima
1537 486 1681 539 opinio
1710 484 1891 537 sumpsit
1923 481 2129 522 rationem
2154 483 2291 535 magis
2319 496 2340 523 e

1317 558 1569 610 longinquo,
1592 560 1633 598 et
1649 557 1741 597 ideo
1762 555 1901 608 magis
1917 567 1941 595 a
1960 554 2139 595 veritate
2155 555 2337 597 recessit.

1322 629 1514 671 Secunda
1542 628 1680 680 magis
1712 628 1762 668 de
1793 626 2054 680 propinquo,
2085 624 2177 665 ideo
2206 625 2342 677 magis

1317 701 1483 745 veritati
1500 697 1868 752 appropinquavit.
1884 695 2025 736 Tertia
2039 695 2150 734 sicut
2171 694 2338 735 debuit:

1318 775 1410 815 ideo
1439 771 1662 811 veritatem
1690 768 1816 818 dixit,
1839 767 1999 820 posuit,
2028 769 2068 807 et
2094 765 2270 806 invenit.
2294 765 2344 806 Et

1318 847 1410 886 haec
1426 846 1488 885 est
1506 841 1654 895 positio
1667 872 1676 890 ‚
1703 851 1832 892 quam
1861 840 1973 878 tenet
1992 837 2230 878 communis
2248 836 2344 889 opi—

1318 918 1389 958 nio
1408 914 1727 966 magistrorum,
1745 910 1936 950 notiones
1956 921 2044 949 esse
2064 908 2255 961 quinque
2280 922 2289 948 :
2306 910 2346 948 et

1318 988 1424 1028 ratio
1444 986 1578 1038 hujus
1598 982 1716 1035 prius
1734 981 1826 1021 visa
1843 983 1917 1020 est.

1374 1063 1411 1098 ’1.
1437 1057 1501 1098 Ad
1523 1054 1625 1095 illud
1649 1053 1784 1104 igitur
1812 1050 1924 1104 quod
1951 1049 2149 1102 objicitur
2179 1049 2229 1090 de
2258 1060 2347 1089 res-

1319 1128 1509 1181 pectibus
1528 1128 1568 1166 et
1588 1121 1976 1176 comparationibus
1994 1120 2188 1170 infinitis,
2212 1120 2349 1161 dicen—

1320 1199 1423 1239 dum
1452 1196 1561 1250 quod
1582 1207 1659 1235 nec
1679 1192 1974 1246 propi‘ietateS‚
1997 1203 2074 1231 nec
2102 1189 2344 1240 relationes,

1320 1272 1421 1310 sunt
1432 1268 1640 1313 notiones,
1657 1264 1738 1305 nisi
1752 1275 1848 1316 quae
1859 1263 2092 1315 important
2108 1263 2346 1313 respectum

1320 1340 1654 1391 distinguentem
1674 1346 1899 1388 personam
1919 1346 1943 1373 a
1968 1344 2147 1385 persona
2167 1346 2175 1369 :
2208 1333 2249 1371 et
2269 1330 2349 1371 boc

1321 1414 1382 1453 est
1400 1411 1616 1463 respectus
1636 1405 1813 1458 originis
1827 1437 1836 1455 ‚
1859 1404 1933 1457 qui
1963 1405 2131 1443 tantum
2158 1402 2349 1454 quinque

1321 1479 1457 1521 modis
1500 1475 1783 1530 spectantibus
1826 1473 1877 1513 ad
1920 1471 2172 1523 dignitatem
2216 1471 2351 1522 potest

1322 1549 1557 1603 comparari
1581 1563 1590 1588 ι
1614 1547 1705 1587 ideo
1725 1546 1836 1597 patet
1856 1543 1974 1583 illud.

1376 1625 1414 1662 3.
1438 1621 1500 1661 Ad
1526 1617 1630 1659 illud
1655 1615 1767 1669 quod
1796 1613 2014 1666 objicitur,
2043 1611 2155 1665 quod
2184 1613 2350 1651 tantum

1322 1697 1406 1733 tres
1421 1703 1495 1745 per
1513 1689 1695 1730 verbum
1716 1684 1983 1734 Damasceni3
2001 1683 2226 1723 dicendum
2238 1682 2351 1734 quod

1322 1765 1401 1805 sub
1422 1761 1696 1816 generatione
1719 1754 2039 1809 comprehendit
2059 1755 2163 1795 duas
2181 1753 2352 1794 relatio-

1322 1849 1411 1884 nes,
1435 1833 1626 1875 similiter
1644 1831 1725 1871 sub
1743 1827 2026 1882 processione.

1376 1910 1415 1947 Ji.
1438 1905 1502 1946 Ad
1524 1903 1627 1944 illud
1657 1901 1771 1954 quod
1797 1899 1995 1952 objicitur
2023 1897 2136 1950 quod
2157 1896 2351 1949 proprie-

1322 1981 1385 2018 tas
1412 1976 1533 2016 debet
1560 1973 1748 2014 converti
1777 1983 1877 2011 cum
1903 1981 2094 2022 persona,
2125 1968 2351 2009 dicendum

1323 2048 1436 2102 quod
1462 2058 1615 2087 verum
1641 2047 1701 2086 est
1726 2044 1776 2084 de
1799 2043 1870 2082 illa
1902 2053 2000 2094 quaa
2027 2043 2087 2080 est
2119 2040 2353 2093 proprietas

1322 2117 1554 2172 personalis
1573 2116 1728 2156 faciens
1746 2124 1972 2167 personam
1993 2124 2080 2152 esse
2100 2122 2346 2164 personam:

1321 2192 1466 2229 tamen
1496 2199 1582 2227 non
1614 2185 1834 2238 sequitur,
1865 2184 1899 2223 si
1931 2181 2216 2231 convertitur,
2238 2181 2352 2233 quod

1323 2263 1383 2301 tot
1412 2260 1517 2307 sint,
1551 2261 1591 2298 et
1616 2269 1703 2297 non
1732 2256 1894 2309 plures,
1917 2253 2121 2306 quoniam
2153 2264 2292 2292 unum
2314 2255 2354 2292 et

1322 2332 1434 2372 idem
1453 2333 1586 2384 potest
1606 2329 1764 2369 babere
1784 2327 1906 2379 plura
1929 2324 2233 2366 convertibilia.

1376 2406 1414 2443 5.
1438 2402 1501 2442 Ad
1521 2400 1624 2441 illud
1651 2400 1765 2452 quod
1794 2397 1992 2450 objicitur
2022 2397 2072 2437 de
2106 2395 2353 2448 syllogismo

1322 2475 1408 2524 illo,
1438 2472 1664 2513 dicendum
1683 2470 1795 2523 quod
1816 2470 1860 2508 in
1879 2479 2079 2521 processu
2104 2467 2175 2507 illo
2197 2469 2258 2507 est
2275 2467 2353 2506 fal-

1322 2545 1427 2585 lacia
1450 2542 1688 2590 accidentis,
1710 2541 1818 2581 sicut
1836 2540 1904 2580 hic
1922 2553 1930 2578 z
1955 2537 2113 2578 «Pater
2135 2541 2194 2578 est
2213 2537 2354 2577 innas-

1324 2616 1500 2656 cibilitas
1523 2629 1531 2654 :
1555 2618 1596 2655 et
1616 2613 1737 2654 Pater
1757 2615 1818 2652 est
1836 2610 2065 2664 paternitas
2089 2624 2096 2650 :
2120 2609 2255 2661 igitur
2274 2621 2352 2661 pa-

1322 2687 1498 2727 ternitas
1518 2688 1578 2725 est
1599 2683 1902 2725 innascibilitas
1923 2697 1931 2722 2
1951 2696 1969 2718 ›)
1989 2680 2088 2733 quia
2106 2680 2219 2732 quod
2239 2679 2353 2719 attri-

1323 2759 1470 2798 buitur
1500 2757 1689 2809 subjecto
1724 2755 1813 2794 sive
1843 2751 2080 2805 hypostasi,
2105 2751 2353 2791 attribuitur

1324 2827 1578 2869 habitudini.
1602 2826 1744 2867 Posset
1762 2828 1901 2865 tamen
1920 2823 2019 2876 poni
2040 2823 2183 2874 figura
2205 2821 2352 2862 dictio-

1324 2900 1389 2939 nis
1408 2912 1461 2940 ex
1480 2898 1595 2939 modi
1616 2895 1873 2951 praedicandi
1893 2894 2152 2943 mutatione,
2184 2892 2284 2945 quia
2306 2892 2351 2931 in

1325 2971 1478 3012 divinis
1497 2970 1675 3011 essentia
1695 2967 1949 3022 praedicatur
1966 2968 2014 3006 ut
2032 2963 2154 3018 quid,
2174 2975 2352 3016 persona

1326 3044 1374 3083 ut
1393 3044 1510 3095 quis,
1539 3042 1655 3082 notio
1698 3042 1746 3080 nt
1786 3049 1865 3091 quo
1886 3037 1938 3090 (a)
1956 3069 1966 3086 ‚
1992 3039 2033 3077 et
2057 3035 2299 3089 proceditur
2327 3047 2352 3073 a

1325 3126 1506 3167 persona
1525 3113 1575 3153 ad
1595 3111 1828 3152 notionem.

2379 483 2498 518 imprd-

2374 703 2499 739 Impr.2.

2369 779 2497 806 Doctoris

2363 820 2470 856 opinio.
