2613 3990
787 206 914 248 DIST.
945 206 1068 247 XVII.
1099 206 1251 247 PART.
1283 207 1332 247 Il.
1364 207 1482 247 ART.
1515 208 1545 247 Ι.
1574 208 1770 256 QUAEST.
1803 209 1853 250 ΙΙ.

275 297 367 336 1)05.
399 294 465 336 Sic
491 298 531 336 et
548 299 831 348 augmentum
858 296 1009 337 dicitur
1035 296 1256 349 dupliciter
1286 312 1293 337 :

274 366 442 419 proprie
457 399 467 416 ‚
504 367 658 408 scilicet
691 368 924 408 secundum
957 367 1296 419 magnitudinem

275 437 416 487 molis,
439 440 478 477 et
498 439 805 491 metaphorice,
824 438 1055 478 secundum
1084 439 1297 490 quantita-

272 511 358 549 tem
376 512 544 553 virtutis
561 526 569 552 :
587 522 683 551 cum
700 521 802 560 ergo
819 509 864 548 in
881 509 1080 549 charitate
1094 509 1145 548 sit
1164 521 1297 561 quan-

271 580 367 621 titas
394 583 585 630 virtutis,
616 584 656 622 et
689 592 777 620 non
806 580 850 619 in
876 592 1070 630 summo,
1105 583 1297 620 constans

272 655 335 693 est
364 654 611 695 charitatem
637 651 785 703 augeri
816 662 949 703 posse.
983 650 1167 703 Rursus,
1197 664 1295 692 cum

272 724 408 765 virtus
425 726 478 766 sit
495 726 606 766 idem
627 723 739 776 quod
759 722 992 762 substantia
1008 722 1236 771 charitatis,
1256 726 1296 764 et

271 796 324 836 511
343 797 553 849 quantitas
572 795 757 844 virtutis,
773 794 872 834 hinc
890 794 1076 846 estquod
1093 794 1141 834 de
1155 807 1296 835 neces-

272 867 389 908 sitate
408 868 598 920 sequitur
617 866 865 906 charitatem
891 866 1044 918 augeri
1060 866 1295 906 secundum

271 939 547 979 substantiam
565 953 573 978 ι
594 950 693 978 cum
712 937 826 978 enim
846 937 898 977 sit
916 937 1067 986 virtus,
1089 938 1180 989 eJ'us
1199 938 1295 978 sub-

270 1010 422 1050 stantia
438 1021 526 1050 non
545 1012 607 1049 est
624 1008 705 1049 alia
724 1021 748 1048 a
767 1008 938 1049 virtute.

324 1085 362 1121 1.
385 1081 449 1122 Ad
467 1081 573 1122 illud
592 1092 695 1133 ergo
715 1080 829 1133 quod
848 1080 1045 1132 objicitur
1062 1081 1106 1121 in
1129 1084 1295 1121 contra-

269 1153 385 1193 rium
416 1152 528 1205 quod
547 1152 728 1192 essentia
748 1152 894 1192 formae
910 1152 921 1173 ¹
937 1155 997 1192 est
1016 1152 1292 1203 invariabilis,

269 1224 496 1265 dicendum
514 1223 627 1275 quod
645 1235 796 1263 verum
816 1226 877 1263 est
893 1223 943 1263 de
963 1224 1098 1263 forma
1118 1225 1295 1264 univer-

269 1295 366 1345 sali3
389 1294 425 1334 si
453 1298 595 1335 autem
623 1294 786 1335 dicatur
819 1294 868 1334 de
901 1296 1035 1334 forma
1063 1295 1291 1347 singulari,

268 1378 421 1407 verum
438 1368 513 1419 051,
534 1366 579 1405 111
597 1378 640 1406 50
663 1366 938 1416 considerata,
956 1366 1027 1406 sed
1044 1378 1143 1416 non,
1170 1369 1295 1419 prout

266 1437 311 1477 in
330 1437 425 1478 alio.

320 1512 359 1549 2.
384 1509 447 1549 Ad
480 1509 584 1550 illud
615 1509 729 1563 quod
760 1509 959 1561 objicitur
989 1508 1098 1561 quod
1133 1508 1294 1560 simpli-

267 1581 368 1621 citas
386 1593 473 1621 non
494 1581 675 1621 admittit
695 1580 1049 1632 magnitudinem,
1067 1579 1294 1620 dicendum

266 1652 380 1705 quod
404 1665 558 1693 verum
585 1655 648 1693 est
667 1652 779 1705 quod
799 1663 885 1692 non
910 1651 1090 1691 admittit
1122 1651 1289 1702 magni-

265 1724 458 1764 tudinem
478 1723 622 1775 molis,
653 1723 836 1764 admitfit
861 1726 1004 1763 tamen
1026 1722 1293 1774 magnitudi-

264 1807 363 1836 nem
380 1796 565 1837 virtutis.

319 1870 357 1908 3.
379 1867 443 1908 Ad
462 1867 566 1908 illud
586 1867 698 1920 quod
718 1866 915 1919 obJ'icitur
938 1866 1051 1919 quod
1072 1866 1118 1906 in
1144 1879 1293 1919 corpo-

262 1940 419 1980 ralibus
438 1942 499 1980 est
519 1942 660 1980 motus
680 1939 901 1991 augmenti
922 1939 1155 1979 secundum
1182 1940 1291 1980 acci-

262 2011 384 2061 dens,
407 2015 519 2064 patet
543 2011 772 2064 responsio.
797 2010 904 2051 Nam
930 2010 1144 2063 quantitas
1169 2011 1291 2051 molis

261 2085 324 2123 est
340 2083 530 2123 accidens
552 2082 824 2123 essentialiter
844 2083 1040 2123 differens
1061 2095 1084 2122 a
1101 2086 1259 2135 quanto
1278 2099 1286 2125 :

261 2166 349 2195 non
368 2157 511 2195 autem
532 2154 590 2194 510
608 2157 669 2194 051
687 2154 731 2194 in
757 2154 926 2206 quantis
947 2155 1180 2206 quantitate
1202 2155 1289 2195 vir-

261 2226 376 2277 tutis,
395 2226 528 2266 immo
545 2226 757 2278 quantitas
774 2225 945 2266 virtutis
963 2226 1193 2266 essentialis
1210 2230 1286 2278 est,

262 2303 310 2340 ut
327 2299 371 2339 in
385 2299 634 2352 opponendo
651 2298 877 2351 probatum
896 2300 971 2338 est.
992 2297 1129 2338 Potest
1146 2302 1289 2339 tamen

263 2370 343 2410 dici
362 2370 475 2423 quod
493 2382 590 2410 cum
608 2370 761 2410 dicitur
778 2380 787 2407 :
809 2384 826 2407 1(
846 2368 982 2409 Motus
1002 2371 1227 2422 augmenti
1244 2371 1288 2411 in

262 2441 550 2494 corporalibus
563 2443 625 2481 est
640 2443 780 2481 motus
793 2441 1028 2481 secundum
1042 2441 1247 2492 accidens,
1268 2459 1286 2480 »

262 2512 483 2565 dupliciter
500 2515 636 2566 potest
657 2512 786 2564 accipi
806 2512 900 2560 hoc,
924 2512 1036 2564 quod
1055 2515 1115 2552 est
1135 2524 1289 2555 secun-

262 2584 365 2627 dum
383 2600 398 2626 .·
418 2587 491 2625 301
515 2584 630 2637 quod
656 2584 764 2625 dicat
794 2583 1088 2624 habitudinem
1120 2586 1289 2625 termini

261 2669 337 2710 per
355 2669 422 2707 se,
448 2657 537 2698 sive
561 2655 733 2696 termini
756 2655 968 2705 formalis,
994 2658 1033 2695 et
1062 2656 1119 2696 sic
1140 2657 1289 2710 utique

261 2729 471 2771 terminus
505 2727 726 2780 augmenti
756 2730 818 2768 est
841 2728 1054 2780 quantitas
1086 2730 1285 2782 perfecta3

262 2804 336 2842 aut
354 2801 412 2841 ita
430 2798 541 2853 quod
560 2800 667 2840 dicat
682 2799 914 2840 terminum
934 2812 1008 2852 per
1027 2801 1233 2853 accidens,
1250 2807 1291 2843 et

262 2872 343 2913 1100
362 2873 487 2913 modo
503 2874 784 2924 augmentum
798 2872 965 2925 respicit
984 2873 1259 2913 substantiam
1277 2889 1285 2915 z

263 2945 376 2997 quod
407 2947 519 2997 patet
553 2956 563 2984 :
597 2956 695 2984 cum
725 2943 839 2984 enim
875 2943 1043 2984 additur
1076 2945 1290 2996 quantitas

263 3018 401 3070 major
431 3016 610 3066 minori,
642 3015 723 3055 nisi
758 3015 831 3055 fiat
861 3027 936 3067 per
967 3016 1290 3058 rarefactionem

263 3089 332 3129 vel
354 3100 429 3141 per
446 3088 776 3141 protensionem,
798 3090 961 3139 oportet
979 3088 1092 3140 quod
1111 3089 1290 3130 addatur

263 3159 496 3200 substantia
519 3160 565 3199 in
591 3171 677 3212 qua
702 3158 754 3198 sit
778 3158 850 3198 1113
875 3159 1086 3211 quantitas
1120 3175 1128 3200 z
1162 3163 1203 3200 et
1234 3161 1292 3201 ita

264 3233 547 3284 augmentum
569 3230 664 3284 plus
680 3229 805 3270 habet
823 3229 873 3269 de
890 3230 1123 3272 substantia
1143 3246 1151 3271 :
1176 3235 1216 3272 et
1234 3232 1292 3272 ita

308 3339 319 3360 ¹
340 3339 413 3370 Hoc
425 3340 476 3369 est
495 3339 613 3369 contra
633 3338 724 3370 Scot.
747 3337 816 3378 qui,
833 3337 843 3368 1
865 3336 969 3375 Sent„
988 3337 1066 3369 dist.
1084 3346 1169 3378 xvu,
1192 3348 1224 3379 q.
1244 3347 1289 3379 lv,

264 3388 358 3418 tenet
383 3394 503 3426 oppos.
534 3403 574 3408 —
599 3386 613 3406 2
641 3386 694 3426 Cf.
722 3385 816 3416 Alex.
850 3384 1003 3424 Alensis,
1030 3386 1065 3416 in
1094 3387 1288 3418 Continuat.

265 3445 300 3477 p.
318 3437 375 3476 ΙΙΙ,
394 3435 469 3467 coll.
491 3443 585 3474 LXIX,
607 3438 670 3467 art.
685 3438 702 3467 2
724 3438 756 3467 et
772 3437 811 3476 33
834 3436 869 3468 S.
884 3435 1018 3475 Thom.,
1033 3437 1120 3476 11-11,
1138 3446 1170 3478 q.
1194 3444 1289 3477 xxxv,

267 3486 328 3515 art.
345 3486 383 3524 53
401 3485 460 3515 etl
479 3484 581 3521 Sem„
598 3483 675 3515 dist.
693 3491 784 3525 xvu,
803 3492 836 3524 q.
859 3491 888 3524 1,
906 3485 969 3514 art.
992 3485 1032 3524 23
1055 3486 1161 3526 scot„
1182 3486 1216 3516 in
1236 3486 1291 3515 Re-

260 3533 367 3572 port„
393 3533 404 3563 ι
427 3530 533 3571 δεηῖ.,
552 3530 629 3565 (1151.
643 3538 730 3573 xvn,
750 3541 785 3573 q.
804 3538 838 3563 1v
848 3540 860 3571 3
892 3530 1002 3572 AEgid.
1019 3532 1132 3573 Rom,
1153 3533 1165 3564 1
1186 3532 1292 3572 Sent„

2321 217 2399 255 0293

1371 309 1446 350 per
1473 309 1735 350 consequens
1762 298 1814 338 ad
1843 299 2120 341 substantiam
2146 303 2399 345 terminatur

1371 369 1497 409 etiam
1516 369 1560 407 in
1578 368 1880 421 corporalibus.
1902 369 1953 409 Et
1970 382 2044 421 per
2057 371 2136 411 hoc
2153 377 2266 425 patet
2283 377 2397 427 quod

1371 439 1582 491 objicitur,
1605 440 1719 491 quod
1742 451 1826 479 non
1848 443 2032 491 augetur
2049 444 2280 484 secundum
2303 446 2398 486 sub-

1370 511 1567 550 stantiam
1585 524 1593 549 :
1610 522 1762 550 verum
1782 513 1858 560 est,
1884 511 1918 550 si
1938 512 2044 552 dicat
2064 514 2298 555 terminum
2318 517 2398 557 for-

1370 581 1524 622 malem
1559 594 1568 621 :
1603 582 1673 622 sed
1710 594 1821 633 non,
1856 583 1890 622 si
1922 582 2021 623 dicit
2055 584 2288 626 terminum
2324 600 2397 640 per

1369 653 1575 693 accidens.

1423 727 1461 764 4.
1493 725 1557 765 Ad
1581 724 1686 764 illud
1712 725 1825 776 quod
1850 725 2069 777 objicitur,
2098 741 2117 764 «
2144 727 2258 779 quod
2286 741 2396 782 aug-

1370 798 1584 836 mentatur
1598 796 1831 836 secundum
1845 797 2137 849 substantiam,
2152 801 2193 839 01
2207 802 2397 842 mutatur

1369 867 1602 908 secundum
1639 867 1938 918 substantiam,
1974 883 1992 905 ›)
2036 869 2260 911 dicendum
2296 873 2397 924 quia

1368 939 1430 979 rei
1461 951 1547 980 non
1574 941 1742 978 tantum
1770 941 1831 979 051
1862 951 1950 980 0550
1981 941 2256 982 substantiale
2276 975 2286 993 ,
2325 945 2396 985 sed

1369 1011 1496 1051 etiam
1514 1010 1747 1062 perfectum
1761 1022 1862 1051 esse.
1880 1010 2033 1051 Mutari
2044 1024 2147 1064 ergo
2161 1014 2395 1055 secundum

1369 1082 1667 1129 substantiam,
1688 1081 1769 1122 hoc
1789 1084 1923 1134 potest
1945 1095 2034 1123 esse
2053 1083 2275 1136 dupliciter
2297 1100 2305 1126 ε
2328 1086 2397 1127 vel

1368 1156 1559 1206 respectu
1579 1166 1667 1193 esse
1687 1153 1952 1206 simpliciter,
1972 1156 2012 1194 et
2029 1155 2086 1194 sic
2104 1158 2319 1197 mutatum
2336 1161 2398 1198 est

1369 1225 1505 1275 aliud,
1529 1228 1568 1264 ct
1596 1225 1733 1274 aliud3
1764 1225 1830 1265 vel
1858 1228 2050 1278 respectu
2083 1238 2171 1267 esse
2202 1228 2394 1279 perfecti,

1368 1297 1468 1349 quia
1487 1310 1587 1337 cum
1612 1297 1662 1337 de
1692 1297 1935 1349 imperfecto
1960 1298 2007 1337 fit
2032 1298 2288 1350 perfectum,
2310 1313 2397 1341 non

1369 1372 1429 1409 est
1447 1369 1573 1418 aliud,
1591 1369 1804 1409 sedidem.
1826 1368 1874 1408 Et
1891 1368 1989 1408 hinc
2006 1371 2067 1408 est
2081 1369 2181 1421 quia
2196 1370 2394 1421 charitas,

1368 1441 1565 1493 quamvis
1591 1441 1922 1481 substantialiter
1953 1444 2188 1493 augeatur,
2223 1454 2309 1482 non
2337 1446 2398 1484 est

1368 1512 1472 1560 alia,
1506 1513 1576 1552 sed
1613 1512 1759 1552 eadem
1795 1511 2030 1552 secundum
2065 1513 2345 1554 substantiam
2384 1526 2393 1553 :

1368 1584 1482 1624 unde
1499 1596 1585 1624 non
1604 1584 1714 1624 valet
1732 1583 1927 1635 objectio.

1729 1735 1965 1787 QUAESTIO
1994 1736 2045 1778 ΙΙ.

1438 1841 1499 1876 Αη
1519 1840 1686 1877 Charitas
1706 1840 1837 1886 seipsa,
1860 1840 1916 1876 vel
1936 1838 2083 1875 aliunde
2102 1841 2278 1884 augeatur
2296 1839 2322 1874 2.

1418 1944 1475 1985 De
1506 1942 1630 1983 modo
1664 1941 1887 1993 augmenti
1918 1940 2050 1993 ipsius
2084 1940 2317 1990 charitatis3
2354 1943 2395 1981 et

1364 2016 1477 2070 quod
1497 2018 1781 2067 augmentum
1808 2014 1900 2065 ejus
1926 2013 1980 2052 sit
2002 2011 2185 2060 aliunde,
2208 2011 2391 2052 ostendi-

1364 2091 1434 2128 tur
1450 2099 1525 2140 per
1546 2084 1880 2137 Augustinum3,
1909 2082 1983 2135 qui
2000 2083 2098 2122 dicit
2117 2082 2230 2134 quod
2249 2082 2390 2122 chari-

1363 2162 1426 2200 tas
1448 2161 1635 2198 meretur
1655 2155 1803 2208 augeri
1824 2170 1832 2196 ε
1859 2154 1929 2194 sed
1952 2154 2066 2207 quod
2086 2154 2238 2206 aliquis
2253 2166 2392 2194 mere—

1362 2234 1447 2282 tur,
1469 2230 1594 2270 habet
1612 2228 1667 2269 ab
1688 2228 1769 2268 alio
1788 2239 1918 2279 quam
1938 2238 1962 2266 a
1980 2238 2023 2266 se
2041 2240 2048 2266 :
2076 2238 2179 2277 ergo
2200 2226 2234 2265 si
2255 2225 2394 2265 chari-

1363 2306 1426 2343 tas
1474 2304 1661 2342 merctur
1709 2300 1993 2351 augmentum
2007 2329 2016 2346 ,
2076 2297 2203 2337 habet
2250 2297 2393 2349 ipsum

1362 2375 1547 2416 aliunde.

1418 2447 1536 2497 Item,
1572 2445 1685 2498 quod
1724 2444 2028 2495 augmentetur
2058 2453 2132 2494 per
2163 2440 2392 2493 appositio-

1364 2531 1486 2568 nem,
1522 2517 1689 2557 videtur
1720 2527 1795 2567 per
1828 2513 2038 2553 rationem
2057 2526 2066 2552 :
2107 2515 2391 2563 augmentum

1364 2590 1478 2630 enim
1510 2592 1571 2629 est
1611 2585 1918 2641 praeexistentis
1951 2583 2196 2637 quantitatis
2229 2583 2390 2623 addita-

1365 2664 1559 2702 mentum
1574 2660 1587 2681 ¹‘
1605 2674 1613 2700 ς
1642 2671 1745 2710 ergo
1763 2657 1837 2698 ubi
1855 2659 1916 2697 est
1934 2657 2233 2708 augmentum,
2253 2655 2313 2695 ibi
2333 2659 2393 2696 est

1365 2732 1570 2787 oppositio
1597 2731 1777 2783 alicujtls
1804 2728 1993 2781 ejusdem
2025 2726 2222 2779 generis:
2255 2729 2295 2767 01
2318 2727 2393 2767 ubi

1365 2804 1584 2858 appositio,
1606 2802 1665 2842 ibi
1681 2801 1836 2842 additio
1857 2815 1865 2840 :
1885 2811 2004 2851 ergo,
2027 2801 2104 2839 etc.

1421 2876 1540 2924 Item,
1557 2875 1637 2915 hoc
1653 2873 1823 2914 videtur
1837 2883 1957 2924 posse
1971 2869 2132 2910 ostendi
2148 2881 2224 2922 per
2240 2868 2391 2919 simile,

1366 2948 1479 3001 quod
1498 2946 1680 2987 charitas
1696 2947 1756 2985 est
1773 2945 1817 2983 in
1831 2943 1986 2992 anima,
2003 2941 2110 2982 51001
2122 2941 2199 2982 lux
2211 2943 2256 2981 in
2270 2953 2365 2982 aere
2382 2955 2391 2982 :

1367 3020 1439 3060 sed
1463 3019 1539 3059 lux
1561 3018 1606 3058 in
1623 3029 1718 3057 aere
1736 3028 1822 3056 non
1841 3016 2026 3066 augetur
2044 3026 2118 3066 per
2137 3013 2394 3054 additionem

1368 3091 1469 3132 novi
1494 3089 1684 3137 luminis,
1705 3090 1753 3128 01
1771 3089 1899 3139 patet,
1921 3085 1956 3125 si
1973 3085 2049 3125 uni
2075 3085 2260 3125 candelae
2290 3085 2394 3124 illu-

1367 3163 1540 3203 minatae
1560 3159 1804 3213 supervenit
1824 3158 1931 3198 alia:
1956 3169 2059 3207 ergo
2079 3156 2177 3197 etin
2194 3155 2394 3196 charitate

1367 3235 1445 3276 erit
1465 3234 1655 3274 similiter
1673 3233 1866 3284 respectu
1885 3229 2053 3270 animae.

1368 3339 1651 3380 dist.xvix,princ.
1662 3346 1699 3378 11,
1709 3347 1741 3379 q.
1755 3346 1779 3369 1.
1792 3339 1854 3369 art.
1866 3336 2075 3377 13Richard.‚
2087 3338 2095 3367 1
2108 3335 2213 3374 Seni„
2224 3334 2394 3375 distxvn,

1367 3398 1400 3429 q.
1416 3396 1452 3427 11,
1465 3390 1527 3418 art.
1544 3386 1712 3427 33Thom.
1729 3388 1824 3426 Arg„
1836 3387 1847 3417 1
1860 3386 1965 3424 Seni„
1980 3384 2056 3416 dist.
2072 3391 2155 3423 xvii,
2170 3392 2203 3422 q.
2218 3389 2261 3421 11,
2279 3384 2342 3412 art.
2357 3384 2392 3421 2,·

1368 3438 1468 3476 Greg.
1494 3434 1805 3474 Arimin„1Sent.,
1827 3433 1903 3464 dist.
1928 3440 2012 3473 xvu,
2035 3441 2069 3473 q.
2094 3439 2147 3471 V13
2174 3429 2275 3460 Gabr.
2302 3429 2393 3470 Biel,

1369 3484 1379 3514 1
1399 3483 1501 3520 Seni„
1518 3482 1595 3513 dist.
1614 3490 1703 3525 xxju,
1722 3491 1754 3523 q.
1784 3489 1844 3513 vn.
1867 3480 1933 3503 —3
1947 3482 2047 3521 Aug„
2073 3478 2117 3510 acl
2141 3477 2265 3518 Bonis„
2286 3477 2393 3518 Epist.

1367 3539 1441 3571 ccv,
1462 3530 1504 3562 al.
1522 3537 1696 3571 cmxxxix,
1717 3539 1752 3563 n.
1770 3531 1802 3563 2.
1817 3529 1883 3553 —10
1896 3528 2011 3569 Arist.,
2024 3527 2063 3559 de
2081 3526 2211 3565 Gener„
2232 3526 2324 3558 cont.
2339 3526 2391 3557 31.

2443 1960 2555 1989 Funda-

2414 2005 2517 2030 menta.
