2613 3990
132 693 269 722 Fundam.

121 2857 165 2885 Ad
179 2866 248 2894 opp.

950 248 1077 289 DlsT.
1105 248 1224 290 XXV.
1254 248 1374 291 ART.
1406 249 1457 290 II.
1489 247 1685 298 QUAEST.
1717 249 1748 289 1.

654 411 889 461 QUAESTIO
919 410 951 451 Ι.

291 517 352 554 An
389 529 511 554 nomen
554 521 708 555 Persona
752 520 801 553 sit
832 528 1009 554 commune
1042 519 1203 564 personis
1252 520 1311 554 in-

715 575 882 614 creatis&

343 692 461 741 Quod
480 693 559 733 hoe
585 704 761 742 nomen,
784 692 979 742 Persona,
1000 691 1052 731 sit
1071 703 1169 732 vere
1193 703 1312 732 com-

290 775 420 804 mune
441 763 629 816 personis
645 762 853 813 increatis,
877 763 1112 804 ostenditur
1128 775 1202 816 per
1220 764 1312 804 Au-

289 835 526 886 gustinum,
542 834 613 875 VII
629 834 679 876 de
698 835 910 877 Trinitate
930 839 943 860 2
963 846 972 874 :
994 834 1134 882 «Ideo,
1158 834 1309 887 inquit,

287 907 486 948 dicuntur
516 910 600 948 tres
625 919 841 960 personae,
871 907 971 960 quia
995 919 1220 947 commune
1251 910 1312 947 est

287 977 369 1026 eis,
399 978 511 1031 quod
535 980 596 1018 est
626 990 803 1031 persona
829 991 838 1018 :
860 979 931 1019 sed
949 980 1108 1018 constat
1126 978 1240 1030 quod
1260 978 1311 1018 ad

286 1048 636 1101 plurificationem
656 1060 741 1089 nou
766 1049 921 1089 sufficit
938 1048 1218 1088 communitas
1238 1061 1312 1089 no—

287 1119 413 1159 minis
429 1119 566 1159 solum
587 1131 692 1172 ergo
707 1134 715 1160 z
730 1131 829 1161 vere
846 1122 908 1160 est
918 1131 1145 1160 commune
1163 1131 1312 1159 secun-

285 1190 387 1231 dum
405 1202 511 1230 rem.

337 1261 440 1302 Item
476 1261 555 1302 1100
592 1261 732 1315 ipsum
775 1261 946 1303 videtur
983 1261 1144 1301 ratione
1159 1293 1168 1311 ,
1207 1261 1307 1314 quia

283 1346 409 1373 omne
435 1345 591 1373 nomen
617 1333 730 1386 quod
755 1333 903 1386 recipit
930 1345 1058 1385 supra
1086 1345 1128 1373 se
1154 1345 1310 1373 nomen

281 1405 601 1445 distributivum
619 1437 629 1454 ,
659 1407 721 1444 θεῖ
741 1417 840 1445 vere
861 1417 1087 1445 commune
1106 1404 1157 1444 ad
1177 1404 1246 1444 illa
1264 1404 1309 1444 in

281 1489 378 1529 quae
409 1476 675 1517 distribuitur
704 1488 714 1516 ι
742 1476 813 1516 sed
844 1476 925 1516 tale
951 1479 1012 1516 est
1030 1476 1110 1516 hoc
1136 1488 1306 1525 nomen,

283 1548 465 1590 Persona
485 1563 499 1589 .·
516 1560 620 1599 ergo
637 1550 699 1588 est
715 1560 941 1588 commune
962 1548 1013 1587 ad
1032 1551 1130 1588 tres.

335 1619 454 1669 Item,
477 1631 602 1659 omne
633 1619 743 1671 quod
764 1619 1000 1659 secundum
1019 1619 1132 1659 idem
1152 1631 1308 1659 nomen

281 1694 322 1732 et
350 1691 584 1732 secundum
615 1691 806 1731 eamdem
838 1690 1045 1730 rationem
1078 1690 1231 1731 dicitur
1258 1691 1308 1732 de

282 1762 498 1816 pluribus,
529 1765 591 1803 est
618 1774 717 1803 vere
748 1774 975 1802 commune
1006 1762 1058 1802 ad
1093 1762 1163 1802 illa
1197 1777 1206 1803 z
1237 1763 1308 1803 sed

281 1846 460 1887 persona
480 1836 541 1874 est
561 1834 805 1886 hujusmodi
829 1846 838 1873 ε
857 1846 976 1886 ergo,
998 1836 1076 1874 etc.

334 1905 465 1955 Item,
487 1918 585 1947 cum
613 1905 706 1947 dico
730 1920 738 1946 ε
765 1920 784 1944 α
820 1905 941 1946 Pater
971 1907 1030 1946 θεῖ
1054 1917 1254 1958 persona,
1284 1919 1303 1942 »

280 1977 362 2018 1100
385 1989 556 2026 nomen,
578 1978 779 2028 Persona,
799 1977 1055 2030 praedicatur
1077 1992 1085 2014 t
1109 1980 1182 2017 aut
1204 1988 1308 2028 ergo

281 2052 481 2101 tanquam
503 2061 577 2089 ens
594 2048 644 2089 de
662 2049 824 2088 ratione
847 2047 994 2098 Patris,
1013 2050 1086 2088 aut
1102 2050 1307 2100 tanquam

279 2120 532 2161 accidentale
556 2134 564 2160 ε
587 2122 749 2160 constat
767 2119 879 2172 quod
897 2131 983 2159 non
1009 2122 1215 2172 tanquam
1235 2132 1308 2160 ac-

278 2192 482 2232 cidentale
506 2206 514 2232 :
535 2203 639 2243 ergo
659 2194 862 2244 tanquam
888 2203 962 2231 ens
981 2191 1031 2231 de
1047 2191 1208 2231 ratione
1230 2190 1306 2231 Pa-

279 2262 353 2302 tris
376 2277 384 2303 ;
407 2264 480 2302 aut
509 2274 611 2314 ergo
641 2262 740 2302 dicit
767 2264 905 2302 totum
934 2261 1048 2314 quod
1081 2265 1142 2302 θεῖ
1173 2261 1305 2311 Pater,

278 2335 352 2374 aut
370 2345 457 2373 non
479 2347 488 2373 :
515 2333 549 2373 si
570 2335 707 2373 totum
725 2364 733 2382 ,
758 2333 865 2373 sicut
885 2345 988 2385 ergo
1010 2332 1130 2373 Pater
1151 2334 1308 2386 praedi-

278 2406 397 2444 catur
426 2404 477 2444 de
505 2403 591 2444 solo
620 2403 741 2444 Patre
759 2435 768 2453 ,
797 2404 854 2444 ita
886 2407 926 2445 et
950 2416 1129 2457 persona
1157 2419 1165 2445 :
1194 2406 1305 2458 quod

278 2476 431 2516 falsum
451 2479 512 2516 est
542 2488 551 2516 z
582 2488 685 2528 ergo
710 2488 798 2516 non
818 2476 913 2518 dicit
941 2480 1075 2518 totum
1097 2490 1107 2517 :
1139 2490 1242 2530 ergo
1262 2478 1307 2518 in

277 2547 373 2600 plus
391 2549 453 2587 θεῖ
470 2547 563 2598 1100,
583 2547 696 2600 quod
717 2550 778 2588 est
796 2560 990 2601 persona,
1007 2561 1135 2601 quam
1156 2548 1277 2590 Pater
1295 2565 1303 2591 :

277 2621 317 2658 et
335 2618 378 2658 in
400 2618 495 2671 plus
520 2619 632 2670 quod
659 2621 719 2658 θεῖ
739 2619 788 2659 de
815 2619 978 2660 ratione
1006 2619 1155 2670 Patris,
1179 2623 1219 2660 et
1246 2621 1306 2660 si-

278 2689 432 2730 militer
447 2689 497 2730 de
523 2690 683 2730 ratione
703 2689 799 2730 Filii
824 2705 832 2730 :
854 2702 958 2742 ergo
978 2694 1040 2731 θεῖ
1072 2703 1171 2732 vere
1190 2703 1307 2731 com—

278 2772 442 2802 mune„

331 2833 481 2873 Contra
513 2844 522 2872 :
560 2836 607 2871 I.·
629 2831 761 2873 Omne
793 2844 1018 2873 commune
1051 2833 1103 2874 ad
1133 2833 1303 2886 aliqua,

277 2904 389 2956 quod
407 2906 658 2944 numeratur
675 2903 719 2942 iu
738 2903 834 2953 illis,
856 2907 916 2944 θεῖ
937 2917 1034 2945 vere
1064 2905 1305 2946 universale

278 2976 330 3016 ad
346 2975 430 3026 illa,
452 2975 639 3016 maxime
659 2974 691 3014 si
712 2987 799 3014 non
818 2975 972 3016 dicitur
995 2976 1305 3018 accidentaliter

277 3046 327 3087 de
347 3046 453 3097 illis;
478 3047 560 3087 hoc
576 3048 703 3099 patet,
732 3046 831 3098 quia
853 3047 1124 3099 Augustinus
1142 3047 1305 3089 dicebat

277 3129 405 3170 supra
423 3119 450 3168 ³,
471 3118 584 3171 quod
604 3130 691 3158 non
711 3118 764 3157 ob
784 3117 899 3158 aliud
926 3119 1104 3159 essentia
1131 3132 1216 3160 non
1243 3124 1305 3160 θεῖ

279 3189 516 3230 universale
537 3221 547 3240 ,
582 3189 664 3229 11151
697 3189 810 3242 quod
848 3201 934 3229 non
967 3193 1221 3231 numeratur
1255 3192 1302 3232 in

320 3320 397 3360 1Cf.
421 3320 515 3351 Alex.
534 3320 683 3361 AIensis,
704 3331 739 3362 p.
761 3322 770 3352 Ι
788 3346 797 3361 ,
824 3330 857 3362 q.
872 3329 950 3362 LVI,
976 3323 1103 3356 memb.
1120 3325 1155 3364 4,
1182 3326 1244 3355 art.
1260 3325 1299 3364 23

276 3368 310 3399 S.
328 3368 465 3407 Thom.,
483 3377 516 3408 p.
534 3369 569 3409 I,
590 3378 622 3409 q.
638 3377 728 3407 xxx,
749 3373 810 3400 art.
830 3371 867 3408 43
897 3371 929 3400 et
950 3370 960 3400 I
986 3370 1090 3411 Seni„
1117 3371 1193 3403 dist.
1211 3379 1300 3410 xxv,

275 3424 307 3455 q.
325 3423 348 3454 1,
366 3417 427 3446 art.
444 3417 481 3454 33
504 3418 536 3446 et
554 3416 594 3446 cle
615 3416 756 3455 Poterit„
777 3426 808 3457 q.
826 3424 900 3456 VIII,
919 3419 980 3448 art.
997 3418 1037 3458 33
1059 3419 1171 3459 AEgicl.
1186 3419 1297 3458 Rom„

276 3465 287 3494 I
308 3464 412 3502 Scnt.,
431 3463 508 3494 dist.
523 3471 610 3504 xxv,
631 3474 662 3505 q.
685 3473 716 3505 13
749 3464 920 3501 thebani„
952 3466 960 3495 l
983 3465 1088 3505 Sent.‚
1119 3466 1194 3497 (list.
1209 3473 1297 3506 xxv,

274 3512 337 3541 art.
352 3513 383 3548 2,
399 3519 432 3551 q.
446 3518 475 3550 13
493 3511 612 3542 Thom.
630 3514 722 3553 Arg„
745 3513 751 3543 l
771 3512 875 3552 Sent„
894 3511 971 3542 dist.
987 3519 1067 3552 XXV,
1090 3522 1123 3553 q.
1142 3521 1164 3552 I,
1179 3516 1240 3544 art.
1258 3517 1295 3553 13

275 3557 442 3589 Massilius
467 3559 621 3599 Inguen„
654 3559 664 3589 I
686 3559 791 3598 Sent„
812 3568 844 3599 q.
865 3566 998 3599 XXVIII,
1019 3562 1082 3591 art.
1103 3562 1144 3600 23
1177 3560 1294 3601 Steph.

2334 257 2410 295 too

1388 338 1676 391 singularibus
1696 351 1706 379 z
1727 338 1761 379 si
1781 350 1884 390 ergo
1905 350 2083 392 persona
2102 345 2163 382 θεῖ
2183 354 2409 383 commune

1386 410 1437 450 ad
1457 412 1552 459 11θε,
1571 412 1612 450 θῖ
1630 410 1808 450 111ῖθ11115
1820 412 2072 451 numeratur
2090 412 2179 453 sive
2196 413 2409 465 plurifica-

1385 483 1455 521 tur
1474 481 1519 521 in
1541 481 1636 532 illis,
1662 494 1764 534 ergo
1784 484 1844 522 est
1862 482 2104 523 universale
2129 496 2138 524 :
2161 496 2264 536 ergo
2283 485 2327 525 111
2344 486 2410 526 di-

1385 552 1497 593 vinis
1518 556 1578 593 est
1597 565 1751 605 ponere
1766 553 2003 595 universale
2025 568 2033 594 :
2057 554 2169 607 quod
2190 558 2249 595 est
2268 559 2411 597 contra

1385 625 1751 678 praedeterminata
1777 628 1817 666 et
1838 629 1983 672 contra
2009 627 2314 679 Augustinum,
2337 629 2407 681 qui

1384 696 1476 737 vult
1495 700 1508 721 '⁸
1528 697 1639 749 quod
1654 697 1697 737 111
1718 697 1869 738 divinis
1890 710 1977 738 non
1997 698 2049 738 sit
2066 698 2319 751 universale,
2336 712 2411 740 11ρο

1384 768 1649 820 particulare.

1437 842 1476 880 2.
1499 839 1600 880 Item
1634 839 1741 880 nihil
1769 843 1830 881 θεῖ
1861 853 2107 893 commune,
2129 842 2241 895 quod
2267 842 2316 883 de
2336 855 2412 884 sua

1383 911 1545 951 ratione
1573 914 1612 952 et
1643 912 1814 953 nomine
1847 913 1987 965 privat
2018 914 2365 955 communitatem
2400 929 2407 955 :

1383 981 1453 1021 sed
1481 994 1659 1034 persona
1685 983 1783 1023 dicit
1810 983 2081 1024 individuum
2097 1017 2106 1033 ,
2137 985 2226 1026 sive
2246 985 2410 1025 incom-

1383 1053 1661 1105 municabile,
1696 1054 1746 1094 de
1778 1054 1939 1095 ratione
1973 1055 2038 1095 sui
2073 1056 2258 1096 nominis
2295 1069 2305 1096 :
2341 1068 2411 1097 er-

1383 1135 1453 1175 go,
1478 1127 1561 1165 θῖθ.

1437 1198 1475 1236 3.
1506 1196 1608 1237 item
1624 1229 1633 1247 ,
1672 1209 1799 1238 omne
1833 1198 1944 1251 quod
1984 1198 2137 1239 (licitur
2175 1198 2410 1239 secundum

1382 1266 1675 1319 substantiam,
1698 1272 1738 1309 et
1755 1271 1815 1309 est
1832 1281 2073 1320 commune,
2096 1269 2246 1310 dicitur
2264 1281 2411 1310 secun-

1383 1337 1486 1378 dum
1523 1340 1800 1380 substantiam
1834 1352 2106 1380 communem
2146 1355 2155 1380 2
2198 1340 2269 1380 sed
2304 1339 2410 1379 nihil

1382 1409 1496 1460 quod
1512 1409 1664 1451 dicitur
1679 1412 1914 1452 secundum
1927 1412 2205 1452 substantiam
2221 1424 2409 1452 commu-

1382 1492 1496 1531 nem,
1517 1481 1781 1534 plurificatur
1804 1496 1813 1523 :
1831 1495 1934 1535 ergo
1951 1496 2130 1536 persona
2149 1495 2235 1523 non
2248 1483 2410 1536 plurifi-

1382 1554 1501 1591 catur
1532 1567 1540 1593 :
1565 1557 1724 1594 constat
1756 1556 1898 1595 autem
1929 1554 2042 1607 quod
2070 1554 2349 1607 plurificatur,
2371 1556 2411 1594 et

1381 1624 1522 1662 tamen
1540 1623 1693 1664 dicitur
1712 1625 1947 1665 secundum
1973 1625 2250 1665 substantiam
2273 1638 2282 1665 :
2306 1637 2408 1677 ergo

1380 1707 1466 1735 11011
1487 1696 1586 1736 dicit
1604 1697 1705 1749 quid
1725 1710 1964 1739 commune.

1434 1769 1472 1807 4.
1496 1767 1614 1819 Item,
1637 1769 1671 1808 si
1688 1769 1785 1810 dicit
1801 1770 1903 1822 quid
1920 1782 2162 1822 commune,
2182 1774 2255 1812 aut
2276 1772 2411 1813 nomi-

1381 1836 1447 1877 nis
1472 1840 1634 1879 tantum
1650 1872 1660 1890 ,
1679 1843 1752 1880 aut
1768 1841 1954 1881 nominis
1973 1844 2013 1882 et
2033 1841 2206 1882 rationis
2225 1844 2406 1894 tantum,

1381 1909 1454 1947 aut
1479 1909 1664 1950 nominis
1679 1942 1689 1961 ,
1724 1913 1764 1951 et
1788 1911 1964 1953 rationis
1979 1944 1989 1962 ,
2009 1915 2049 1953 et
2067 1913 2128 1953 rei
2151 1927 2159 1953 ε
2186 1912 2219 1953 51
2242 1915 2409 1955 tantum

1381 1980 1592 2032 nominis,
1622 1994 1726 2034 ergo
1757 1985 1818 2023 est
1844 1983 2125 2036 aequivocatio
2157 1998 2165 2024 :
2193 1996 2296 2036 ergo
2321 1996 2409 2026 non

1381 2054 1442 2092 est
1457 2064 1684 2094 commune
1698 2068 1707 2104 3
1727 2054 1761 2093 si
1781 2056 1948 2094 tantum
1963 2054 2148 2095 nominis
2165 2057 2204 2095 et
2217 2056 2406 2105 rationis,

1381 2122 1438 2163 ita
1459 2124 1573 2176 quod
1604 2124 1713 2164 nihil
1742 2127 1803 2165 est
1824 2137 2052 2166 commune
2077 2126 2121 2166 in
2140 2139 2199 2176 re,
2225 2139 2328 2179 ergo
2348 2130 2409 2168 θεῖ

1381 2195 1638 2247 analogum3
1671 2197 1705 2236 si
1737 2209 1838 2237 vero
1869 2197 2076 2248 11011111115,
2099 2200 2140 2238 θῖ
2158 2198 2345 2249 rationis,
2367 2201 2408 2239 et

1380 2266 1467 2317 101,
1491 2270 1531 2307 et
1559 2267 1842 2308 communitas
1872 2268 1998 2308 realis
2014 2301 2023 2319 ,
2047 2271 2094 2309 11ῖ
2119 2270 2211 2310 vult
2237 2269 2406 2310 Damas-

1381 2349 1510 2378 cenus
1528 2339 1554 2387 ⁵,
1575 2351 1660 2379 11011
1682 2342 1743 2379 θεῖ
1760 2338 1841 2378 nisi
1859 2340 2142 2380 communitas
2161 2340 2406 2382 substantiae

1381 2412 1420 2449 et
1442 2413 1620 2459 naturae,
1642 2413 1683 2451 et
1700 2410 1792 2451 haec
1817 2410 1935 2451 nullo
1966 2411 2089 2452 modo
2110 2411 2372 2464 plurificatur
2394 2427 2402 2453 ε

1380 2492 1482 2532 ergo
1499 2481 1577 2521 1100
1591 2493 1764 2533 nomen,
1783 2482 1980 2534 Persona,
1997 2483 2115 2524 nullo
2128 2483 2253 2524 modo
2274 2487 2406 2537 potest

1380 2563 1467 2592 esse
1486 2564 1727 2593 commune.

1741 2721 2040 2764 CONCLUSIO.

1378 2833 1538 2868 Personae
1568 2843 1693 2868 nomen
1735 2835 1783 2868 est
1820 2843 1898 2868 vere
1935 2844 2110 2869 commune
2143 2835 2306 2880 personis
2343 2836 2403 2870 inu

1426 2893 1554 2927 creatis
1578 2902 1591 2927 .·
1626 2903 1704 2937 quoe
1730 2894 1962 2928 communitas
1991 2904 2067 2928 cum
2102 2895 2151 2929 sit
2180 2894 2320 2929 diversa
2358 2894 2402 2928 ab

1427 2962 1467 2987 ea
1487 2962 1565 2997 quoe
1591 2955 1641 2987 est
1660 2953 1791 2988 divinae
1811 2954 1983 2996 essentne,
2006 2953 2096 2989 dicit
2115 2955 2402 2989 communitatem

1421 3012 1644 3056 privationis
1665 3015 1697 3046 et
1721 3013 1977 3057 proportionis.

1431 3121 1553 3175 Resp.
1570 3123 1621 3162 ad
1639 3123 1743 3174 Arg.
1765 3123 1828 3163 Ad
1846 3123 2148 3176 praedictorum
2167 3124 2402 3176 intelligen-

1376 3192 1479 3233 tiam
1518 3196 1579 3234 est
1602 3193 1853 3243 notandum,
1889 3195 2001 3247 quod
2035 3208 2212 3248 persona
2243 3196 2400 3248 absque

1376 3264 1505 3305 dubio
1523 3267 1584 3304 θεῖ
1601 3265 1842 3306 00111111111115
1860 3266 2012 3316 tribus,
2037 3269 2076 3307 et
2097 3267 2275 3307 essentia
2289 3279 2400 3307 com¹

1376 3370 1514 3410 Brulef.‚
1534 3371 1545 3401 I
1567 3371 1672 3410 Sent„
1693 3370 1771 3402 dist.
1789 3379 1875 3412 xxv,
1906 3382 1938 3414 q.
1957 3380 2011 3412 1v3
2040 3374 2157 3404 Petrus
2183 3373 2224 3404 de
2248 3374 2398 3414 Tarant„

1374 3419 1385 3449 I
1407 3418 1514 3457 Sent.,
1542 3418 1617 3450 dist.
1635 3426 1723 3456 xxv,
1745 3428 1776 3460 q.
1793 3428 1829 3452 II.
1849 3437 1887 3442 —
1906 3421 1916 3438 ²
1933 3422 2032 3462 Aug.,
2053 3420 2092 3451 [le
2113 3421 2216 3460 Trin„
2236 3421 2293 3452 lib.
2317 3422 2396 3462 VII,

1374 3475 1402 3496 0.
1423 3473 1469 3505 IV,
1489 3474 1522 3496 11.
1539 3467 1620 3497 9.-
1633 3466 1645 3487 3
1661 3466 1743 3497 Dist.
1759 3475 1858 3499 XVIII.
1877 3485 1906 3491 ψ-
1928 3468 2050 3507 ³Aug„
2068 3467 2107 3498 de
2129 3469 2231 3508 Trz'n„
2251 3468 2308 3499 lib.
2324 3470 2396 3508 Vll,

1373 3522 1400 3544 0.
1417 3520 1466 3553 VI,
1481 3522 1515 3544 11.
1534 3516 1584 3544 11.
1599 3531 1638 3535 -
1652 3514 1664 3535 5
1676 3514 1775 3546 Joan.
1794 3516 1963 3555 Damaso„
1984 3515 2024 3546 cle
2044 3515 2124 3546 Fide
2136 3515 2279 3554 orthod„
2296 3515 2353 3547 lib.
2370 3516 2394 3556 I,

1372 3570 1402 3591 0.
1417 3567 1465 3600 XI,
1485 3560 1519 3591 in
1534 3560 1613 3592 fine.
