2570 3986
1127 227 1306 270 SECTIO
1337 228 1368 269 I.
2176 246 2313 275 xxxix

192 320 418 362 secationis
441 320 537 372 lege
564 319 836 368 deducimus,
870 317 1179 370 Ceniiloquium
1202 319 1327 371 Juxta
1343 350 1353 366 ,
1381 330 1429 358 ac
1455 319 1773 373 Breviloquium
1795 319 2104 362 Bonaventurae
2121 335 2310 364 asseren-

190 393 296 433 dum
322 403 427 432 esse.
455 390 639 433 Seorsim
667 389 827 430 editum
847 389 925 430 suit
944 388 1115 429 Parisiis
1131 401 1206 442 per
1227 389 1435 430 Joannem
1462 388 1594 438 Petit,
1621 390 1765 440 in-16,
1793 392 1910 432 1538.
1940 390 2142 433 Servatur
2167 397 2311 435 autem

194 463 270 504 Ms.
290 463 335 503 in
352 462 546 504 Biblioth.
574 460 798 502 Monaster.
820 460 1106 501 Murbacensis
1124 459 1170 500 in
1189 460 1377 508 Alsacia,
1401 460 1607 501 referente
1634 461 1948 503 Montfauconio
1968 462 2012 502 in
2033 462 2134 503 Bibl.
2156 463 2311 506 Biblio-

191 534 436 585 thecarum,
457 537 560 574 tom.
582 535 630 583 2,
651 543 750 584 pag.
773 533 877 572 1175
892 562 902 581 ‚
926 531 1004 572 col.
1027 534 1066 571 2.

266 694 352 736 VII.
383 695 439 736 De
455 692 753 735 Ecclesiastica
771 692 1039 735 Hierarchia.
1062 691 1202 734 Princ.
1221 692 1471 734 Invisibilia
1493 692 1569 734 Dei
1583 703 1659 746 per
1677 704 1726 735 ea
1744 703 1838 746 ‹111oe
1859 693 1973 744 facia
1991 696 2115 744 suni,
2138 695 2217 735 etc.

244 819 374 861 Sileni
396 828 544 858 omnes
561 816 614 857 ad
631 829 770 857 unum
796 816 1053 870 ScriptoreS,
1078 828 1156 857 nec
1172 816 1462 858 Hierarchiam
1486 816 1818 858 Ecclesiasticam
1837 817 1882 857 in
1904 816 2150 870 Catalogum
2171 817 2312 858 Bona-

192 894 384 932 venturae
404 888 589 942 Operum
613 890 814 929 referunt.
844 887 924 929 Sed
950 900 1074 939 cave,
1100 901 1155 929 ne
1181 901 1235 929 ex
1259 889 1339 929 hoc
1366 887 1629 941 Scriptorum
1657 888 1822 928 silentio
1849 889 2004 929 inferas
2020 921 2030 939 ,
2065 888 2313 942 hujusmodi

189 960 450 1015 opusculum
472 960 583 1000 inter
608 959 871 1012 supposititia
895 960 1212 999 numerandum
1241 971 1330 1000 esse
1351 974 1360 999 z
1389 971 1490 999 nam
1507 992 1517 1008 ,
1543 962 1591 999 ut
1618 960 1726 999 inter
1754 972 1900 1000 omnes
1927 960 2146 1011 convenit,
2177 972 2310 1012 argu—

189 1035 384 1073 mentum
405 1044 459 1072 ex
478 1031 642 1071 silentio
668 1031 847 1084 petitum
868 1033 962 1071 tum
984 1031 1158 1071 minime
1184 1031 1295 1071 valet
1311 1063 1321 1081 ,
1350 1043 1448 1071 cum
1474 1031 1661 1070 maxime
1687 1031 1920 1084 positivum
1946 1043 2099 1083 urgere
2128 1031 2309 1072 videtur.

188 1103 231 1146 Si
248 1115 344 1156 quae
364 1103 409 1142 in
427 1103 508 1143 hoc
527 1101 736 1155 Opusculo
755 1104 1079 1154 pertractantur,
1103 1115 1201 1142 cum
1220 1102 1270 1142 iis
1290 1103 1502 1149 conferas,
1525 1114 1621 1154 quee
1643 1114 1741 1142 cum
1768 1101 1812 1141 in
1834 1102 2125 1155 Breciloqzcl'o,
2149 1106 2242 1143 tum
2261 1103 2307 1143 in

191 1175 452 1227 Centl'loquio
470 1174 678 1226 disputata
698 1176 821 1224 sunt,
844 1186 892 1214 ea
910 1186 1045 1226 usque
1062 1173 1164 1213 adeo
1184 1174 1364 1226 aequalia
1384 1173 1589 1226 reperies,
1612 1176 1660 1213 ut
1678 1174 1809 1213 verba
1830 1174 1969 1213 verbis
1990 1174 2111 1226 quasi
2125 1174 2314 1215 dimensa

187 1249 228 1287 et
247 1246 366 1299 paria
388 1244 639 1298 respondere
659 1245 896 1285 videantur.
929 1244 1036 1294 Quid
1051 1277 1060 1294 ,
1091 1245 1204 1297 quod
1224 1245 1267 1285 in
1290 1245 1368 1285 hac
1390 1245 1676 1285 Ecclesiastica
1694 1244 1940 1285 Hierarchia
1959 1245 2118 1285 mentio
2138 1246 2185 1285 fit
2209 1245 2314 1286 Cen-

185 1316 383 1369 tiloquii‘?
413 1315 641 1356 Enimvero
670 1316 716 1356 in
745 1316 874 1369 primi
902 1317 1047 1370 capitis
1072 1316 1282 1357 vestibulo
1307 1317 1514 1368 leguntur
1539 1316 1617 1358 ista
1642 1331 1650 1356 ;
1676 1332 1695 1355 «
1718 1315 1859 1356 Primo
1881 1316 2016 1368 igitur
2038 1316 2088 1356 de
2109 1316 2314 1368 spirituali

184 1387 418 1428 substantia
436 1390 534 1442 actu
553 1390 593 1428 et
611 1387 798 1440 potentia
817 1400 841 1427 a
859 1388 1036 1428 materia
1056 1391 1246 1440 separata
1266 1391 1326 1428 est
1348 1387 1564 1439 agendum
1578 1420 1588 1438 ,
1615 1389 1737 1440 quus
1755 1388 2031 1440 proprietates
2051 1391 2091 1428 et
2111 1388 2314 1428 differen-

182 1459 261 1500 tias
282 1459 328 1499 in
346 1459 601 1512 praecedenti
625 1459 828 1511 opusculo
849 1459 1019 1499 traditas
1038 1459 1193 1511 poteris
1223 1458 1469 1511 diligent-ius
1490 1459 1660 1499 intueri.
1681 1473 1700 1495 >³
1726 1457 1856 1499 Porro
1880 1459 1922 1499 id
1944 1471 2159 1511 nusquam
2180 1459 2313 1499 fusius

184 1531 299 1584 egit,
331 1543 462 1584 quam
490 1531 535 1570 in
566 1530 821 1583 Ceniiloquii
843 1528 1110 1570 Sectionibus
1139 1530 1231 1571 XIII
1246 1563 1256 1581 ,
1279 1528 1383 1578 XIV,
1406 1529 1490 1578 XV,
1511 1529 1599 1571 XVI
1619 1562 1629 1580 ,
1650 1529 1759 1570 XVII
1782 1532 1823 1569 et
1843 1529 1987 1570 XVIII.
2016 1529 2178 1570 Similia
2197 1531 2311 1570 enim

182 1605 282 1643 sunt
305 1602 386 1652 ita,
411 1604 532 1642 utne
554 1601 689 1642 latum
711 1601 883 1654 quidem
911 1614 1104 1654 unguem
1130 1614 1154 1641 a
1182 1614 1225 1642 se
1253 1601 1438 1641 invicem
1463 1602 1713 1654 discrepent.
1745 1600 2030 1650 Quamobrem
2060 1602 2312 1642 adducimur

182 1674 306 1727 plane
322 1705 332 1724 ,
357 1675 404 1714 ut
422 1672 715 1713 existimemus
731 1705 741 1723 ,
775 1672 1120 1713 Bonaventuram
1139 1672 1182 1713 in
1206 1662 1319 1713 hisce
1341 1673 1709 1714 lucubrationibus
1736 1674 2004 1715 conficiendis
2027 1673 2141 1713 hunc
2165 1673 2310 1713 obser-

182 1757 303 1786 vasse
326 1744 543 1793 ordinem,
572 1747 621 1784 ut
648 1744 837 1797 primum
863 1745 1208 1798 Breviloquium,
1238 1748 1331 1785 tum
1362 1745 1696 1798 Ceniiloqzcium‚
1725 1748 1936 1799 postremo
1966 1745 2311 1787 Ecclesiasticam

182 1816 480 1858 Hierarchiam
498 1816 794 1869 composuerit.
818 1816 884 1856 Sic
904 1816 1018 1857 enim
1041 1819 1151 1857 inter
1172 1829 1214 1857 se
1239 1820 1338 1857 sunt
1361 1829 1553 1857 connexa
1568 1850 1577 1868 ,
1604 1820 1652 1858 ut
1675 1830 1812 1858 unum
1833 1817 1885 1858 ab
1907 1817 2037 1858 altero
2059 1829 2311 1869 promanare

181 1888 388 1930 videatur.
415 1887 534 1928 Ratio
552 1890 696 1928 autem
717 1887 923 1938 connexi,
950 1900 1047 1928 cum
1072 1889 1323 1929 concesseris
1348 1889 1542 1942 superius
1558 1921 1568 1939 ,
1594 1890 1707 1941 cogit
1727 1889 1904 1929 inferius
1927 1888 2166 1929 concedere.

235 1959 300 2000 Ad
320 1959 512 2012 ejusdem
540 1959 680 1999 varias
706 1958 1004 2012 impressiones
1025 1961 1138 2013 quod
1158 1961 1358 2014 pertinet,
1382 1973 1596 2014 nusquam
1616 1964 1725 2002 certe
1743 1993 1752 2010 ,
1775 1961 1888 2014 quod
1909 1960 2062 2010 sciam,
2083 1960 2309 2014 seiunctim

179 2031 320 2072 lucem
339 2030 470 2081 vidit3
495 2031 761 2084 conjunctim
780 2044 882 2072 vero
902 2031 1056 2084 prodiit
1076 2044 1173 2072 cum
1195 2032 1418 2085 Opusculis
1437 2032 1599 2073 ceteris.

234 2101 379 2143 Exstat
404 2114 573 2155 quoque
597 2102 670 2143 iis.
706 2103 817 2144 inter
848 2104 1011 2144 codices
1040 2102 1232 2144 Kenelmi
1255 2104 1442 2156 Digbaei,
1466 2104 1511 2144 in
1541 2103 1645 2144 Bihl.
1678 2103 1927 2154 Bodleiana3
1964 2116 2017 2144 ex
2052 2103 2178 2145 Catal.
2205 2103 2301 2144 Mss.

181 2173 362 2226 Angliae,
386 2176 489 2215 tom.
512 2186 541 2225 1,
559 2186 601 2227 p.
622 2186 650 2223 1,
672 2187 771 2228 pag.
797 2177 862 2226 78,
882 2187 925 2215 n.
949 2174 1216 2217 MDCXXXIV
1238 2190 1248 2217 t
1268 2177 1570 2218 Beneventum
1591 2176 1641 2218 cle
1658 2176 1821 2228 triplici
1842 2175 2112 2218 Hierarcliia.

406 2333 513 2375 VIII.
534 2335 593 2377 De
613 2338 770 2389 septem
787 2335 913 2379 donis
935 2336 1124 2390 Spiritus
1146 2336 1317 2380 Sancti.
1338 2337 1406 2378 Pr.
1433 2338 1560 2380 Omne
1580 2337 1728 2380 clatum
1749 2338 1972 2390 optimum,
1993 2338 2072 2377 etc.

233 2459 422 2502 Meminit
439 2460 698 2502 Trithemius
725 2462 771 2502 in
793 2461 964 2502 laudato
992 2462 1304 2504 Bonaventurae
1327 2463 1525 2516 Catalogo
1554 2477 1562 2504 :
1585 2462 1781 2503 meminit
1803 2475 1975 2516 quoque
1997 2462 2208 2512 Oudinus,
2233 2465 2307 2517 qui

178 2531 282 2573 illud
304 2532 484 2584 dignum
504 2535 624 2586 putat
642 2531 963 2585 Bonaventura,
985 2534 1020 2575 si
1039 2535 1245 2587 quasdam
1269 2547 1394 2576 voces
1413 2548 1437 2575 a
1456 2534 1572 2576 Latio
1595 2538 1682 2576 toto
1709 2534 1871 2575 dissitas
1892 2535 2143 2588 neutiquam
2171 2536 2305 2576 conti-

177 2606 309 2644 neret.
330 2603 391 2644 Ac
410 2616 464 2644 ne
482 2616 629 2644 omnes
645 2604 846 2646 barbaras
865 2618 990 2646 voces
1007 2606 1247 2655 recitemus,
1271 2607 1467 2647 omnium
1489 2607 1621 2647 instar
1637 2609 1724 2647 esto
1745 2619 1832 2647 vox
1850 2607 1929 2646 ista
1946 2608 2153 2658 ramifico,
2175 2619 2306 2659 quam

177 2686 221 2715 se
247 2687 471 2728 nunquam
500 2676 545 2716 in
584 2677 898 2718 Bonavenim·se
928 2676 1133 2731 Operibus
1164 2678 1317 2730 legisse
1336 2681 1527 2718 testatur.
1557 2677 1715 2718 Verum
1735 2690 1866 2731 quam
1898 2678 2163 2718 mediocriter
2189 2690 2232 2719 se
2259 2678 2304 2719 in

178 2745 384 2799 Operibus
403 2745 712 2788 Bonaventurae
732 2752 950 2788 versatum
968 2749 1158 2790 ostendat
1178 2749 1382 2800 OudinuS,
1400 2750 1467 2790 vel
1488 2750 1675 2790 maxime
1694 2749 1826 2802 liquet
1846 2762 1898 2790 ex
1918 2761 1981 2798 e0,
2005 2749 2116 2802 quod
2134 2750 2304 2791 recitata

176 2829 263 2858 vox
290 2817 448 2858 nonin
483 2819 806 2862 Commentariis
827 2821 972 2871 modo,
1005 2821 1077 2861 sed
1109 2821 1236 2862 etiam
1261 2821 1304 2861 in
1329 2823 1595 2875 Breviloquio
1628 2821 1861 2874 saepissime
1893 2833 2090 2873 expressa
2125 2821 2190 2862 sit.
2223 2821 2302 2862 Sed

175 2889 290 2930 ultro
318 2890 488 2939 demuS‚
507 2891 733 2932 barbaram
752 2892 861 2933 hanc
880 2893 1074 2944 ramifico
1101 2905 1251 2934 vocem
1282 2894 1495 2934 insolitam
1523 2891 1834 2935 Bonaventurae
1866 2892 2021 2942 fuisse3
2050 2892 2152 2945 quid
2173 2894 2301 2933 tum?

175 2958 402 3003 Falsumne
419 2962 665 3003 habendum
685 2963 763 3004 erit
782 2963 863 3004 hoc
887 2963 1199 3006 Bonaventurae
1220 2965 1481 3018 Opusculum
1500 2967 1519 3005 ‘?
1544 2965 1716 3006 Minime
1745 2968 1872 3005 certo.
1901 2963 2116 3015 Doctrina,
2139 2976 2237 3017 quae
2256 2964 2301 3005 in

175 3030 256 3071 hoc
274 3031 484 3085 Opuscnlo
503 3034 698 3084 traditur,
724 3036 849 3076 unius
870 3035 985 3076 modi
1006 3039 1081 3085 est,
1106 3036 1255 3089 suique
1273 3036 1436 3088 similis,
1459 3049 1507 3077 ac
1532 3037 1641 3086 talis,
1666 3036 1802 3090 qualis
1829 3035 2017 3076 cernitur
2037 3036 2083 3075 in
2103 3036 2299 3078 Brevilo-

177 3102 291 3155 quio.
312 3104 414 3155 Adi,
445 3105 482 3145 si
500 3109 641 3158 vacat,
668 3108 862 3160 quintam
886 3108 1147 3162 Breviloqztii
1166 3111 1349 3162 partem,
1371 3120 1551 3161 eamque
1575 3109 1736 3158 confer,
1759 3108 1793 3148 si
1814 3107 1899 3157 vis,
1924 3120 2023 3148 cum
2053 3107 2191 3161 prima
2223 3107 2299 3148 Iiu-

171 3174 290 3225 jusce
309 3175 521 3228 Opusculi,
543 3180 584 3218 et
601 3178 722 3219 valde
739 3179 895 3220 similes
912 3180 1020 3220 inter
1039 3193 1083 3221 se
1101 3192 1390 3232 recognosces.

230 3244 318 3287 Hoc
336 3247 437 3289 item
455 3248 730 3302 Opusculum,
749 3251 862 3304 quod
881 3253 1176 3305 expendimus,
1196 3253 1314 3294 nullo
1333 3253 1378 3293 in
1392 3253 1483 3294 loco
1496 3253 1722 3305 separatim
1736 3252 1897 3295 editum
1916 3252 2145 3306 reperitur3
2163 3253 2298 3293 exstat

176 3318 337 3360 veroin
357 3320 667 3373 Opusculorum
685 3322 953 3364 editionibus.
