2613 3990
192 1782 281 1810 ivisio.

1153 253 1399 296 DISTINCT.
1430 251 1568 293 XXIV.

304 346 400 389 dem
435 346 769 404 intelligentiam
800 346 996 389 facimus.
1032 345 1193 388 Eodem
1228 345 1344 387 enim
1375 343 1503 386 modo
1534 341 1595 384 ihi
1616 341 1825 399 accipitur
1843 341 2077 396 distinctio,
2102 357 2189 401 quo
2208 342 2421 386 discretio.
2444 347 2578 415 alisiiziil

2349 255 2424 294 387

304 423 356 465 Et
377 438 566 480 congrue
589 423 747 466 dicitur
766 422 825 465 ibi
847 437 934 465 esse
955 422 1171 476 discretio,
1192 422 1263 464 vel
1284 419 1517 473 distinctio,
1540 434 1628 462 non
1649 418 1891 474 diversitas,
1914 418 1985 462 vel
2005 418 2176 475 divisio,
2199 420 2290 464 sive
2307 434 2426 478 sepa-

304 500 428 543 ratio.
460 500 585 543 Unde
616 499 873 542 Ambrosius
899 499 945 541 in
975 499 1114 557 primo
1135 499 1247 541 libro
1270 497 1323 541 cle
1347 499 1377 540 T
1377 497 1561 540 rinitate
1588 512 1596 538 :
1627 512 1648 536 α
1676 495 1772 539 Νο11
1793 501 1855 539 est
1881 495 1970 555 ipse
1991 495 2135 551 Pater,
2166 496 2243 555 qui
2268 496 2425 552 Filius,

304 577 377 620 sed
398 577 511 620 inter
529 577 702 620 Patrem
725 582 765 619 et
784 576 947 618 Filium
969 591 1168 634 expressa
1189 575 1406 619 distinctio
1428 579 1503 616 est.
1533 590 1553 614 »

364 653 474 696 Cum
495 668 596 696 vero
616 653 774 696 dicitur
799 652 1003 705 Trinitas,
1028 652 1071 695 id
1095 652 1332 710 significari
1352 650 1525 693 videtur
1545 649 1660 708 quod
1680 649 1966 707 significatur,
1990 664 2089 692 cum
2115 649 2274 692 dicitur
2299 666 2307 692 :
2335 652 2430 692 Tres
2452 653 2593 721 (1393ssss-

301 745 498 789 personae
508 745 525 783 ,·
545 735 608 785 ut,
632 729 740 772 sicut
758 744 845 772 non
866 734 1002 787 potest
1021 729 1105 772 dici
1130 746 1138 772 :
1163 730 1327 771 «Pater
1347 732 1409 771 est
1428 732 1514 769 tres
1534 740 1744 784 personae,
1766 743 1788 766 »
1814 727 1883 769 vel
1908 744 1916 770 ε
1942 742 1964 767 «
1982 725 2122 769 Filius
2147 732 2210 770 est
2232 730 2316 770 tres
2336 742 2431 786 per-
2453 736 2593 761 tasibiac-

2454 777 2585 812 cipiatur.

306 822 440 862 sonae,
462 825 483 848 »
509 807 568 850 ita
587 821 675 849 non
695 805 820 849 dehet
839 805 921 848 dici
947 822 955 848 :
984 824 1005 847 a
1027 806 1156 849 Pater
1176 811 1237 849 est
1259 804 1444 859 trinitas,
1468 820 1490 844 ))
1515 803 1584 846 vel
1610 820 1631 843 «
1649 802 1789 846 Filius
1809 808 1873 846 est
1897 803 2083 847 trinitas.
2108 820 2131 844 ›>

366 884 446 927 Hic
465 898 553 926 non
573 887 634 926 est
653 882 1072 940 praetermittendum
1094 882 1227 941 quod,
1251 897 1348 925 cum
1369 882 1525 939 supra¹
1545 879 1709 922 dictum
1725 880 1778 922 sit
1797 879 1937 923 Deum
1957 895 2036 923 nec
2055 880 2337 938 singularem,
2358 894 2436 923 nec
2474 892 2536 960 ῐὲοιο
2558 893 2596 919 vi-

2503 943 2516 960 e
2533 943 2565 960 ΗΓ

308 960 595 1019 multiplicem
617 975 704 1003 esse
725 959 1041 1014 confitendum,
1064 960 1196 1018 idque
1217 959 1478 1002 Sanctorum
1498 956 1828 1001 auctoritatibus
1847 957 1902 1000 sit
1921 958 2246 1014 confirmatum,
2268 957 2315 1000 in
2334 971 2436 999 con-
2472 978 2584 1001 comra-

2456 1018 2528 1044 rium
2536 1025 2598 1044 esse

310 1038 494 1082 trarium
523 1036 698 1080 videtur
718 1038 875 1081 sentire
895 1037 1088 1080 Isidorus
1109 1036 1255 1080 dicens
1274 1038 1287 1057 ²
1310 1053 1318 1079 ε
1348 1054 1368 1078 <‹
1389 1034 1756 1092 Distinguendum
1777 1040 1838 1078 est
1857 1034 1971 1078 inter
1989 1035 2247 1078 Trinitatem
2271 1038 2312 1078 et
2329 1033 2438 1076 Uni-
2456 1059 2599 1095 praedictis

309 1120 456 1158 tatem.
487 1114 561 1157 Est
592 1114 707 1157 enim
738 1114 882 1158 unitas
915 1114 1101 1173 simplex
1120 1119 1161 1157 et
1179 1112 1432 1171 singularis,
1456 1112 1645 1155 Trinitas
1665 1126 1767 1155 vero
1789 1112 2044 1170 multiplex,
2067 1117 2109 1155 et
2127 1110 2434 1166 numerabilis;

308 1191 411 1250 quia
448 1191 637 1234 Trinitas
672 1196 734 1234 est
767 1192 900 1235 trium
932 1192 1137 1234 unitas.»
1162 1191 1268 1234 Ecce
1288 1190 1501 1233 unitatem
1536 1189 1639 1232 dicit
1671 1204 1760 1233 esse
1792 1189 2088 1246 singularem,
2116 1194 2157 1232 et
2177 1188 2435 1232 Trinitatem

309 1268 596 1327 multiplicem
618 1274 659 1312 et
679 1269 1014 1312 numerabilem.
1037 1268 1122 1312 Sed
1142 1268 1196 1311 ad
1216 1268 1297 1311 hoc
1318 1267 1518 1321 dicimus,
1541 1267 1647 1325 quia
1666 1266 1938 1325 sincsularem
1959 1266 2146 1325 accepit,
2169 1266 2280 1310 sicut
2302 1271 2344 1310 et
2363 1265 2441 1309 alii

308 1345 526 1404 accipiunt
544 1361 682 1390 ‘eanum
702 1362 721 1400 ,·
740 1346 1032 1406 multiplicem
1050 1360 1172 1401 vero,
1195 1350 1236 1389 et
1254 1344 1542 1398 numeralem,
1566 1343 1676 1387 sicut
1697 1343 1848 1388 dicunt
1870 1343 2052 1387 trinum.

557 1556 830 1598 EXPOSITIO
861 1555 1080 1597 TEXTUS.

364 1672 426 1704 Hic
446 1671 623 1713 diligenter
642 1673 766 1714 inquiri
785 1675 931 1714 oportet,
954 1681 1030 1704 cum
1051 1672 1083 1703 in
1107 1671 1280 1704 Trinitate.

358 1769 496 1823 Supra
503 1770 657 1823 excipit
665 1770 862 1822 Magister
869 1771 949 1812 hoc
956 1782 1128 1821 nomen,
1139 1769 1340 1819 Persona,

313 1854 339 1882 a
358 1842 546 1893 generali
564 1842 715 1894 regula
733 1842 957 1883 nominum
978 1841 1339 1892 substantialium,

313 1913 537 1953 ostendens
558 1914 672 1966 quod
698 1914 925 1955 dicendum
948 1917 1010 1954 est
1035 1917 1117 1956 tres
1135 1924 1340 1966 personoe,

312 1996 399 2024 non
433 1988 515 2026 tres
552 1986 774 2035 essentiae,
811 1985 880 2026 vel
910 1990 995 2027 tres
1027 1985 1127 2035 Dii,
1161 1985 1230 2025 vel
1259 1988 1342 2026 tres

311 2055 578 2098 substantae.
601 2056 676 2096 Hic
694 2056 842 2108 incipit
859 2055 1043 2096 secunda
1062 2067 1173 2108 pars,
1194 2055 1237 2095 in
1258 2067 1343 2107 qua

312 2127 563 2168 determinat
592 2128 694 2180 quid
726 2128 1008 2180 significetur,
1037 2139 1135 2167 cum
1167 2127 1335 2177 dicitur,

312 2202 395 2240 tres
419 2209 609 2251 personoe
625 2231 634 2248 ,
664 2201 704 2239 et
728 2198 821 2239 haec
839 2210 936 2250 pars
966 2197 1093 2238 hahet
1111 2197 1216 2238 duas
1242 2209 1343 2250 par-

312 2274 373 2311 tes
402 2285 410 2310 :
434 2270 480 2311 in
498 2270 636 2323 prima
656 2270 836 2311 ostendit
863 2269 964 2322 quid
986 2269 1252 2321 significetur
1269 2281 1344 2321 per

318 2353 475 2382 nomen
495 2341 725 2391 numerale,
747 2341 835 2382 sive
855 2353 930 2394 per
949 2341 1177 2397 dictionem
1194 2353 1345 2381 nume-

313 2412 466 2464 ralem,
486 2413 532 2453 in
552 2413 735 2454 secunda
756 2412 859 2465 quid
884 2412 1151 2464 significetur
1169 2424 1244 2465 per
1262 2412 1344 2452 hoc

313 2495 483 2534 nomen,
500 2483 699 2534 Persona,
718 2483 814 2524 dist.
833 2495 948 2523 xxv:
975 2482 1343 2525 Considerandum

314 2559 375 2598 est
397 2566 490 2596 cum
520 2556 591 2597 hoc
610 2565 776 2601 nomen,
804 2554 1003 2605 Persona,
1025 2559 1074 2597 ut
1090 2554 1345 2606 prcedictum

317 2632 391 2670 est.
423 2626 564 2667 Prima
582 2639 678 2680 pars
699 2627 856 2668 iterum
877 2627 1005 2667 habet
1026 2627 1132 2667 (luas
1154 2641 1162 2667 :
1185 2627 1231 2667 in
1251 2627 1343 2680 pri-

317 2712 388 2740 ma
401 2699 570 2752 quaerit,
592 2701 634 2739 et
650 2699 774 2740 solvit
793 2699 1074 2751 generaliter,
1096 2699 1141 2738 in
1160 2699 1344 2740 secunda

317 2770 574 2815 solutionem
610 2782 732 2810 suam
772 2770 940 2824 adaptat
977 2770 1226 2810 nominibus
1263 2771 1345 2811 dis-

316 2841 457 2882 tinctis
491 2841 537 2881 in
565 2828 759 2894 speciali,
794 2841 852 2881 ihi
883 2853 892 2881 :
925 2841 1157 2882 calneium
1181 2841 1345 2884 dicitur

319 2923 431 2954 unus
451 2913 577 2954 Deus.
600 2912 650 2953 Et
666 2912 759 2952 haec
777 2924 874 2965 pars
892 2912 1020 2953 habet
1037 2916 1220 2966 quatuor
1242 2926 1344 2966 par-

326 2986 387 3024 tes
421 2998 429 3024 :
451 2983 497 3024 in
515 2984 655 3037 prima
679 2983 930 3023 determinat
955 2983 1060 3036 quid
1079 2984 1346 3036 significetur

325 3066 401 3106 per
419 3065 531 3096 ‘tinus
558 3058 597 3095 et
622 3055 764 3107 plures
777 3068 791 3100 ,·
808 3054 853 3094 in
871 3055 1068 3106 secunda,
1087 3055 1188 3108 quid
1208 3055 1346 3107 signi-

321 3125 471 3165 ficetur
498 3138 573 3178 per
599 3126 683 3168 duo
710 3129 752 3167 et
770 3130 867 3176 tres,
895 3126 953 3166 ihi
977 3141 986 3167 :
1010 3128 1078 3169 Ita
1103 3127 1232 3169 etiam
1252 3137 1346 3168 cum

321 3195 505 3239 dicimus
534 3202 614 3240 tres
639 3208 845 3252 personas
880 3208 1032 3240 nomen
1061 3199 1245 3241 ternarii
1255 3214 1271 3246 ,·
1302 3198 1347 3238 in

320 3267 457 3320 tertia,
473 3269 573 3321 qnid
586 3269 797 3322 significet
810 3268 1026 3312 discretus
1042 3273 1082 3310 et
1095 3269 1343 3320 distinctus,

322 3339 380 3379 ibi
404 3352 414 3380 ε
455 3340 557 3382 Cum
589 3345 727 3384 autem
758 3342 970 3384 dicimus:
997 3342 1220 3384 Distinctce
1246 3344 1347 3383 sunt

319 3421 536 3464 personae,·
555 3412 601 3453 in
619 3416 783 3467 quarta,
809 3413 911 3466 quid
931 3412 1177 3465 significent
1202 3413 1234 3453 T
1234 3412 1347 3454 rini-

368 3518 378 3540 ¹
393 3517 479 3550 Dist.
495 3527 596 3560 xxm,
617 3522 650 3551 et
667 3520 702 3552 in
720 3520 864 3561 princip.
882 3519 981 3561 huJ'us
995 3518 1075 3552 dist.
1090 3537 1125 3542 —
1142 3519 1219 3552 lsid.
1238 3518 1347 3560 Hisp.,

325 3564 365 3596 de
382 3566 544 3607 Etymol„
564 3567 622 3599 lib.
640 3569 672 3610 l,
694 3577 723 3600 c.
741 3576 790 3600 1v.

1415 1558 1480 1596 tas
1508 1555 1550 1594 et
1576 1553 1745 1603 Trinus,
1769 1551 1827 1592 ibi
1858 1563 1868 1592 ε
1900 1552 2005 1592 Cum
2030 1559 2126 1592 vero
2152 1549 2316 1592 dicitur
2333 1550 2445 1593 Deus

1418 1626 1575 1667 trinus.

1417 1762 1500 1795 Cum
1531 1761 1673 1793 dicimus
1715 1759 1827 1801 plures
1857 1767 1929 1790 esse
1957 1766 2144 1799 personas,
2178 1756 2446 1799 singularitatem

1642 1811 1743 1849 atque
1764 1806 1981 1839 solitudinem
1997 1805 2222 1838 excludimus.

1472 1915 1717 1957 Notandum
1739 1947 1750 1966 ,
1792 1913 1904 1967 quod
1940 1912 1985 1953 in
2027 1912 2180 1954 divinis
2218 1912 2448 1966 recipimus

1418 1988 1642 2037 unitatem,
1664 1998 1751 2026 non
1770 1983 2134 2036 singularitatem,
2153 1996 2232 2024 nec
2253 1984 2446 2025 solitudi-

1417 2072 1542 2108 nem;
1574 2058 1675 2111 quia
1705 2056 1980 2109 singularitas
1999 2055 2183 2096 excludit
2203 2056 2446 2096 communi-

1418 2129 1671 2169 cabilitatem
1689 2160 1700 2179 ,
1728 2130 1769 2168 et
1798 2127 1978 2168 solitudo
2012 2125 2197 2167 excludit
2225 2126 2450 2179 pluralita-

1420 2203 1503 2240 tem
1533 2212 1542 2240 :
1576 2202 1617 2240 et
1645 2211 1722 2240 nos
1757 2198 1957 2251 ponimus
1987 2209 2120 2238 unam
2149 2197 2373 2237 essentiam
2404 2197 2449 2237 in

1419 2271 1615 2324 pluribus
1635 2285 1644 2311 ι
1666 2270 1760 2311 ideo
1777 2270 1858 2310 hoc
1871 2281 1958 2309 non
1978 2268 2223 2321 recipimus.
2248 2267 2449 2308 Similiter

1418 2343 1656 2384 notandum
1684 2354 1738 2382 ex
1768 2343 1886 2394 parte
1907 2339 2158 2393 pluralitatis
2173 2371 2183 2390 ,
2206 2339 2318 2391 quod
2337 2338 2448 2379 reci-

1417 2415 1561 2468 pimus
1580 2414 1660 2453 ista
1674 2415 1874 2466 quatuor,
1894 2411 2123 2461 alietatem,
2138 2410 2447 2463 pluralitatem,

1418 2485 1738 2533 discretionem,
1760 2485 1887 2536 atque
1908 2481 2251 2533 distinctionem,·
2265 2481 2335 2522 sed
2355 2481 2449 2523 haec

1417 2561 1601 2611 quatuor
1627 2570 1648 2598 e
1668 2555 1878 2597 contrario
1898 2566 1985 2595 non
2004 2554 2235 2607 recipimus
2251 2586 2261 2604 ‚
2293 2554 2449 2596 scilicet

1418 2629 1730 2678 diversitatem,
1751 2625 2130 2678 multiplicitatem,
2158 2624 2416 2667 divisionem
2434 2657 2447 2677 ,

1420 2703 1461 2740 et
1492 2700 1817 2752 separationem.
1854 2696 1973 2737 Ratio
2005 2699 2151 2736 autem
2186 2696 2319 2749 hujus
2353 2699 2415 2737 est
2435 2728 2446 2747 ,

1420 2772 1521 2825 quia
1541 2771 1750 2824 separatio
1780 2768 1980 2822 supponit
1997 2767 2266 2818 divisionem,
2296 2768 2448 2810 divisio

1420 2843 1778 2896 multiplicitatem
1795 2873 1805 2891 ,
1826 2839 2116 2892 multiplicitas
2135 2838 2422 2880 diversitatem
2434 2871 2445 2890 ,

1420 2915 1640 2956 diversitas
1675 2916 1819 2954 autem
1850 2910 1969 2964 ponit
1997 2910 2147 2949 formae
2179 2909 2249 2951 vel
2281 2912 2447 2950 naturae

1420 2986 1746 3028 distinctionem.
1768 2983 1820 3024 Et
1839 2982 1939 3035 quia
1958 2981 2003 3021 in
2028 2981 2186 3023 divinis
2202 2983 2264 3022 est
2282 2983 2446 3021 naturae

1421 3057 1665 3099 omnimoda
1689 3055 1853 3104 unitas;
1881 3053 1975 3093 ideo
1996 3064 2095 3093 cum
2113 3064 2202 3093 non
2220 3051 2449 3103 recipiatur

1421 3128 1641 3170 diversitas
1666 3159 1675 3176 ‚
1707 3138 1786 3166 nec
1828 3123 1999 3177 aliquod
2033 3123 2213 3164 istorum
2247 3124 2445 3174 quatuor.

1423 3199 1454 3240 E
1488 3202 1653 3247 contra,
1676 3195 1869 3238 discretio
1899 3194 2099 3248 supponit
2119 3192 2446 3243 distinctionem,

1422 3270 1633 3311 distinctio
1651 3267 1934 3321 pluralitatem
1946 3298 1956 3316 ,
1978 3265 2199 3318 pluralitas
2219 3263 2445 3304 alietatem.

1422 3341 1579 3382 Alietas
1598 3341 1742 3380 autem
1764 3351 1851 3380 non
1868 3340 2036 3379 tantum
2060 3334 2291 3377 attenditur
2310 3346 2449 3387 quan-

1422 3415 1516 3454 tum
1533 3412 1586 3453 ad
1603 3412 1800 3463 formam,
1819 3410 1891 3451 sed
1910 3409 2037 3451 etiam
2050 3409 2261 3461 quantum
2279 3406 2332 3446 ad
2351 3417 2450 3458 sup-

1421 3485 1606 3537 positum
1637 3498 1646 3524 z
1675 3486 1716 3525 et
1742 3482 1844 3536 quia
1873 3483 1973 3522 sunt
1998 3479 2141 3533 plures
2168 3479 2416 3531 hypostases
2435 3507 2447 3524 ,

1422 3556 1517 3598 ideo
1531 3555 1734 3609 praedicta
1746 3555 1930 3608 quatuor
1943 3551 1988 3592 in
2002 3550 2155 3592 divinis
2166 3549 2448 3603 recipiuntur.
