2613 3990
115 1320 161 1347 Ad
169 1329 217 1356 op-

77 1369 138 1397 pos.

873 241 1000 283 DIST.
1029 240 1172 282 XVIII.
1203 241 1322 282 ART.
1356 240 1386 282 Ι.
1418 241 1615 291 QUAEST.
1648 243 1713 284 IV.

229 334 372 374 sancto
384 345 393 380 ;
410 333 452 372 et
464 332 577 384 quod
589 332 662 382 sic,
676 332 844 373 videtur
859 342 933 384 per
946 330 1253 382 Augustinum,

231 404 281 447 de
313 404 522 446 Trinitate
548 404 559 426 ¹
588 418 597 444 :
626 419 645 442 ε(
666 403 780 445 Sicut
798 403 843 442 in
861 401 1063 442 Trinitate
1086 413 1173 441 non
1198 403 1258 441 est

231 476 413 517 verbum
444 475 524 515 nisi
551 475 696 525 Filius,
717 475 776 515 ita
795 486 871 514 nee
887 474 1047 514 donum
1067 472 1150 512 nisi
1171 471 1258 524 Spi-

232 547 339 587 ritus
358 549 539 587 sanctus.
560 561 579 583 »

289 618 394 659 Item
421 619 584 659 donum
613 618 714 659 dicit
743 617 1054 657 emanationem
1082 628 1155 669 per
1172 627 1260 656 mo-

234 690 337 731 dum
363 690 621 730 liberalitatis
647 704 655 730 :
678 689 759 729 hoc
785 692 928 729 autem
959 692 1018 728 est
1039 688 1259 741 proprium

233 761 365 802 solius
384 761 565 814 Spiritus
584 761 716 801 sancti
737 775 745 801 ε
763 773 881 812 ergo,
903 763 981 800 etc.

290 833 408 884 Item,
438 833 604 874 Donum
629 832 702 873 Dei
727 832 880 872 dicitur
910 832 1086 872 relative
1105 831 1157 871 ad
1186 831 1260 871 do-

236 907 408 945 nantem
427 919 436 945 :
456 904 528 945 sed
547 904 708 945 donans
730 916 818 944 non
845 906 1014 944 tantum
1032 905 1095 944 est
1122 901 1259 953 Pater,

237 977 370 1016 immo
396 975 522 1016 etiam
545 974 700 1024 Filius,
734 975 834 1027 quia
858 978 1036 1028 uterque
1068 977 1130 1015 est
1158 974 1262 1014 mit—

238 1050 352 1088 tens:
370 1059 473 1098 ergo
489 1047 648 1087 donum
668 1047 822 1087 dicitur
835 1047 1009 1087 relative
1029 1047 1080 1086 ad
1098 1045 1263 1086 Patrem

239 1119 280 1156 et
298 1115 481 1165 Filium;
502 1118 543 1156 et
567 1115 603 1156 si
633 1115 727 1166 hoc,
758 1115 1036 1167 distinguitur
1063 1114 1115 1154 ab
1144 1119 1262 1154 utro-

239 1199 322 1240 que
345 1202 354 1228 :
377 1199 481 1239 ergo
512 1199 589 1227 nec
610 1186 746 1238 Pater,
769 1200 847 1228 nec
866 1187 1013 1237 Filius,
1036 1185 1107 1226 sed
1125 1185 1263 1226 solum

238 1257 422 1311 Spiritus
439 1261 610 1299 sanctus
630 1259 784 1300 dicitur
803 1259 971 1312 proprie
992 1258 1167 1298 donum.

291 1330 441 1371 Contra
463 1345 471 1371 :
494 1334 532 1370 1.
556 1330 725 1371 Donum
755 1331 908 1371 dicitur
927 1330 973 1370 in
993 1329 1141 1370 habitu
1162 1342 1171 1369 :
1193 1329 1264 1370 sed

235 1402 383 1443 datum
411 1402 564 1443 dicitur
592 1403 636 1442 in
673 1406 771 1444 actu
800 1415 809 1442 ε
841 1414 944 1454 ergo
973 1402 1120 1442 datum
1152 1401 1264 1441 addit

235 1486 364 1527 supra
399 1475 563 1516 donum
588 1489 595 1514 :
618 1486 722 1526 ergo
755 1473 822 1514 cui
855 1473 1054 1514 convenit
1083 1485 1170 1512 esse
1190 1472 1263 1512 da-

233 1549 341 1597 tum,
363 1549 404 1587 et
422 1546 529 1587 ratio
549 1545 664 1586 doni.
689 1545 768 1586 Sed
787 1545 933 1585 datum
954 1545 1153 1585 convenit
1172 1543 1262 1584 Tri-

232 1618 368 1668 nitati,
391 1617 492 1670 quia
511 1620 599 1658 tota
621 1616 803 1657 Trinitas
822 1617 893 1657 dat
913 1628 955 1656 se
978 1631 986 1656 :
1009 1628 1112 1668 ergo
1133 1618 1173 1656 et
1193 1616 1262 1656 do-

231 1701 340 1729 num
363 1703 372 1730 ε
394 1701 481 1729 non
500 1700 604 1740 ergo
624 1687 792 1741 proprie
807 1687 980 1740 Spiritui
1001 1690 1158 1727 sancto.

285 1764 324 1802 2.
339 1761 458 1811 ltem,
471 1760 632 1801 donum
643 1760 741 1800 dicit
753 1763 992 1812 respectum
1009 1759 1059 1799 ad
1074 1758 1260 1809 dantem,

232 1835 273 1873 et
303 1832 354 1873 ad
383 1844 483 1872 eum
514 1833 584 1872 cui
603 1831 727 1872 datur
750 1846 758 1871 ε
779 1831 814 1871 si
835 1843 938 1882 ergo
958 1833 1017 1870 est
1040 1830 1262 1882 proprium

232 1907 409 1960 Spiritus
442 1906 590 1957 sancti,
623 1908 695 1946 aut
732 1908 903 1958 propter
940 1908 1179 1958 respectum
1211 1906 1262 1946 ad

231 1978 417 2028 dantem,
447 1980 520 2018 aut
545 1977 819 2030 recipientem
841 1989 851 2017 :
871 1989 958 2017 non
980 1980 1151 2030 propter
1174 1990 1261 2017 res-

231 2052 402 2102 pectum
420 2048 472 2089 ad
487 2049 774 2101 recipientem,
797 2048 899 2100 quia
916 2048 1110 2088 similiter
1129 2048 1262 2088 Filius

232 2121 355 2162 datus
380 2123 443 2161 est
461 2120 595 2170 nobis,
618 2123 658 2160 et
679 2119 816 2171 magis
833 2120 959 2159 etiam
985 2119 1108 2160 datus
1132 2132 1263 2172 quam

232 2192 433 2246 Spiritus;
456 2192 490 2232 si
519 2203 620 2233 vero
650 2192 702 2232 ad
723 2192 909 2242 dantem,
932 2194 1077 2231 contra
1100 2207 1108 2232 :
1131 2191 1264 2232 Filius

232 2265 385 2306 dicitur
404 2264 630 2317 procedere
662 2276 686 2303 a
717 2263 841 2304 dante
857 2295 867 2313 ,
887 2263 1042 2304 scilicet
1061 2276 1085 2304 a
1106 2263 1228 2305 Patre
1252 2279 1259 2305 :

232 2348 336 2388 ergo
367 2336 537 2376 videtur
565 2335 799 2375 secundum
827 2346 1100 2376 communem
1132 2336 1261 2376 ratio-

232 2423 330 2452 nem
353 2410 458 2451 Filio
476 2408 718 2450 convenire.

286 2482 331 2522 Si
349 2482 461 2522 dicas
483 2480 595 2533 quod
615 2479 748 2520 Filius
769 2492 855 2520 non
872 2481 1057 2533 procedit
1076 2494 1151 2534 per
1169 2494 1263 2522 mo-

232 2555 336 2595 dum
355 2552 585 2601 donabilis,
608 2564 745 2604 neque
772 2564 856 2604 quo
883 2552 1007 2592 modo
1030 2553 1153 2593 datus
1183 2557 1259 2605 est,

232 2626 303 2667 sed
331 2637 416 2678 quo
443 2624 570 2665 modo
594 2625 748 2673 natus3
773 2623 924 2664 Contra
946 2638 953 2664 ι
978 2622 1108 2664 Filius
1135 2625 1193 2664 sic
1212 2625 1264 2665 ab

232 2702 391 2740 aeterno
425 2695 636 2750 procedit,
659 2697 707 2735 ut
730 2696 1018 2748 temporaliter
1037 2700 1143 2736 esset
1161 2697 1262 2736 mis-

232 2769 362 2810 sibilis
375 2801 384 2818 ,
405 2768 506 2821 quia
525 2779 574 2808 eo
595 2767 776 2807 mittitur
796 2766 950 2816 Filius,
974 2780 1058 2820 quo
1079 2780 1264 2820 genera-

232 2843 304 2881 tur
331 2850 341 2879 ε
364 2839 435 2880 sed
460 2838 605 2879 missio
628 2849 715 2878 non
742 2841 803 2878 est
833 2838 947 2878 aliud
973 2851 1103 2891 quam
1129 2840 1261 2880 dona-

232 2911 291 2952 tio
310 2925 319 2950 z
342 2922 446 2962 ergo
462 2909 595 2950 Filius
621 2908 822 2961 processit
843 2912 890 2948 ut
908 2909 1126 2950 donabilis.

287 2984 325 3022 3.
357 2980 482 3030 Item,
506 2980 540 3020 si
569 2980 691 3021 datus
723 2983 784 3020 est
814 2979 945 3020 Filius
977 2993 1030 3021 ex
1055 2985 1261 3035 tempore,

233 3055 307 3094 aut
326 3057 415 3094 erat
430 3053 483 3093 ad
505 3052 586 3093 hoc
607 3051 759 3092 habilis
780 3051 832 3091 ab
851 3054 1010 3092 aeterno
1022 3085 1032 3103 ,
1055 3056 1129 3094 aut
1146 3066 1233 3095 non
1252 3069 1260 3096 :

234 3125 269 3165 si
294 3124 378 3172 sic,
400 3136 503 3177 ergo
531 3123 732 3177 processit
762 3125 810 3163 ut
837 3123 1042 3164 donabilis
1064 3138 1074 3175 ;
1096 3125 1131 3165 si
1159 3138 1260 3175 non,

234 3208 339 3248 ergo
376 3195 536 3248 aliquid
582 3194 781 3236 convenit
813 3207 866 3235 ex
903 3199 1093 3249 tempore
1128 3197 1235 3239 Filio
1250 3230 1260 3247 ,

234 3267 349 3321 quod
374 3269 588 3320 repugnat
623 3270 794 3308 aeternae
833 3268 1089 3309 emanationi
1114 3282 1123 3310 :
1149 3270 1262 3323 quod

235 3348 298 3386 est
314 3345 631 3386 inconveniens.

288 3419 327 3456 4.
351 3415 470 3466 Item,
491 3416 642 3468 regula
665 3419 726 3458 est
747 3416 860 3470 quod
877 3428 1002 3457 omne
1020 3429 1179 3459 nomen
1198 3420 1262 3460 di-

237 3499 335 3528 cens
366 3489 602 3540 respectum
628 3488 695 3528 vel
724 3487 921 3528 effectum
953 3487 1005 3528 ad
1032 3493 1258 3543 creaturas,

282 3570 293 3591 1
307 3572 408 3611 Aug„
425 3569 464 3601 de
484 3570 587 3608 Trin„
611 3569 669 3602 lib.
694 3571 735 3611 V,
755 3580 784 3603 e.
805 3578 863 3611 XV,
882 3579 915 3601 n.
946 3573 995 3603 16.
1017 3591 1052 3595 —
1073 3574 1086 3594 ²
1104 3575 1204 3615 Aug„
1223 3574 1262 3606 cle

2277 251 2347 288 311

1333 334 1393 371 est
1413 343 1638 372 commune
1657 333 1792 373 tribus
1814 345 1824 372 ε
1848 334 1918 374 sed
1944 334 2103 376 donum
2128 339 2188 377 est
2207 338 2354 391 hujus-

1332 403 1446 444 modi
1469 418 1477 443 :
1497 415 1613 455 ergo,
1638 407 1714 444 etc.

1693 563 1993 606 CONCLUSIO.

1334 675 1472 709 Donum
1491 676 1530 710 in
1550 675 1685 711 dit-inis
1705 676 1840 711 dicitur
1852 680 1998 723 proprie
2011 678 2052 714 de
2063 678 2207 725 Spiritu
2223 685 2357 727 sancto,

1384 737 1416 769 et
1431 734 1561 769 donum
1570 735 1659 770 dicit
1669 735 1794 771 datum
1809 738 1888 771 eoelz‘
1893 737 2084 774 beralitate
2098 742 2131 775 et
2144 743 2361 777 auctoritate

1384 795 1678 829 communicatum
1699 798 1733 830 et
1747 795 1972 841 productum.

1391 903 1513 956 Resp.
1538 903 1590 944 ad
1618 903 1802 955 Argum.
1834 904 2065 946 Dicendum
2087 906 2226 958 quod,
2256 907 2364 948 sicut

1338 977 1451 1026 patet
1471 987 1524 1014 ex
1543 975 1683 1015 verbis
1711 975 1941 1027 Augustini
1966 978 1993 1027 2,
2019 976 2186 1018 Donum
2210 978 2364 1019 dicitur

1336 1045 1381 1084 in
1401 1045 1555 1085 divinis
1576 1046 1743 1099 proprie
1769 1046 1856 1087 sive
1875 1048 2166 1099 personaliter,
2189 1061 2277 1090 non
2293 1062 2362 1090 es-

1338 1117 1579 1167 sentialiter,
1608 1117 1716 1158 siout
1740 1117 1927 1159 Verbum
1949 1120 2118 1172 proprie
2143 1120 2294 1161 dicitur
2313 1122 2363 1163 de

1338 1188 1469 1230 Filio:
1494 1189 1642 1229 Datum
1661 1192 1804 1230 autem
1836 1193 1970 1243 potest
1989 1191 2120 1244 accipi
2150 1195 2190 1231 et
2219 1204 2364 1233 essen—

1338 1260 1493 1300 tialiter
1512 1264 1553 1301 et
1572 1261 1868 1313 personaliter,
1891 1262 1981 1302 sive
2002 1262 2171 1315 proprie
2189 1266 2229 1303 et
2249 1275 2366 1304 com-

1338 1334 1528 1374 muniter
1549 1348 1556 1374 :
1578 1336 1665 1374 tota
1693 1333 1808 1373 enim
1840 1332 2023 1373 Trinitas
2051 1333 2120 1374 dat
2139 1346 2196 1384 se,
2231 1338 2272 1375 et
2297 1338 2364 1375 ta-

1339 1417 1436 1445 men
1460 1405 1581 1445 Pater
1608 1408 1648 1445 et
1673 1404 1804 1445 Filius
1832 1406 2000 1458 proprie
2026 1405 2127 1446 dant
2159 1405 2365 1459 Spiritum

1338 1479 1544 1517 sanctum.
1582 1476 1755 1529 Propter
1782 1476 1862 1516 hoc
1890 1477 2126 1517 notandum
2149 1478 2261 1530 quod
2288 1478 2366 1519 da-

1337 1551 1429 1588 tum
1448 1548 1498 1588 de
1518 1549 1584 1589 sui
1607 1549 1769 1588 ratione
1798 1548 1911 1588 idem
1936 1551 1997 1588 est
2030 1549 2144 1601 quod
2171 1561 2365 1591 commu-

1337 1620 1542 1660 nicatum.
1566 1618 1704 1659 Potest
1731 1619 1864 1671 igitur
1889 1619 1970 1659 hoc
1990 1620 2104 1672 quod
2126 1622 2188 1660 est
2219 1621 2367 1661 datum

1337 1691 1414 1732 dici
1435 1692 1798 1731 communicatum
1817 1703 1870 1731 ex
1889 1691 2156 1741 liberalitate,
2172 1694 2212 1732 et
2231 1692 2290 1732 sic
2306 1694 2368 1732 est

1337 1776 1563 1804 commune
1597 1763 1672 1804 toti
1695 1762 1918 1813 Trinitati;
1946 1762 2014 1803 vel
2044 1775 2097 1803 ex
2116 1763 2367 1805 liberalitate

1337 1840 1377 1876 et
1396 1836 1656 1886 auctoritate,
1678 1838 1718 1875 et
1737 1835 1795 1875 sic
1814 1836 2011 1876 convenit
2032 1836 2206 1889 Spiritui
2224 1839 2367 1878 sancto

1337 1910 1378 1948 et
1398 1907 1501 1948 Filio
1517 1907 1590 1960 qui
1609 1907 1765 1947 habent
1778 1907 2152 1948 subauctoritatem
2173 1911 2367 1961 respectu

1338 1979 1494 2029 Patris3
1514 1979 1582 2019 vel
1603 1981 1737 2031 potest
1765 1979 1845 2019 dici
1877 1978 2024 2019 datum
2044 1991 2098 2019 ex
2118 1979 2364 2021 liberalitate

1337 2054 1378 2092 et
1403 2052 1649 2091 auctoritate
1674 2063 1761 2090 non
1788 2053 1956 2091 tantum
1985 2051 2364 2101 communicatum,

1337 2123 1407 2163 sed
1427 2123 1554 2163 etiam
1571 2122 1839 2175 productum,
1854 2125 1893 2162 et
1903 2122 1984 2162 hoc
2003 2123 2128 2163 modo
2146 2124 2366 2176 proprium

1337 2197 1398 2235 est
1419 2194 1602 2247 Spiritus
1620 2194 1768 2244 sancti,
1794 2195 1916 2246 cujus
1939 2194 2160 2247 proprium
2181 2198 2243 2235 est
2268 2208 2365 2248 pro-

1337 2267 1481 2307 cedere
1493 2266 1728 2306 secundum
1743 2266 1950 2306 rationem
1967 2265 2242 2318 liberalitatis,
2258 2271 2298 2307 et
2311 2268 2368 2308 ita

1337 2339 1572 2379 secundum
1598 2338 1808 2378 rationem
1837 2337 1937 2378 doni
1968 2337 2036 2378 vel
2067 2337 2288 2378 donabilis.
2317 2338 2369 2379 Et

1336 2410 1416 2451 hoc
1434 2410 1559 2450 modo
1578 2409 1739 2450 donum
1757 2408 1825 2449 vel
1841 2409 1986 2449 datum
2000 2409 2272 2461 aequivalent.
2287 2409 2369 2449 Dif-

1337 2483 1477 2522 ferunt
1506 2486 1669 2530 tamen,
1701 2480 1803 2533 quia
1822 2480 1968 2520 datum
1997 2480 2095 2520 dicit
2123 2481 2367 2522 communi-

1338 2554 1545 2594 cationem
1559 2553 1603 2592 in
1620 2555 1731 2602 actu,
1751 2552 1822 2592 sed
1841 2552 2004 2592 donum
2032 2552 2078 2591 in
2097 2552 2245 2592 habitu
2265 2555 2293 2592 ³.
2317 2551 2368 2593 Et

1339 2625 1653 2666 concedendum
1675 2627 1736 2664 est
1753 2624 1866 2676 quod
1885 2623 2047 2664 donum
2067 2624 2234 2676 proprie
2257 2624 2366 2664 dici-

1337 2702 1408 2738 tur
1428 2698 1473 2737 in
1491 2697 1645 2738 divinis
1665 2696 1714 2736 de
1732 2695 1893 2748 Spiritu
1912 2698 2069 2735 sancto.

1391 2774 1429 2809 1.
1452 2769 1516 2810 Ad
1540 2769 1644 2808 illud
1681 2768 1794 2820 quod
1830 2767 2045 2819 objicitur,
2076 2766 2187 2818 quod
2218 2767 2366 2808 datum

1337 2841 1450 2882 addit
1469 2853 1598 2893 supra
1620 2840 1802 2888 donum,
1827 2838 2052 2878 dicendum
2066 2838 2194 2891 quod,
2217 2851 2366 2880 secun-

1337 2914 1441 2954 dum
1470 2923 1743 2953 communem
1766 2910 2048 2962 acceptionem
2068 2910 2152 2950 dati
2179 2913 2219 2951 et
2237 2911 2362 2961 doni,

1337 2985 1499 3038 aliquid
1523 2984 1624 3025 dicit
1652 2983 1811 3024 donum
1838 2981 1950 3022 ultra
1970 2993 2100 3033 quam
2127 2982 2274 3023 datum
2292 3015 2301 3032 ,
2325 2986 2366 3024 et

1337 3059 1483 3099 datum
1512 3056 1625 3097 ultra
1653 3067 1784 3108 quam
1815 3054 1990 3094 donum.
2024 3052 2216 3103 Donum,
2252 3054 2362 3095 ultra

1336 3142 1467 3182 quam
1500 3129 1668 3177 datum,
1703 3127 1904 3177 importat
1936 3125 2247 3165 emanationem
2287 3137 2362 3178 per

1337 3201 1512 3242 modum
1522 3197 1797 3247 liberalitatis3
1819 3197 1966 3237 datum
1978 3208 2096 3247 vero,
2112 3197 2223 3237 ultra
2233 3209 2362 3249 quam

1335 3273 1517 3321 donum,
1548 3271 1748 3322 importat
1775 3271 1916 3309 actum
1947 3269 2360 3317 communicationis,

1336 3344 1436 3397 quia
1460 3343 1622 3383 donum
1660 3341 1759 3382 dicit
1786 3340 1998 3381 habitum.
2033 3339 2085 3381 Et
2114 3340 2229 3390 ideo,
2264 3340 2365 3392 quia

1335 3415 1439 3455 illud
1469 3413 1583 3467 quod
1608 3412 1721 3454 addit
1748 3412 1909 3453 donum
1940 3424 2068 3465 supra
2095 3411 2241 3451 datum
2259 3442 2268 3459 ,
2303 3413 2365 3451 est

1336 3523 1470 3562 Trinit„
1500 3521 1558 3553 lib.
1587 3520 1668 3561 XV,
1701 3529 1730 3551 c.
1762 3527 1843 3559 rix,
1872 3528 1908 3550 n.
1932 3520 1984 3551 37.
2016 3535 2056 3541 —-
2093 3517 2105 3536 ³
2138 3517 2232 3549 Idem
2265 3517 2367 3550 sentit

1335 3572 1370 3604 S.
1389 3572 1522 3610 Thom.,
1540 3579 1575 3610 p.
1595 3571 1624 3608 l,
1645 3577 1679 3609 q.
1695 3574 1842 3608 xxxvm,
1862 3568 1925 3598 art.
1938 3567 1970 3597 2.

2396 1417 2527 1453 Explica-

2400 1459 2439 1485 tio
2459 1459 2527 1485 utri-

2402 1508 2502 1534 usque.
