2613 3990
1082 332 1333 376 DISTINCT.
1365 335 1413 375 v.
2244 307 2320 374 103

195 423 395 481 genuisse
430 423 610 478 Filium,
647 429 688 468 et
718 423 881 467 Filium
912 422 1109 480 genitum
1141 423 1194 465 de
1224 424 1465 468 substantia
1495 424 1637 467 Patris
1669 424 1819 467 asserit
1849 423 1995 466 dicens
2014 433 2025 455 ¹
2050 440 2058 465 :
2087 439 2109 465 ((
2127 423 2321 468 Carnali-

195 501 278 546 hus
296 501 633 559 cogitationibus
654 500 786 560 pleni,
809 500 1095 543 substantiam
1119 499 1198 543 Dei
1219 500 1271 544 de
1291 517 1333 545 se
1354 501 1448 560 ipsa
1467 501 1647 558 gignere
1665 500 1831 544 Filium
1852 515 1941 543 non
1962 500 2139 559 putatis,
2155 501 2322 546 nisihoc

194 579 386 639 patiatur
405 580 521 639 quod
539 578 777 622 substantia
798 578 939 620 carnis
961 577 1140 636 patitur,
1164 579 1339 637 quando
1359 579 1515 635 gignit.
1539 578 1717 621 Erratis
1742 593 1829 621 non
1850 578 2031 620 scientes
2051 578 2317 636 Scripturas,

195 673 330 717 neque
352 658 557 701 virtutem
587 656 670 700 Dei
692 659 721 698 ².
744 655 877 699 Nullo
898 655 1015 698 enim
1038 655 1165 698 modo
1186 671 1341 699 verum
1361 656 1439 699 Dei
1464 656 1628 699 Filium
1650 655 1862 712 cogitatis,
1886 654 1919 697 si
1940 669 2040 697 eum
2061 660 2214 697 natum
2236 670 2323 699 esse

195 735 246 778 de
267 734 506 779 substantia
516 733 655 777 Patris
674 732 856 790 negatis.
880 732 979 776 vNon
999 733 1115 775 enim
1131 734 1223 790 jam
1245 739 1335 776 erat
1356 732 1548 776 hominis
1569 732 1705 787 filius,
1730 737 1770 775 61
1787 732 1876 775 Deo
1898 731 2085 774 donante
2106 731 2243 775 factus
2262 737 2325 775 est

194 812 274 856 Dei
292 812 439 868 filius;
462 827 514 855 ex
543 811 631 854 Deo
652 815 780 853 natus
794 845 804 865 ‚
826 810 966 867 gratia
981 846 991 866 ,
1022 825 1110 853 non
1138 815 1310 853 natura.
1331 811 1403 852 An
1425 809 1552 864 forte,
1576 809 1654 852 6151
1673 824 1761 852 non
1782 808 1973 851 hominis
1993 807 2113 852 filius
2132 814 2238 866 erat,
2261 814 2325 853 ta-

195 904 294 933 men
318 888 409 947 jam
441 887 589 946 aliqua
619 892 710 931 erat
741 887 1076 946 qualiscumque
1106 893 1326 944 creatura,
1350 893 1390 930 et
1409 886 1455 929 in
1476 886 1555 929 Dei
1576 885 1737 940 filium,
1761 886 1850 929 Deo
1871 890 2069 929 mutante
2084 921 2094 941 ‚
2117 901 2325 930 conversa

195 969 286 1010 est?
308 965 392 1010 Sed
412 965 522 1008 nihil
543 964 702 1008 horum
717 971 780 1008 est
804 981 812 1008 :
837 979 940 1021 ergo
958 970 1034 1008 aut
1056 964 1108 1008 de
1130 964 1286 1019 nihilo,
1310 969 1387 1007 aut
1405 964 1456 1007 de
1478 963 1627 1022 aliqua
1646 963 1888 1006 substantia
1914 967 2043 1006 natus
2063 968 2139 1006 est.
2165 962 2250 1006 Sed
2270 979 2324 1007 ne

193 1033 465 1089 crederemus
483 1057 559 1086 vos
578 1047 731 1101 putare
750 1041 802 1086 de
823 1042 962 1085 nihilo
981 1056 1070 1085 esse
1088 1041 1167 1085 Dei
1185 1042 1368 1097 Filium,
1391 1040 1619 1084 affirmatis
1643 1055 1731 1084 non
1752 1055 1828 1084 vos
1848 1040 1989 1084 dicere
2008 1040 2060 1084 de
2077 1040 2216 1084 nihilo
2235 1055 2326 1085 esse

193 1121 271 1165 Dei
299 1120 479 1165 Filium.
513 1119 575 1163 De
606 1119 755 1178 aliqua
775 1134 878 1177 ergo
899 1119 1142 1164 substantia
1163 1124 1225 1162 est
1251 1135 1260 1162 z
1282 1124 1340 1174 et,
1364 1119 1400 1162 si
1419 1133 1508 1162 non
1528 1117 1579 1161 de
1607 1117 1848 1161 substantia
1874 1117 2043 1173 Patris,
2073 1118 2126 1162 de
2151 1133 2240 1178 qua
2269 1119 2324 1162 sit

193 1198 332 1243 dicite.
355 1196 440 1242 Sed
459 1212 548 1241 non
566 1196 813 1241 invenietis.
835 1196 931 1241 Jam
954 1212 1056 1255 ergo
1076 1196 1359 1253 unigenitum
1379 1196 1458 1239 Dei
1475 1195 1642 1239 Filium
1672 1195 1822 1239 Jesum
1853 1194 2075 1239 Christum
2105 1195 2157 1239 (16
2176 1189 2318 1240 Patris

192 1291 280 1321 esse
301 1274 569 1330 substantia,
592 1289 681 1318 non
701 1290 777 1318 vos
796 1275 1023 1318 nobiscum
1049 1274 1193 1334 pigeat
1219 1274 1434 1317 confiteri.
1458 1290 1478 1315 1)
1504 1273 1623 1316 Ι(16111
1645 1272 1691 1316 111
1713 1273 1864 1316 60(16111
1885 1275 1898 1296 ³
1924 1289 1932 1316 :
1963 1273 2188 1333 «Utrique
2215 1274 2323 1331 legi-

191 1354 339 1398 mus‘:
369 1354 420 1398 Ut
440 1353 577 1396 simus
596 1352 644 1396 in
659 1367 757 1396 vero
776 1352 890 1395 Filio
912 1352 1004 1411 ejus
1024 1354 1125 1395 Jeszc
1148 1352 1337 1395 Christo.
1359 1351 1496 1395 Dicite
1518 1366 1621 1408 ergo
1642 1350 1768 1394 nobis
1795 1367 1802 1393 ε
1828 1356 1978 1394 utrum
1999 1351 2077 1394 iste
2098 1366 2228 1395 verus
2248 1351 2327 1395 Dei

188 1430 344 1486 Filius,
366 1416 525 1486 abeis,
561 1430 639 1490 qui
671 1430 812 1487 gratia
837 1429 920 1473 filii
951 1436 1078 1482 sunt,
1103 1429 1294 1488 quadam
1320 1429 1581 1488 proprietate
1606 1428 1832 1483 discretus,
1856 1428 1908 1471 de
1938 1428 2064 1472 nulla
2084 1428 2327 1472 substantia

189 1508 259 1562 sit,
281 1522 336 1551 au
357 1507 409 1551 de
430 1508 610 1566 aliqua?
632 1507 729 1551 Non
753 1507 847 1551 dico
870 1507 1071 1566 (inquis)
1097 1507 1148 1550 de
1170 1507 1309 1561 nulla,
1333 1521 1411 1549 nec
1431 1505 1572 1549 dicam
1592 1506 1645 1549 de
1665 1505 1821 1548 nihilo.
1850 1505 1964 1562 Ergo
1984 1506 2036 1549 (16
2057 1506 2205 1566 aliqua
2224 1506 2328 1550 sub-

189 1585 347 1630 stantia
365 1590 443 1629 est.
467 1584 626 1638 Quaero
651 1602 659 1628 :
685 1585 738 1628 de
758 1588 877 1644 qua?
900 1585 947 1628 Si
966 1600 1055 1628 non
1076 1584 1128 1627 de
1148 1584 1289 1627 Patris
1309 1582 1552 1626 substantia
1575 1588 1653 1637 651,
1679 1582 1810 1626 aliam
1831 1597 1994 1641 quaere.
2017 1582 2064 1626 Si
2083 1583 2214 1627 aliam
2235 1599 2326 1628 non

187 1663 375 1718 invenis,
399 1662 541 1707 Patris
560 1676 742 1720 agnosce
763 1662 1075 1716 substantiam,
1100 1666 1142 1704 et
1166 1661 1331 1704 Filium
1352 1676 1453 1703 611111
1472 1660 1601 1703 Patre
1632 1659 1892 1703 homousion
1912 1659 2134 1704 confitere.
2162 1677 2184 1702 »
2205 1661 2325 1705 Idem

188 1740 235 1784 in
255 1740 405 1784 eodem
425 1749 439 1771 ⁵
463 1757 472 1782 z
501 1757 523 1781 «
543 1740 761 1784 Confiteor
786 1740 927 1783 Deum
951 1740 1126 1782 Patrem
1148 1738 1328 1782 omnino
1348 1737 1740 1796 incorruptibiliter
1759 1737 1978 1795 genuisse,
2004 1737 2096 1794 sed,
2119 1739 2238 1797 quod
2257 1744 2322 1782 est

187 1818 296 1878 ipse,
318 1817 531 1875 genuisse.
554 1818 718 1861 Iterum
745 1818 799 1876 (α)
823 1817 917 1860 (1160
949 1817 1067 1876 quod
1098 1831 1210 1876 saepe
1230 1815 1464 1859 dicendum
1486 1820 1547 1859 est
1572 1831 1580 1856 ε
1605 1815 1696 1858 Aut
1729 1814 1780 1858 (16
1808 1815 1956 1874 aliqua
1986 1815 2229 1860 substantia
2260 1823 2324 1861 est

188 1900 317 1938 natus
336 1894 414 1938 Dei
432 1894 571 1939 Filius
587 1929 598 1950 ‚
620 1901 696 1939 aut
714 1894 766 1939 de
785 1894 911 1938 nulla
934 1911 942 1937 ε
966 1894 1002 1937 51
1022 1894 1073 1938 de
1094 1894 1233 1951 nulla,
1260 1908 1363 1950 ergo
1382 1892 1433 1936 de
1456 1892 1611 1948 nihilo,
1636 1892 1754 1952 quod
1774 1908 1850 1936 vos
1865 1892 1957 1952 jam
1983 1907 2072 1936 non
2098 1893 2238 1938 dicitis
2255 1911 2265 1950 ;
2287 1890 2323 1939 si

188 1987 291 2017 vero
321 1972 374 2016 de
405 1972 553 2032 aliqua
571 2007 581 2028 ,
603 1987 682 2016 nec
702 1978 847 2016 tamen
867 1972 918 2016 de
940 1971 1081 2015 Patris
1099 1971 1356 2026 substantia,
1381 1985 1470 2014 non
1489 1976 1551 2013 est
1579 1985 1708 2013 verus
1732 1970 1871 2014 Filius
1895 1986 1903 2012 :
1927 1970 1963 2014 si
1982 1985 2085 2015 vero
2104 1971 2156 2015 de
2177 1971 2320 2016 Patris

188 2049 444 2105 substantia,
467 2050 600 2093 unius
625 2049 909 2109 ejusdemque
939 2049 1193 2094 substantiae
1225 2054 1326 2092 sunt
1355 2048 1484 2092 Pater
1502 2055 1543 2091 et
1570 2047 1711 2091 Filius
1730 2052 1759 2092 ⁶.
1783 2048 1873 2093 Vos
1892 2053 2039 2091 autem
2060 2063 2138 2092 nec
2156 2048 2322 2093 Filium

186 2127 264 2171 Dei
284 2127 336 2171 de
356 2127 597 2172 substantia
615 2127 757 2171 Patris
776 2128 975 2185 genitum
995 2127 1146 2183 vultis,
1170 2132 1210 2170 et
1228 2131 1374 2170 tamen
1395 2140 1513 2182 eum,
1536 2140 1615 2169 nec
1635 2140 1687 2169 ex
1706 2125 1863 2182 nihilo,
1886 2140 1964 2170 nec
1988 2140 2038 2169 ex
2060 2126 2210 2186 aliqua
2232 2142 2323 2171 ma-

186 2204 310 2260 teria,
326 2204 400 2248 sed
421 2220 474 2249 ex
491 2205 621 2249 Patre
641 2220 730 2250 esse
750 2205 1010 2261 conceditis3
1033 2219 1112 2248 nec
1132 2204 1288 2248 videtis
1307 2219 1442 2264 quam
1462 2217 1632 2247 necesse
1651 2203 1721 2259 sit,
1745 2208 1794 2247 ut
1813 2204 1892 2263 qui
1911 2219 2000 2248 non
2022 2209 2151 2248 estex
2164 2204 2320 2261 nihilo,

186 2295 265 2325 nec
282 2296 335 2325 ex
354 2281 503 2341 aliqua
521 2283 607 2327 alia
626 2298 688 2339 re,
712 2283 786 2327 sed
806 2298 858 2327 ex
879 2283 984 2339 Deo,
1008 2283 1093 2326 nisi
1113 2298 1166 2326 ex
1186 2282 1266 2326 Dei
1285 2281 1528 2326 substantia
1546 2296 1635 2325 esse
1654 2297 1743 2326 non
1763 2282 1912 2341 possit,
1936 2287 1977 2326 et
1997 2281 2077 2326 hoc
2097 2297 2186 2326 esse
2204 2282 2323 2342 quod

185 2358 302 2403 Deus
319 2364 398 2414 est,
420 2359 472 2403 de
491 2375 579 2419 quo
599 2366 678 2417 est,
699 2361 744 2404 id
763 2366 842 2417 est,
864 2361 980 2404 Deus
1000 2360 1051 2404 de
1072 2360 1160 2404 Deo
1192 2365 1349 2415 natus3
1373 2359 1478 2419 quia
1504 2374 1594 2404 non
1623 2359 1736 2403 alius
1764 2360 1887 2419 prius
1924 2360 2033 2416 fuit,
2062 2359 2136 2404 sed
2165 2365 2323 2404 natura

186 2441 397 2481 coaeterna
415 2436 468 2480 de
486 2436 577 2481 Deo
595 2443 672 2481 est.
691 2455 713 2480 >³

246 2513 325 2557 His
342 2514 488 2558 verbis
506 2515 742 2573 praemissis
759 2514 887 2559 innui
906 2515 1098 2571 videtur,
1127 2515 1246 2575 quod
1266 2515 1418 2559 divina
1447 2515 1691 2559 substantia
1710 2515 1876 2559 Filium
1896 2516 2121 2574 genuerit,
2142 2520 2184 2559 et
2202 2515 2321 2575 quod

185 2591 325 2636 Filius
342 2590 397 2634 sit
414 2591 588 2648 genitus
605 2591 658 2636 de
677 2592 919 2636 substantia
938 2592 1095 2647 Patris,
1119 2598 1161 2636 et
1179 2593 1297 2652 quod
1318 2593 1370 2637 de
1389 2593 1477 2637 Deo
1499 2598 1560 2636 est
1579 2598 1738 2636 natura
1757 2598 1987 2649 eoaeterna,
2005 2597 2047 2636 et
2062 2592 2179 2652 quod
2194 2593 2324 2636 Pater

185 2668 230 2712 id
249 2669 368 2729 quod
382 2669 472 2729 ipse
488 2676 550 2713 est
563 2669 730 2726 genuit.
753 2670 802 2713 Id
821 2675 967 2713 autem
983 2669 1101 2729 quod
1121 2669 1211 2728 ipse
1236 2675 1314 2725 est,
1337 2670 1487 2714 divina
1507 2669 1690 2713 essentia
1705 2675 1783 2726 est,
1806 2676 1847 2713 et
1868 2671 1929 2714 ita
1948 2670 2093 2729 putari
2109 2674 2244 2728 potest
2258 2669 2325 2712 di..

186 2746 334 2791 vinam
349 2747 578 2799 essentiam
593 2747 1106 2805 genuisseNehementer
1121 2753 1298 2791 movent
1310 2762 1388 2791 nos
1402 2747 1492 2791 haec
1508 2747 1658 2802 verba,
1670 2762 1769 2806 quae
1788 2763 1875 2806 quo
1897 2747 2025 2791 modo
2040 2746 2324 2805 intelligenda

185 2823 272 2868 sint
292 2824 469 2868 mallem
493 2824 547 2868 ab
573 2824 668 2868 aliis
687 2825 857 2881 audire,
881 2840 1016 2884 quam
1038 2825 1129 2885 ipse
1150 2825 1335 2869 tradere.
1358 2825 1417 2868 Ut
1439 2830 1585 2868 tamen
1605 2824 1697 2868 sine
1717 2825 1821 2884 praej
1831 2825 1972 2869 udicio
1999 2830 2129 2884 atque
2153 2824 2323 2868 temeri-

185 2906 272 2944 tate
290 2901 464 2961 loquar,
486 2917 540 2946 ex
558 2902 639 2946 hoc
658 2918 788 2947 sensu
808 2903 921 2946 dicta
940 2908 1121 2962 possunt
1141 2903 1275 2962 accipi
1295 2919 1303 2946 :
1322 2909 1480 2947 natura
1500 2908 1714 2947 coaeterna
1732 2902 1785 2947 (16
1804 2903 1894 2946 Deo
1912 2908 1990 2958 est,
2012 2901 2057 2946 id
2077 2907 2154 2958 est,
2181 2902 2320 2945 Filius

187 2983 427 3023 coaeternus
457 2979 580 3023 Patri
607 2979 660 3023 de
697 2980 824 3024 Patre
857 2986 946 3036 est,
967 2980 1028 3024 ita
1050 2980 1167 3040 quod
1189 2986 1251 3024 est
1270 2980 1420 3024 eadem
1441 2996 1541 3024 cum
1561 2995 1612 3024 eo
1632 2986 1806 3036 natura,
1829 2979 1898 3024 vel
1918 2979 2112 3038 ejusdem
2132 2985 2317 3024 naturae.

188 3053 328 3106 Quem
347 3071 524 3101 sensum
545 3056 777 3101 confirmat
795 3058 1073 3116 Augustinus
1091 3058 1257 3103 ibidem
1277 3059 1526 3118 subjiciens,
1549 3064 1591 3102 et
1610 3058 1727 3118 quod
1742 3058 1910 3101 dixerat
1924 3057 2050 3117 quasi
2063 3058 2316 3117 explanans.

189 3130 310 3176 Dicto
329 3133 448 3177 enim
471 3150 480 3178 :
508 3152 531 3178 «
549 3133 717 3179 Natura
745 3141 959 3179 coaeterna
984 3142 1047 3180 est
1071 3136 1123 3180 de
1151 3136 1240 3180 Deo
1255 3170 1266 3192 ,
1288 3152 1310 3178 »
1337 3135 1456 3179 addit
1476 3152 1485 3179 z
1514 3153 1536 3178 ((
1554 3135 1652 3179 Non
1672 3140 1735 3179 est
1753 3134 1872 3178 aliud
1892 3134 2033 3178 Filius
2053 3150 2187 3195 quam
2206 3135 2319 3180 illud

189 3206 242 3251 de
260 3223 348 3267 quo
368 3215 446 3267 est,
467 3210 512 3255 id
532 3216 610 3267 est,
637 3212 769 3256 unius
785 3212 1068 3273 ejusdemque
1084 3212 1338 3257 substantiae
1357 3219 1435 3257 est.
1458 3231 1481 3256 »
1506 3212 1670 3257 Deinde
1686 3212 1879 3271 apertius
1898 3212 2029 3256 talem
2048 3212 2319 3257 intellectum

186 3297 245 3332 ,ex
258 3286 474 3343 praedictis
495 3289 641 3333 verbis
661 3290 752 3334 fore
773 3289 1024 3334 habendum
1045 3291 1183 3350 aperit
1200 3291 1247 3334 in
1267 3290 1418 3334 eodem
1438 3290 1553 3334 libro
1574 3299 1727 3334 contra
1751 3290 2078 3344 Maaez'mz'num,
2101 3289 2246 3333 dicens
2263 3290 2276 3312 ⁷
2304 3307 2315 3333 :

198 3377 221 3403 ι(
239 3361 427 3408 Trinitas
446 3365 539 3410 haec
557 3367 690 3411 unius
709 3367 992 3428 ejusdemque
1013 3368 1267 3413 substantiae
1288 3373 1350 3411 est
1366 3385 1377 3424 3
1400 3368 1506 3427 quia
1525 3368 1578 3411 de
1597 3383 1688 3412 non
1707 3368 1858 3427 aliqua
1872 3367 2070 3423 materia,
2087 3367 2157 3411 vel
2177 3365 2229 3409 de
2251 3364 2318 3408 ni-

233 3513 247 3535 ¹
264 3518 360 3550 Cont.
384 3519 575 3561 Maximin„
597 3522 656 3554 lib.
684 3524 734 3564 ΙΙ,
757 3532 788 3555 6.
804 3531 876 3564 X1V,
906 3533 942 3555 n.
965 3527 996 3557 2.
1021 3541 1061 3547 —
1084 3523 1250 3563 2Matth.,
1274 3531 1359 3564 xxn,
1381 3524 1432 3555 29.
1453 3540 1494 3546 —
1516 3523 1529 3544 3
1549 3522 1645 3556 Confi.
1673 3523 1866 3561 Maoez'min„
1887 3522 1946 3554 lib.
1966 3523 2018 3565 11,
2038 3532 2068 3554 c.
2082 3529 2154 3563 XIV,
2174 3529 2210 3553 n.
2224 3522 2256 3554 3.
2276 3535 2318 3545 -

193 3566 236 3599 ⁴1
255 3566 363 3603 Joan„
376 3573 411 3606 v,
428 3569 480 3599 20.
493 3585 535 3592 -
552 3569 671 3602 ⁵Cont.
686 3570 949 3610 Mascae·mz'n.‚1ib.
964 3571 1016 3613 ΙΙ,
1037 3581 1068 3604 c.
1083 3579 1154 3612 xiv,
1174 3580 1210 3603 n.
1226 3572 1258 3603 4.
1270 3588 1311 3595 —
1327 3571 1339 3590 ⁶
1355 3569 1454 3611 Ibz'd.‚
1473 3579 1509 3603 n.
1526 3572 1557 3604 2.
1571 3588 1613 3594 —
1626 3571 1640 3593 '⁷
1654 3569 1753 3611 ibid„
1773 3570 1809 3602 in
1823 3569 1968 3611 princip.

237 3660 285 3703 (a)
308 3661 388 3694 Caet.
402 3636 482 3694 edm
504 3664 599 3696 Item.

2381 668 2483 696 Contra

2356 709 2471 736 Paulia-

2368 750 2465 778 nistas.

2364 791 2465 818 Contra

2346 831 2444 859 Arium
2455 836 2483 860 et

2346 873 2482 903 Donatum

2379 2529 2467 2557 Colli·

2383 2580 2452 2607 gens

2343 2621 2484 2641 summam

2353 2655 2472 2690 praedic-

2358 2700 2466 2732 torum,

2344 2739 2436 2774 aperit
2449 2748 2483 2767 ex

2355 2789 2411 2815 quo
2422 2790 2484 2808 sen-

2353 2830 2385 2848 su
2405 2823 2481 2849 acei-

2361 2864 2464 2898 pienda

2355 2905 2421 2933 siut.
