2613 3990
821 324 948 366 DIST.
981 323 1048 365 111.
1079 323 1232 365 PART.
1266 324 1296 365 I.
1329 322 1529 373 QUAEST.
1562 323 1627 364 IV.

172 419 264 460 sive
282 418 428 470 invia,
454 418 601 459 nonin
628 416 810 458 termino
838 429 846 456 :
871 415 972 468 quia
994 414 1079 454 illas
1110 426 1198 454 non

171 490 453 543 perveniunt3
481 490 549 531 sed
573 501 647 542 per
667 488 759 528 illas
778 487 971 540 pervenit
992 486 1121 527 homo
1146 485 1199 526 ad

174 561 321 613 Deum,
339 561 421 602 illis
439 563 533 615 post
550 572 594 601 se
613 559 779 600 relictis.

496 710 771 762 QUAESTIO
802 710 875 751 lv.

170 827 231 864 Aa
255 829 417 864 Trinitas
430 836 663 874 personarum
686 836 762 861 cam
787 824 935 860 Um‘tate
954 825 1108 860 essentz‘oe
1128 834 1195 859 na-

272 888 442 924 turaliter
457 896 525 933 per
545 888 731 921 creaturas
751 886 910 930 coquoscz'
925 885 1040 930 possit
1060 882 1090 916 ¹.

222 990 328 1039 Quid
347 989 400 1029 sit
413 989 463 1030 de
478 988 560 1030 Deo
574 987 856 1040 cognoscibile
870 999 944 1039 per
960 987 1190 1026 creaturas.

167 1060 218 1101 Et
235 1061 333 1102 dicit
351 1060 575 1113 Apostolus
594 1064 608 1085 ²
627 1059 740 1112 quod
762 1059 1016 1111 sempiterna
1038 1058 1192 1108 virtus,

168 1136 207 1174 et
225 1132 453 1174 divinitas.
474 1130 524 1171 Et
543 1131 752 1184 quaeritur
766 1132 913 1170 utrum
932 1142 1006 1182 per
1026 1132 1193 1169 creatu-

166 1215 234 1244 ras
264 1203 393 1256 possit
423 1202 621 1255 cognosci
650 1214 927 1255 personarum
958 1201 1189 1254 pluralitas.

165 1273 215 1314 Et
227 1274 397 1315 videtur
406 1274 519 1327 quod
529 1274 609 1324 sic;
632 1274 732 1326 quia
751 1273 990 1327 philosophi
1009 1284 1096 1312 non
1115 1272 1190 1312 ha-

164 1346 350 1387 buerunt
379 1346 669 1399 cognitionem
696 1346 746 1387 de
773 1346 855 1386 Deo
876 1345 957 1385 nisi
978 1357 1053 1398 per
1076 1356 1192 1384 crea-

163 1420 301 1468 turas3
318 1420 359 1458 et
371 1421 666 1470 cognoverunt
685 1417 932 1457 Trinitatem
947 1431 956 1456 t
970 1428 1090 1468 ergo,
1109 1418 1187 1456 etc.

164 1487 299 1529 Minor
334 1492 446 1542 patet
477 1502 551 1542 per
583 1489 893 1541 Augustinum,
929 1487 980 1529 cle
1009 1487 1190 1529 Gz'fvz‘tate

163 1561 240 1603 Dez'
257 1561 271 1582 ³
302 1573 312 1601 z
343 1560 621 1614 «Philosophi
643 1561 896 1614 tripartitam
923 1560 1068 1600 dicunt
1102 1571 1190 1599 esse

163 1632 486 1685 philosophiam,
501 1633 547 1673 in
562 1646 645 1686 qua
659 1636 719 1673 est
730 1632 915 1683 cognitio
925 1630 1184 1671 Trinitatis.»

217 1706 256 1744 2.
279 1703 397 1752 Item,
415 1705 532 1756 magi
551 1704 793 1745 defecerunt
808 1703 851 1743 in
871 1703 993 1743 tertio
1013 1703 1137 1754 signo
1151 1701 1185 1751 ⁴3

164 1778 204 1815 et
227 1776 455 1828 exponitur
477 1775 589 1828 quod
609 1775 852 1815 defecerunt
874 1775 919 1814 in
946 1774 1188 1826 cognitione

163 1847 298 1887 tertiae
315 1859 520 1900 personae.
540 1847 626 1887 Aut
650 1859 753 1899 ergo
779 1849 987 1899 quantum
1005 1846 1056 1886 ad
1085 1858 1187 1898 pro-

164 1918 269 1971 pria,
291 1922 365 1959 aut
383 1921 591 1971 quantum
611 1919 878 1972 appropriata
900 1932 907 1958 :
930 1930 1018 1958 non
1045 1930 1187 1970 quan-

162 1992 255 2030 tum
280 1990 332 2031 ad
360 1990 642 2043 appropriata,
673 1990 773 2042 quia
803 1989 969 2029 bonitas
1000 1988 1187 2029 maxime

161 2061 282 2101 nobis
300 2060 459 2101 relucet
476 2061 522 2101 in
543 2065 737 2102 creatura
758 2075 766 2102 ε
787 2073 890 2113 ergo
905 2064 1116 2113 quantuni
1135 2061 1187 2102 ad

161 2132 333 2185 propria
362 2146 370 2171 ;
394 2144 499 2184 ergo
517 2133 664 2173 saltem
683 2132 787 2173 duas
806 2145 1006 2186 personas
1025 2145 1186 2187 cogno-

161 2206 328 2244 verunt.

213 2277 252 2316 3.
276 2274 401 2327 Item,
419 2275 501 2317 hoc
532 2276 701 2317 videtur
727 2289 802 2330 per
829 2276 1062 2328 rationem3
1086 2276 1187 2330 quia

2 2359 7 2397 ξ
160 2346 412 2399 vestigium,
435 2360 535 2388 cum
555 2349 663 2389 dicat
691 2349 1016 2398 distinctionem,
1035 2352 1097 2389 est
1116 2360 1183 2389 ra-

159 2418 219 2459 tio
236 2420 518 2471 cognoscendi
532 2420 666 2461 Deum
676 2421 926 2470 distinctive,
950 2421 1042 2462 sive
1061 2421 1106 2461 in
1128 2421 1186 2461 di-

159 2489 379 2532 stinctione
402 2506 410 2532 :
433 2492 504 2532 sed
529 2505 616 2532 non
636 2496 696 2533 est
709 2492 755 2533 in
775 2492 858 2533 Deo
878 2492 957 2532 nisi
973 2492 1184 2533 distinctio

158 2572 439 2613 personarum
459 2577 468 2604 :
490 2575 593 2616 ergo
613 2576 687 2617 per
703 2564 936 2616 vestigium
952 2567 1185 2617 potuerunt

159 2643 410 2684 cognoscere
429 2634 738 2676 distinctionem
758 2648 1053 2689 personarum.

211 2706 251 2744 4.
275 2704 395 2755 Item,
418 2718 493 2759 per
510 2707 744 2759 imaginem
764 2710 824 2747 est
844 2707 1031 2760 cognitio
1050 2707 1186 2748 Trini-

159 2775 254 2815 tatis
268 2778 549 2829 quantumad
567 2778 773 2829 ordinem,
797 2779 1122 2829 distinctionem,
1144 2782 1185 2820 et

159 2847 470 2899 aequalitatem:
493 2850 565 2890 sed
593 2850 779 2902 cognitio
815 2863 890 2903 per
918 2851 1180 2903 imaginem,

159 2920 219 2958 est
232 2920 417 2971 cognitio
443 2933 519 2974 per
546 2924 784 2962 creaturam
805 2938 812 2963 :
836 2934 939 2974 ergo
968 2935 1043 2975 per
1063 2934 1184 2963 crea—

158 2993 299 3030 turam
317 2994 547 3044 potuerunt
566 3005 819 3045 cognoscere
837 2993 1100 3035 Trinitatem.

211 3062 250 3102 5.
271 3061 395 3112 Item,
422 3063 631 3105 difficilior
657 3068 719 3105 est
742 3066 928 3118 cognitio
947 3067 1183 3120 proprieta-

158 3134 250 3172 tum
257 3134 519 3175 occultarum
530 3139 748 3185 creaturae,
759 3149 889 3189 quarn
901 3139 1085 3189 cognitio
1094 3139 1185 3191 plu-

158 3203 332 3245 ralitatis
355 3217 660 3258 personarum3
687 3207 788 3259 quia
809 3208 879 3248 illa
904 3221 992 3250 non
1020 3210 1185 3263 capitur

159 3273 241 3313 nisi
258 3287 283 3314 a
305 3276 477 3328 magnis
498 3279 539 3317 et
560 3277 804 3329 subtilibus,
825 3278 919 3320 haec
942 3283 1086 3322 autem
1113 3294 1182 3322 ca-

160 3343 274 3396 pitur
298 3358 324 3386 a
350 3347 528 3389 rudibus
555 3351 596 3388 et
621 3349 922 3402 insipientibus
944 3363 954 3391 :
987 3363 1114 3404 ergo,
1150 3353 1185 3393 si

40 1005 86 1033 Ad
101 1015 150 1042 op-

10 1055 71 1084 pos.

12 3393 13 3400 ¹
26 3395 30 3415 l

163 3489 167 3492 ·
205 3440 282 3480 ¹Cf.
302 3441 464 3474 Alexand.
484 3444 630 3485 Alensis,
649 3455 685 3486 p.
705 3446 732 3485 I,
751 3454 786 3486 q.
803 3453 849 3485 11,
871 3447 1000 3478 memb.
1013 3449 1043 3488 1,
1064 3451 1128 3480 art.
1143 3450 1181 3489 33

161 3489 195 3519 5.
213 3487 380 3529 Thomas,
399 3499 434 3531 p.
455 3492 480 3531 Ι,
501 3502 534 3533 q.
549 3501 668 3534 xxxu,
689 3495 752 3525 art.
772 3497 811 3533 13
842 3495 876 3525 et
894 3493 932 3524 cle
952 3495 1063 3534 verit„
1085 3505 1118 3537 q.
1138 3505 1183 3538 x,

159 3536 220 3565 art.
240 3536 298 3575 133
318 3536 443 3577 AEgid.,
463 3539 472 3569 I
490 3539 594 3578 Sent.,
615 3540 692 3572 dist.
708 3549 759 3581 111,
778 3550 812 3582 q.
828 3548 875 3572 lv.
888 3557 927 3564 —·
942 3541 955 3561 ‘2
968 3542 1071 3581 Rom„
1090 3551 1114 3584 Ι,
1131 3546 1182 3577 20.

159 3599 199 3604 —
212 3581 226 3603 ³
239 3583 287 3613 De
309 3583 409 3616 Cz'vz‘t.
426 3585 504 3623 Dei,
523 3586 581 3618 lib.
596 3588 657 3628 ΧΙ,
680 3597 708 3619 c.
724 3596 805 3620 xxv.
819 3606 859 3611 —
871 3588 883 3609 '⁴
898 3588 1016 3627 Exod„
1034 3598 1114 3631 vni,
1133 3594 1182 3624 18.

33 3613 37 3640 ἱ
203 3641 245 3682 (a)
266 3641 388 3683 Supple
407 3652 418 3674 :
447 3652 550 3685 ergo,
580 3645 608 3677 si
634 3646 778 3679 Trinitas
797 3647 958 3688 cognosci
984 3651 1099 3689 posset
1116 3659 1176 3691 per

2245 330 2291 366 ’71

1271 416 1501 467 potuerunt
1520 425 1594 465 per
1623 412 1897 466 proprietates
1916 416 2209 454 creaturarum
2231 415 2298 455 vi-

1271 485 1411 525 sibiles
1430 484 1650 536 pervenire
1660 484 1712 524 ad
1729 483 1975 532 invisibiles,
1998 484 2133 524 inulto
2150 485 2300 525 fortius

1271 556 1323 596 ad
1343 555 1686 607 cognoscendum
1710 566 1911 607 personas
1943 566 2031 594 esse
2061 554 2219 607 plures.
2248 555 2300 596 Et

1269 627 1350 667 hoc
1369 630 1431 667 est
1444 627 1558 680 quod
1579 626 1730 667 dicitur
1749 627 1794 666 in
1813 626 2044 679 Sapientia
2057 627 2070 648 ὅ
2087 640 2099 665 .·
2119 626 2165 667 Si
2188 627 2301 668 enim

1270 708 1438 747 tantam
1465 708 1698 757 potuerant
1724 705 1835 746 scire
1858 703 1971 757 qaod
1993 706 2188 756 poterant
2215 714 2288 745 soe-

1268 776 1410 817 culam
1441 786 1714 825 mensurare,
1748 774 1953 828 quomodo
1988 774 2118 826 haJas
2152 775 2296 816 Domi-

1267 857 1370 889 nam
1389 858 1475 890 aon
1493 846 1669 900 facilius
1692 848 1949 889 invenerant
1963 847 1984 887 Ρ

1321 919 1504 960 Contra:
1535 919 1726 971 Cognitio
1760 918 1974 959 Trinitatis
2013 919 2076 958 est
2110 916 2295 969 cognitio

1266 990 1364 1031 fidei
1385 1005 1394 1032 z
1414 991 1484 1032 sed
1504 991 1692 1043 cognitio
1711 990 1809 1030 fidei
1829 992 1890 1030 est
1914 989 1965 1030 de
1984 989 2050 1029 his
2077 1000 2173 1041 quae
2195 991 2295 1028 sunt

1266 1073 1395 1115 supra
1433 1063 1642 1103 rationem
1664 1075 1674 1103 ε
1710 1064 1750 1102 et
1789 1073 1886 1114 quae
1917 1073 2045 1113 supra
2082 1060 2290 1100 rationem

1266 1137 1380 1185 sunt,
1402 1147 1489 1175 non
1507 1137 1684 1188 possunt
1702 1133 1899 1186 cognosci
1919 1144 1994 1185 per
2019 1134 2232 1172 creaturas
2249 1131 2262 1152 Β
2283 1144 2291 1170 :

1265 1218 1384 1258 ergo,
1404 1209 1482 1247 etc.

1319 1278 1438 1329 Item,
1458 1290 1546 1318 non
1566 1281 1627 1318 est
1646 1280 1660 1303 ⁷
1681 1277 1762 1317 nisi
1785 1276 1952 1317 duobus
1973 1274 2109 1316 modis
2137 1274 2187 1315 de
2210 1273 2293 1314 Deo

1264 1361 1518 1401 cognoscere
1543 1362 1618 1402 per
1646 1352 1883 1390 creaturam
1906 1362 1915 1388 ε
1942 1350 2016 1388 aut
2042 1345 2293 1387 affirmando

1265 1422 1378 1473 quod
1396 1424 1457 1461 est
1474 1421 1520 1461 in
1548 1423 1755 1470 creatura,
1778 1422 1851 1460 aut
1880 1418 2036 1468 simile;
2055 1421 2130 1458 aut
2146 1428 2289 1457 remo-

1264 1493 1401 1532 vendo
1421 1507 1429 1533 ε
1452 1492 1523 1532 sed
1542 1491 1725 1532 Trinitas
1743 1503 1829 1531 non
1848 1489 2117 1542 cognoscitur
2137 1501 2211 1542 per
2229 1501 2293 1529 re-

1264 1564 1518 1613 motionem,
1542 1564 1613 1604 sed
1645 1575 1719 1616 per
1752 1562 2003 1615 positionem
2030 1561 2100 1613 (a).
2137 1559 2217 1600 Sed
2248 1559 2293 1599 in

1263 1635 1381 1675 nulla
1402 1639 1595 1676 creatura
1621 1635 1839 1675 invenitur
1863 1633 2083 1686 pluralitas
2101 1631 2291 1684 supposi-

1262 1710 1406 1748 torum
1426 1720 1525 1748 cum
1545 1707 1706 1747 unitate
1730 1705 1943 1747 essentiae:
1967 1715 2085 1755 ergo,
2108 1706 2185 1743 etc.

1318 1779 1436 1827 Item,
1456 1779 1525 1819 lex
1544 1779 1697 1831 scripta
1713 1781 1775 1818 est
1795 1788 1920 1829 super
1940 1776 2082 1828 legem
2108 1777 2288 1823 naturas,

1262 1851 1352 1892 sive
1378 1851 1485 1891 liber
1525 1862 1654 1891 sacrae
1696 1849 1924 1902 Scriptura}
1963 1859 2090 1900 super
2129 1847 2289 1887 librum

1261 1923 1492 1963 mundanae
1513 1924 1718 1963 creaturae
1737 1935 1745 1962 :
1763 1921 1835 1961 sed
1846 1920 2005 1969 nullus,
2025 1919 2106 1959 fide
2127 1931 2287 1969 carens,

1261 2007 1337 2047 per
1354 2006 1516 2035 sacram
1536 1992 1799 2046 Scripturam
1812 1991 1928 2033 venit
1943 1991 1988 2031 in
2002 1990 2288 2043 cognitionem

1260 2066 1512 2119 pluralitatis
1530 2077 1808 2118 personarum
1831 2079 1840 2105 ;
1863 2076 1967 2116 ergo
1984 2064 2119 2104 multo
2142 2062 2285 2103 minus

1260 2150 1336 2191 per
1348 2138 1507 2178 librum
1524 2137 1755 2178 mundanae
1775 2138 1994 2176 creaturae.

1623 2260 1924 2304 CONCLUSIO.

1263 2359 1425 2394 Trinitas
1443 2366 1676 2403 personarum
1695 2357 1735 2391 tn
1755 2355 1890 2391 divinis
1904 2365 1979 2390 cam
2001 2355 2150 2391 Unitate
2169 2364 2284 2390 essen-

1309 2420 1369 2453 τίω
1404 2428 1475 2453 non
1519 2419 1569 2452 est
1599 2415 1847 2461 cognoscibilis
1882 2425 1949 2461 per
1981 2418 2187 2457 creaturam
2228 2414 2291 2449 secl

1310 2478 1391 2514 bene
1417 2479 1566 2513 trinitas
1597 2477 1936 2523 appropriatoram,
1961 2475 2097 2511 scilicet
2124 2476 2278 2517 veritas,

1306 2540 1442 2582 unitas,
1467 2538 1621 2573 bonitas.

1315 2638 1435 2690 Resp.
1452 2637 1505 2678 ad
1519 2637 1623 2689 Arg.
1643 2636 1875 2677 Dicendum
1888 2638 1917 2685 ⁸,
1938 2634 2052 2688 quod
2071 2632 2287 2687 pluralitas

1259 2721 1540 2763 personarum
1565 2721 1664 2749 cum
1690 2708 1853 2748 unitate
1877 2706 2068 2748 essentiae
2095 2708 2156 2746 est
2186 2716 2289 2758 pro-

1259 2783 1401 2835 prium
1428 2781 1584 2823 divinae
1612 2783 1778 2821 naturae
1815 2779 1958 2829 solius,
1987 2778 2110 2830 cujus
2147 2776 2285 2817 simile

1259 2866 1336 2894 nec
1350 2853 1558 2906 reperitur
1568 2852 1614 2892 in
1628 2854 1835 2901 creatura,
1850 2863 1928 2891 nec
1945 2852 2078 2902 potest
2093 2848 2285 2901 reperiri,

1259 2937 1337 2966 nec
1354 2924 1657 2966 rationabiliter
1682 2923 1882 2975 cogitari;
1901 2921 1994 2962 ideo
2014 2920 2133 2961 nullo
2162 2921 2288 2961 modo

1259 2997 1424 3037 trinitas
1458 3007 1739 3050 personarum
1775 2997 1836 3034 est
1874 2992 2170 3045 cognoscibilis
2212 3004 2287 3045 per

1260 3072 1512 3117 creaturam,
1534 3066 1838 3108 rationabiliter
1857 3064 2119 3106 ascendendo
2138 3077 2163 3104 a
2177 3076 2288 3105 crea-

1258 3143 1356 3181 tura
1369 3140 1413 3180 in
1433 3140 1591 3180 Deum:
1618 3138 1704 3185 sed,
1719 3137 1815 3177 licet
1834 3148 1921 3176 non
1937 3136 2091 3176 habeat
2112 3136 2287 3176 omnino

1260 3211 1412 3260 simile,
1436 3211 1562 3251 habet
1579 3212 1725 3249 tamen
1742 3207 1884 3260 aliquo
1915 3207 2040 3248 modo
2063 3207 2177 3260 quod
2194 3219 2287 3248 cre-

1260 3283 1372 3323 ditur
1400 3281 1538 3322 simile
1568 3280 1615 3320 in
1648 3281 1856 3320 creatura.
1888 3277 2006 3320 Unde
2042 3278 2150 3329 dico,
2172 3278 2284 3330 quod

1259 3352 1501 3406 philosophi
1528 3362 1755 3403 nunquam
1790 3352 2085 3402 cognoverunt
2113 3361 2188 3402 per
2216 3361 2287 3389 ra-

1258 3466 1300 3472 -
1311 3447 1425 3488 5Sap„
1440 3452 1518 3485 xiii,
1533 3447 1608 3478 9.—
1623 3444 1760 3485 ⁶Dion.‚
1777 3444 1816 3476 de
1830 3445 1906 3476 Dz'v.
1921 3444 2069 3483 Nomia,
2086 3454 2116 3475 c.
2130 3443 2223 3475 1.—-⁷
2235 3443 2288 3474 Ri-

1260 3495 1390 3534 chard.‚
1410 3497 1472 3525 art.
1493 3502 1531 3533 11,
1553 3502 1584 3534 q.
1607 3500 1668 3532 1113
1687 3492 1802 3533 Dion„
1820 3492 1859 3523 de
1882 3493 1983 3533 Myst.
2007 3491 2127 3529 leeol.,
2150 3501 2180 3521 c.
2201 3498 2289 3523 v.—

1261 3545 1272 3563 e
1291 3544 1338 3574 lta
1349 3541 1520 3581 Richard.‚
1537 3541 1595 3572 ubi
1611 3549 1731 3581 supra3
1747 3539 1882 3580 Thom.‚
1901 3549 1935 3580 p.
1952 3540 1983 3579 1,
1999 3548 2032 3579 q.
2049 3545 2159 3578 XXXII,
2172 3539 2236 3569 art.
2254 3540 2284 3570 1.

1260 3605 1447 3635 creaturam
1452 3625 1462 3641 ,
1479 3609 1551 3632 non
1564 3601 1653 3631 esset.
1670 3599 1763 3631 illam
1776 3608 1984 3639 cognoscere
2004 3596 2071 3629 nisi
2085 3596 2284 3628 affirmando

1260 3652 1300 3683 de
1320 3650 1377 3682 illa
1394 3647 1520 3690 aliquid
1535 3647 1643 3679 simile
1664 3646 1736 3688 ejus
1752 3647 1842 3688 quod
1856 3648 1906 3678 est
1924 3646 1958 3678 in
1976 3647 2140 3677 creatura.

2343 920 2454 948 Funda-

2316 966 2420 990 menta.
