2613 3990
153 2863 198 2890 Ad
211 2872 264 2898 op-

129 2914 188 2941 pos.

964 239 1091 281 DIST.
1124 240 1210 280 XII.
1243 240 1362 280 ART·
1395 241 1426 281 Ι.
1456 237 1651 288 QUAEST.
1686 236 1750 277 IV.

274 335 506 377 secundum
537 334 745 375 rationem
785 331 1066 383 intelligendi3
1107 333 1146 371 et
1182 331 1296 384 quod

274 406 491 460 generatio
520 406 626 456 Filii,
651 403 883 445 ostenditur
912 402 999 443 sic:
1028 402 1077 442 In
1109 402 1297 454 imagine

274 481 412 520 creata
437 478 495 518 sic
513 480 589 528 est,
612 475 724 529 quod
754 474 986 515 secundum
1011 473 1201 514 ordinem
1230 474 1295 515 in-

275 550 489 601 telligendi
504 549 619 602 prior
631 550 691 588 est
704 545 914 587 emanatio
933 545 1092 585 notitiae
1105 557 1127 584 a
1140 548 1294 594 mente,

275 634 403 676 quam
432 621 600 669 amoris,
630 619 738 659 sicut
764 617 858 658 vult
886 616 1175 669 Augustinus;
1200 616 1298 669 quia

275 693 489 746 incognita
507 704 594 733 non
620 702 846 744 possumus
866 689 1057 741 diligere,
1077 688 1183 728 sicut
1202 689 1300 729 dicit

276 765 598 818 Augustinus¹:
632 774 756 815 ergo,
789 761 823 801 si
859 761 960 801 ordo
997 760 1226 801 attenditur
1253 761 1298 800 in

274 837 462 890 imagine
481 835 714 876 secundum
733 833 1070 874 conformitatem
1089 832 1141 872 ad
1157 830 1298 872 Trini-

276 911 404 950 tatem
421 908 673 956 increatam3
705 917 808 958 ergo
834 904 1069 945 secundum
1093 903 1300 943 rationem

275 978 538 1031 intelligendi
565 978 681 1031 prior
704 980 765 1018 est
790 989 1008 1030 processus
1027 975 1144 1016 verbi
1172 987 1301 1027 quam

277 1050 431 1091 amoris
448 1049 492 1089 in
516 1049 684 1098 divinis,
715 1048 901 1088 maxime
922 1060 1020 1088 cum
1050 1059 1123 1100 per
1148 1046 1300 1098 imagi-

276 1133 374 1161 nem
404 1122 587 1161 creatam
619 1120 910 1173 intelligamus
946 1118 1193 1159 Trinitatem
1233 1118 1302 1158 in-

277 1194 473 1233 creatam.

329 1265 447 1314 Item,
481 1264 589 1305 sicut
619 1264 711 1305 vult
749 1263 1073 1317 Philosophus2,
1108 1263 1304 1303 voluntas

275 1339 337 1377 est
355 1338 421 1390 cuj
430 1350 479 1377 us
495 1336 755 1390 principium
774 1340 835 1377 est
856 1337 902 1377 in
920 1337 1010 1389 ipso
1027 1337 1305 1387 cognoscente

275 1408 511 1461 singularia
529 1423 538 1449 ε
556 1421 660 1461 ergo
677 1409 887 1458 voluntas,
905 1411 951 1448 ut
965 1407 1173 1457 voluntas,
1195 1418 1303 1459 pree-

276 1481 475 1534 supponit
507 1480 826 1533 cognitionem:
856 1491 960 1532 ergo
993 1478 1306 1519 emanationem

277 1553 397 1595 verbi
418 1553 630 1595 emanatio
648 1553 818 1593 amoris.

331 1625 450 1676 Item,
481 1637 606 1666 omne
637 1624 892 1677 principium
923 1622 1157 1663 secundum
1182 1621 1306 1662 ratio-

280 1709 378 1738 nem
404 1696 667 1749 intelligendi
687 1696 806 1749 prius
825 1698 899 1744 est,
922 1707 1051 1747 quam
1079 1693 1307 1746 principia-

281 1771 373 1809 tum
394 1783 402 1809 :
449 1768 521 1809 sed
561 1767 693 1808 Filius
733 1770 794 1807 est
835 1766 1092 1820 principium
1128 1764 1309 1817 Spiritus

280 1840 410 1880 sancti
429 1855 437 1880 :
457 1852 560 1892 ergo
575 1840 809 1880 secundum
823 1839 1030 1879 rationem
1045 1837 1308 1888 intelligendi

280 1913 443 1964 oportet
466 1911 791 1964 praeintelligere
814 1910 984 1960 Filium,
1019 1921 1147 1962 quam
1176 1908 1310 1961 Spiri-

280 1984 373 2022 tum
396 1984 615 2022 sanctum:
644 1994 747 2034 ergo
777 1985 817 2023 et
845 1981 1180 2033 generationem,
1211 1992 1308 2033 quae

280 2057 342 2095 est
356 2055 568 2096 emanatio
578 2054 686 2105 Filii,
702 2054 820 2107 prius
832 2066 962 2108 quam
976 2053 1305 2107 processionem,

279 2138 376 2179 quae
396 2129 457 2167 est
477 2125 657 2180 Spiritus
673 2127 818 2167 sancti.

332 2197 452 2249 Item,
470 2198 515 2238 in
532 2198 650 2239 omni
667 2201 820 2251 agente
839 2210 914 2252 per
940 2197 1117 2239 modum
1142 2200 1307 2238 naturae

281 2271 321 2310 et
338 2269 584 2320 voluntatis,
604 2270 824 2322 productio
844 2281 919 2323 per
942 2269 1115 2309 modum
1142 2271 1307 2309 naturae

281 2343 532 2395 intelligitur
568 2346 663 2384 ante
697 2343 1017 2396 productionem
1047 2342 1276 2383 voluntatis
1295 2355 1304 2382 :

281 2425 400 2466 ergo,
416 2426 515 2455 cum
532 2414 651 2455 Pater
668 2414 722 2454 sit
738 2417 890 2455 natura
906 2413 1198 2454 intellectualis
1214 2426 1309 2467 pro-

281 2486 438 2528 ducens
455 2486 616 2528 Filium
635 2486 953 2528 connaturalem
975 2489 1015 2526 et
1039 2498 1112 2538 per
1132 2486 1309 2526 modum

280 2561 466 2609 naturae,
500 2561 540 2600 et
567 2559 772 2612 Spiritum
799 2561 993 2599 sanctum
1026 2571 1101 2612 per
1133 2558 1308 2598 modum

281 2631 525 2681 voluntatis,
546 2633 595 2672 ut
615 2643 744 2684 supra
762 2633 922 2672 tactum
946 2633 1029 2680 est;
1060 2642 1163 2682 ergo
1193 2642 1310 2670 ema-

282 2704 396 2745 natio
413 2703 508 2744 Filii
527 2703 642 2757 prior
660 2706 736 2755 est,
759 2703 995 2744 secundum
1015 2702 1223 2743 rationem
1244 2702 1308 2743 in-

282 2775 514 2829 telligendi,
535 2775 802 2816 emanatione
821 2774 999 2828 Spiritus
1015 2774 1161 2814 sancti.

337 2846 512 2888 Contra:
548 2850 586 2887 1.
618 2846 697 2888 Per
714 2846 1034 2899 Augustinum³
1055 2860 1064 2884 τ
1102 2844 1310 2886 «Partum

286 2918 438 2959 mentis
467 2918 663 2972 praecedit
694 2917 905 2971 appetitus
930 2917 1120 2971 quidam,
1151 2928 1238 2970 quo
1267 2916 1310 2957 id

285 2990 397 3043 quod
412 3002 534 3031 nosse
546 2990 748 3032 volumus
762 2989 990 3042 quaerendo
1003 2991 1044 3029 et
1055 2988 1310 3029 inveniendo

285 3062 472 3103 nascitur
498 3061 637 3115 proles
655 3061 747 3114 ipsa
765 3060 913 3101 notitia
932 3075 939 3101 :
961 3075 979 3098 ›>
1005 3072 1108 3112 ergo
1128 3062 1225 3100 ante
1250 3062 1312 3100 est

286 3131 332 3172 in
349 3133 538 3186 imagine
556 3135 694 3174 creata
711 3132 934 3186 appetitus,
954 3144 1085 3185 quam
1105 3131 1157 3172 sit
1175 3131 1312 3184 proles

287 3205 461 3246 notitia:
495 3218 599 3258 ergo
634 3208 732 3246 ante
764 3217 898 3255 amor,
939 3217 1069 3257 quam
1099 3204 1308 3245 verbum:

289 3288 392 3328 ergo
410 3279 450 3317 et
467 3277 675 3330 processio
695 3279 791 3318 ante
810 3276 1144 3329 generationem.

341 3350 380 3387 2.
402 3347 521 3398 Item,
547 3349 692 3389 nullus
712 3348 860 3390 videns
886 3359 977 3387 rem
1005 3346 1220 3399 cognoscit
1243 3345 1312 3399 ip-

332 3477 343 3499 ¹
364 3478 517 3518 August„
535 3477 574 3509 de
588 3478 721 3517 Trinit„
736 3478 794 3510 lib.
811 3479 857 3519 X,
879 3488 908 3510 c.
925 3485 948 3518 1,
969 3486 1004 3508 n.
1022 3480 1096 3508 l.—
1112 3477 1123 3495 ²
1142 3476 1257 3516 Arist„
1275 3475 1314 3507 [Ie

290 3525 405 3557 Motib.
421 3525 603 3556 animal.—
615 3526 629 3548 ³
642 3527 797 3568 August„
815 3526 854 3557 de
868 3526 968 3563 Trin„
989 3525 1048 3556 lib.
1066 3526 1127 3565 lx,
1148 3535 1177 3556 c.
1194 3532 1256 3564 xil,
1278 3533 1313 3554 n.

292 3573 342 3605 18.
356 3590 397 3596 —
418 3573 432 3596 ¹·
453 3573 569 3614 Arist„
592 3572 632 3604 de
654 3574 757 3606 Sensu
777 3573 976 3619 etRSensatO.
1001 3590 1042 3596 —
1068 3573 1081 3595 ⁵
1105 3574 1259 3613 August.,
1276 3570 1315 3602 cle

2327 239 2404 276 ⁹215

1372 342 1477 378 sam,
1515 328 1599 369 nisi
1630 327 1806 368 intentio
1843 326 2074 367 voluntatis
2107 327 2286 379 applicet
2315 327 2403 367 vim

1372 401 1699 454 cognoscentem
1732 399 1810 452 ipsi
1849 397 2124 449 cognoscibili
2140 397 2168 447 t,
2212 401 2259 438 ut
2294 401 2406 450 patet

1373 473 1422 513 de
1442 471 1614 512 homine
1635 473 1761 510 eunte
1784 481 1858 522 per
1878 468 2011 516 viam,
2040 468 2113 521 qui
2134 480 2233 508 cum
2254 468 2342 518 ivit,
2367 472 2407 509 et

1371 543 1469 584 alibi
1487 542 1703 594 cogitavit,
1723 541 1902 594 perfecte
1918 539 2051 580 nescit
2069 551 2154 591 quo
2174 539 2403 590 transierit,

1373 616 1479 656 sicut
1507 614 1606 655 dicit
1637 612 1909 665 Augustinus
1924 615 1937 636 5
1958 611 2002 651 in
2020 609 2072 651 XI
2094 610 2144 652 de
2177 611 2404 653 Trinitate.

1374 688 1486 740 Ergo
1503 686 1699 727 voluntas
1718 683 1915 737 praecedit
1933 683 2071 735 ipsam
2087 682 2375 734 cognitionem
2395 694 2404 723 :

1372 772 1475 812 ergo
1494 770 1614 798 amor
1631 756 1820 798 Verbum
1848 756 1893 795 in
1925 753 2156 795 creaturis:
2190 766 2293 806 ergo
2316 755 2408 806 pari

1374 832 1534 872 ratione
1548 831 1593 870 in
1611 829 1705 880 Deo,
1719 829 1868 868 saltem
1881 827 2117 868 secundum
2128 825 2405 866 intellectum.

1428 906 1465 943 3.
1490 902 1607 949 Item,
1631 900 1737 940 sicut
1753 899 1845 940 vult
1866 897 2191 950 Philosopbusss,
2217 898 2406 950 primum

1375 978 1416 1016 et
1443 973 1738 1014 immediatum
1763 973 1825 1012 est
1848 969 1976 1009 idem.
2006 967 2123 1009 Unde
2147 969 2252 1021 ipse,
2285 968 2329 1008 in.
2357 969 2410 1009 li—

1377 1046 1461 1086 bris
1495 1045 1797 1092 posteriorum,
1832 1040 2045 1081 diffiniens
2079 1039 2411 1092 propositionem

1375 1116 1679 1166 immediatam,
1700 1113 1799 1155 dicit
1817 1111 1931 1165 quod
1946 1111 2191 1151 immediata
2213 1112 2410 1164 proposi-

1377 1189 1434 1230 tio
1462 1190 1523 1229 est
1550 1187 1640 1237 illa,
1681 1198 1765 1239 qua
1794 1196 1882 1224 non
1911 1185 1972 1224 est
2002 1183 2132 1223 altera
2168 1182 2294 1235 prior.
2330 1182 2407 1223 Sexi

1378 1273 1501 1313 aezlue
1524 1258 1765 1299 immediate
1788 1255 1970 1309 Spiritus
1994 1258 2164 1295 sanctus
2184 1254 2370 1307 procedit
2390 1268 2414 1294 a

1379 1331 1515 1380 Patre,
1545 1334 1592 1370 ut
1625 1329 1784 1369 Filius:
1818 1339 1921 1379 ergo
1953 1338 2075 1379 aeque
2104 1326 2275 1378 primo:
2308 1338 2413 1378 ergo

1379 1416 1456 1444 nec
1474 1403 1709 1443 secundum
1732 1412 1837 1450 rem,
1859 1411 1936 1439 nec
1955 1398 2190 1440 secundum
2207 1397 2414 1439 rationem

1380 1474 1642 1526 intelligendi
1673 1471 1891 1525 generatio
1914 1470 2007 1511 Filii
2028 1469 2228 1523 praecedit
2248 1481 2415 1523 proces-

1381 1546 1542 1586 sionem
1564 1544 1746 1598 Spiritus
1767 1543 1917 1584 sancti.

1434 1619 1472 1656 4.
1497 1616 1613 1666 item,
1637 1618 1795 1668 quanto
1815 1613 1973 1667 aliquid
1987 1612 2275 1660 communius,
2297 1613 2416 1652 tanto

1381 1688 1501 1741 prius
1523 1690 1583 1728 est
1611 1686 1848 1727 seeundum
1873 1684 2081 1725 rationem
2112 1683 2379 1736 intelligendi
2403 1698 2412 1724 ε

1381 1760 1451 1800 sed
1469 1759 1640 1812 spiratio
1661 1761 1722 1799 est
1740 1757 2010 1798 communior
2031 1768 2161 1809 quam
2182 1754 2416 1807 generatio,

1383 1832 1479 1884 quia
1511 1831 1710 1871 convenit
1739 1829 1853 1870 Patri
1883 1831 1922 1869 et
1956 1827 2085 1877 Filio,
2109 1827 2178 1867 sed
2201 1826 2419 1879 generatio

1382 1903 1458 1943 soli
1479 1902 1590 1943 Patri
1613 1915 1622 1942 ε
1656 1914 1759 1954 ergo
1788 1901 1904 1954 prior
1932 1902 1993 1940 est
2018 1898 2254 1940 secundum
2286 1897 2418 1938 ratio-

1381 1987 1480 2015 nem
1498 1973 1761 2026 intelligendi
1783 1972 1976 2025 spiratio,
1998 1983 2129 2024 quam
2150 1970 2388 2023 generatio.

1752 2131 2051 2175 CONCLUSIO.

1383 2247 1569 2284 Generatz‘o
1588 2245 1679 2280 Filii·
1696 2271 1704 2286 ,
1725 2241 1914 2279 secundam
1945 2242 2124 2276 rationem
2155 2237 2387 2283 intelligendi·
2404 2266 2413 2279 ‚

1430 2309 1480 2342 est
1494 2308 1597 2352 prior
1623 2305 1842 2351 spiratione,
1869 2312 1945 2337 cum
1975 2301 2091 2335 Filius
2116 2301 2164 2335 sit
2191 2299 2419 2345 principium

1429 2366 1585 2412 Spiritus
1599 2365 1729 2407 sancti,
1745 2366 1779 2399 et
1791 2361 2038 2408 procedatgper
2057 2359 2196 2395 modum
2218 2361 2371 2394 naturae.

1438 2481 1557 2534 Resp.
1584 2480 1635 2520 ad
1664 2479 1768 2530 Arg.
1792 2477 2025 2519 Dicendum
2054 2475 2189 2529 quod,
2212 2474 2420 2527 quidquid

1383 2554 1434 2594 sit
1468 2553 1518 2594 de
1554 2551 1703 2592 ordine
1732 2549 1861 2599 reali,
1897 2549 1948 2589 de
1977 2560 2064 2601 quo
2089 2547 2198 2587 infra
2233 2546 2418 2596 dicetur,

1382 2625 1618 2666 secundum
1656 2622 1869 2662 rationem
1904 2618 2170 2671 intelligendi
2211 2617 2327 2670 prior
2361 2620 2424 2659 est

1384 2696 1592 2738 emanatio
1612 2693 1738 2736 Verbi
1761 2706 1770 2730 ·.
1792 2694 1886 2733 tum
1914 2691 2013 2744 quia
2035 2689 2222 2731 Verbum
2243 2690 2304 2728 est
2324 2687 2422 2741 Spi-

1384 2769 1491 2810 ritus
1525 2766 1656 2808 sancti
1696 2764 1976 2819 principium3
2021 2763 2115 2802 tum
2149 2760 2278 2801 etiam
2318 2759 2422 2813 quia

1383 2840 1572 2882 Verbum
1600 2837 1786 2892 procedit
1815 2848 1890 2889 per
1915 2834 2092 2875 modum
2118 2834 2285 2873 naturae
2303 2863 2313 2880 ,
2348 2831 2420 2872 sed

1385 2912 1567 2965 Spiritus
1581 2912 1750 2951 sanctus
1767 2920 1841 2962 per
1861 2906 2039 2947 modum
2059 2904 2244 2945 liberalis
2259 2903 2422 2945 volun-

1382 2984 1502 3035 tatis;
1522 2986 1616 3025 tum
1643 2982 1772 3023 etiam
1802 2979 1902 3034 quia
1931 2976 2211 3030 intelligimus
2240 2988 2418 3017 emana-

1383 3056 1518 3096 tiones
1536 3055 1583 3095 in
1602 3052 1790 3107 personis
1815 3062 1890 3104 per
1915 3048 2204 3090 emanationes
2227 3049 2416 3100 repertas

1384 3128 1428 3167 in
1447 3127 1636 3179 imagine
1660 3141 1667 3166 ι
1693 3125 1736 3164 in
1754 3122 1942 3175 imagine
1959 3123 2104 3162 autem
2126 3121 2287 3160 constat
2304 3118 2422 3171 quod

1385 3198 1572 3251 cognitio
1593 3199 1633 3237 et
1651 3194 1931 3247 intelligentia
1946 3191 2145 3246 praecedit
2164 3201 2354 3231 amorem
2377 3190 2418 3229 et

1385 3271 1663 3313 voluntatem.
1687 3266 1780 3308 Non
1799 3270 1943 3307 tamen
1963 3264 2059 3307 volo
2077 3264 2214 3305 dicere
2243 3260 2355 3315 quod
2376 3259 2422 3300 in

1385 3342 1540 3383 divinis
1565 3341 1618 3381 sit
1642 3339 1852 3381 emanatio
1878 3340 2034 3379 natura
2061 3335 2265 3390 posterior
2304 3344 2421 3373 ema-

1389 3413 1579 3463 natione,
1602 3412 1709 3452 sicut
1731 3410 1968 3464 reperimus
1985 3409 2030 3448 in
2048 3407 2240 3459 imagine
2263 3406 2416 3444 creata.

1391 3522 1492 3558 Tria„
1509 3520 1566 3551 lib.
1584 3520 1641 3560 XI,
1663 3529 1692 3551 c.
1707 3526 1783 3559 v111,
1800 3527 1836 3549 n.
1857 3515 2148 3557 15.5—6Arist0t.,
2162 3513 2290 3545 Poster.
2310 3511 2370 3543 lib.
2391 3511 2418 3551 1,

1393 3571 1484 3601 cont.
1502 3569 1551 3600 13.
