2613 3990
1037 238 1288 280 DISTINCT.
1319 238 1422 281 XIX.
1454 240 1606 282 PART.
1640 242 1671 282 I.

292 331 355 369 ter
364 327 591 380 loquendo,
608 328 721 381 quod
735 329 842 369 sicut
859 329 937 369 ista
950 331 1011 369 est
1023 328 1123 368 falsa
1145 343 1153 368 :
1179 343 1197 365 (ι
1209 328 1319 369 Dens

292 402 353 440 est
369 411 553 451 magnus
567 399 733 450 deitate,
746 415 764 437 n
782 399 849 441 vel
866 415 884 439 α
898 399 1009 440 Deus
1022 402 1082 440 est
1097 399 1206 440 Deus
1226 412 1319 440 ma-

292 470 559 522 gnitudine,›)
582 471 639 510 sic
659 474 699 512 et-
717 471 795 511 ista
813 483 822 511 :
843 471 995 512 «Pater
1009 474 1069 512 est
1083 484 1282 523 magnus.
1297 486 1316 509 n

345 540 467 594 Resp.
484 541 714 582 Dicendum
730 543 839 595 quod
856 543 1066 595 quamvis,
1085 543 1318 583 secundum

291 614 500 654 rationem
533 614 732 667 loquendi
754 615 822 655 vel
852 615 1114 667 intelligendi
1143 627 1167 655 a
1199 617 1318 667 parte

292 689 458 736 nostra,
497 685 748 736 magnitudo
772 685 817 726 in
851 686 1005 726 divinis
1043 686 1206 726 dicatur
1242 698 1316 738 per

292 757 468 798 modum
480 756 784 810 quantitatis,et
796 757 926 797 deitas
939 770 1014 810 per
1028 758 1203 798 modurn
1221 758 1320 798 sub-

292 827 456 868 stantiae
470 859 480 878 ,
498 829 641 867 tamen
669 840 694 867 a
712 830 829 880 parte
846 828 907 868 rei
925 829 1044 869 nulla
1063 831 1123 869 est
1142 828 1319 869 omnino

292 898 526 939 differentia
554 913 562 938 :
590 898 698 938 nihil
727 898 844 939 enim
866 899 915 940 de
936 899 1235 952 magnitudine
1253 899 1320 939 ‹li-

292 969 414 1020 citur,
448 968 562 1022 quod
593 981 681 1009 non
713 969 875 1010 dicatur
904 971 954 1011 de
986 970 1236 1011 substantia.
1272 970 1320 1010 In

292 1040 550 1080 resolutione
572 1042 714 1080 autem
737 1041 999 1093 paternitatis
1029 1053 1115 1081 non
1141 1044 1202 1081 est
1229 1041 1286 1081 ita
1308 1053 1318 1080 :

276 1111 408 1152 ¹aliud
429 1111 542 1152 enim
570 1111 825 1164 praedicatur
849 1112 900 1153 de
917 1113 1182 1165 paternitate,
1208 1113 1321 1165 quod

293 1194 379 1223 non
397 1184 530 1235 potest
542 1182 623 1222 dici
644 1182 695 1223 de
711 1183 903 1233 essentia,
926 1183 1035 1224 sicut.
1056 1183 1320 1236 distinguere

293 1256 335 1294 et
352 1253 572 1306 distingui.

712 1321 803 1349 nim.
836 1319 894 1348 iv.

417 1391 454 1421 In
474 1391 692 1432 generatione
712 1394 745 1423 et
763 1391 1017 1433 generationem
1038 1390 1116 1423 anui
1137 1391 1195 1423 tui.

345 1466 522 1509 Videtur
551 1467 660 1508 male
693 1468 845 1519 dicere,
875 1469 976 1521 quia
1007 1469 1052 1508 in
1089 1468 1321 1509 aeternitate

292 1538 412 1579 nulla
439 1538 547 1579 cadit
577 1538 753 1579 variatio
777 1553 785 1578 :
810 1551 936 1591 ergo,
963 1551 1063 1579 cum
1083 1551 1225 1579 annus
1246 1551 1323 1578 va-

292 1612 520 1653 riationem
543 1612 716 1661 habeat,
747 1625 834 1653 non
853 1613 976 1653 debet
1002 1613 1220 1653 transferri
1245 1612 1320 1652 ibi.

295 1682 415 1735 Item,
436 1684 481 1724 in
499 1684 570 1724 illa
595 1684 827 1724 aeternitate
856 1687 918 1724 est
937 1684 1182 1725 omnimoda
1216 1684 1322 1724 sim-

293 1755 455 1808 plicitas
487 1758 528 1796 et
558 1755 856 1809 impartialitas
880 1770 888 1796 :
918 1768 1022 1808 ergo
1044 1768 1130 1796 non
1156 1755 1323 1796 deberet

293 1826 512 1879 pluraliter
530 1826 625 1877 dici,
645 1838 794 1869 annos.

349 1896 472 1951 Resp.
494 1897 726 1939 Dicendum
748 1898 859 1952 quod
877 1900 1005 1951 juxta
1024 1899 1200 1940 modum
1220 1911 1323 1939 nos-

269 2022 272 2025 ¹
294 1969 371 2008 trae
390 1967 668 2019 infirmitatis,
682 1972 723 2010 et
736 1969 1015 2022 intelligimus
1029 1970 1219 2011 divinam
1229 1969 1323 2010 Tri-

294 2037 471 2079 nitatem
509 2039 577 2080 vel
613 2041 913 2090 aeternitatem,
958 2043 998 2082 et
1033 2042 1321 2090 nominamus,

294 2109 499 2163 quoniam
534 2123 673 2152 annus
701 2111 802 2152 dicit
831 2112 1085 2165 completam
1122 2113 1324 2165 temporis

294 2181 605 2222 revolutionem
625 2183 861 2224 secundum
890 2183 1121 2224 decursum
1154 2184 1252 2224 solis
1279 2184 1323 2224 in

295 2252 487 2304 zodiaco,
508 2255 549 2294 et
570 2265 814 2306 regressum
829 2255 880 2295 ad
898 2255 1010 2296 idem
1036 2258 1261 2309 punctum,
1283 2258 1325 2296 et

295 2322 443 2364 divina
460 2325 675 2365 aeternitas
702 2326 884 2378 perfecta
909 2329 991 2378 est,
1016 2329 1058 2367 et
1081 2327 1324 2368 durationes

297 2397 470 2435 caeteras
483 2395 831 2449 circumplectens
844 2410 853 2447 ;
868 2397 960 2438 ideo
974 2397 1025 2438 ad
1039 2397 1173 2450 ipsam
1185 2401 1325 2439 trans-

297 2465 395 2507 tulit
427 2465 645 2519 Scriptura
675 2479 832 2508 nomen
869 2468 985 2508 anni.
1007 2467 1185 2520 Rursus,
1224 2470 1325 2523 quia

298 2536 571 2578 interminata
590 2540 630 2579 et
652 2550 677 2578 a
695 2545 812 2591 parte
837 2542 950 2591 ante,
969 2542 1010 2580 et
1034 2553 1059 2580 a
1077 2544 1196 2593 parte
1214 2543 1322 2593 post,

301 2608 396 2650 ideo
414 2621 502 2649 non
518 2621 681 2650 annum
713 2609 812 2650 dicit
836 2611 959 2664 quasi
988 2611 1223 2651 terminum
1242 2611 1325 2652 ha—

301 2679 425 2730 beat,
464 2692 541 2721 nec
574 2681 892 2733 generationem
932 2682 1219 2734 singulariter,
1253 2683 1324 2724 sed

301 2751 519 2805 pluraliter
539 2762 673 2794 annos
690 2785 701 2803 ,
727 2755 768 2794 et
793 2755 1082 2806 qeneralz‘ones
1111 2754 1322 2795 similiter.

302 2821 477 2864 Ratione
497 2835 600 2876 ergo
623 2824 888 2877 perfectionis
910 2828 950 2866 et
969 2825 1325 2867 interminationis

302 2894 569 2946 transfertur,
590 2907 678 2936 non
696 2897 858 2938 ratione
876 2897 1136 2939 variationis.

731 3031 822 3060 DUB.
853 3031 897 3060 V.

545 3107 603 3139 Est
617 3107 792 3148 generatio
809 3107 1078 3148 generationum.

354 3187 530 3230 Videtur
549 3190 701 3231 falsum
716 3189 870 3239 dicere,
891 3193 932 3230 et
949 3190 1130 3232 innuere
1147 3191 1260 3244 quod
1280 3191 1323 3231 in

301 3260 573 3311 generatione
597 3263 841 3302 sanctorum
864 3261 950 3301 sint
965 3263 1066 3302 anni
1085 3262 1174 3312 Dei,
1200 3262 1243 3302 id
1264 3265 1326 3302 est

302 3331 529 3383 aeternitas,
552 3332 654 3386 quia
671 3333 835 3374 duratio
867 3336 1109 3375 sanctorum
1127 3336 1189 3375 est
1206 3334 1327 3374 finita

300 3414 327 3442 a
345 3405 463 3455 parte
481 3405 579 3444 ante
600 3416 611 3444 :
631 3405 704 3446 sed
722 3405 934 3447 aeternitas
969 3404 1042 3446 Dei
1071 3408 1134 3446 est
1159 3405 1327 3446 infinita

302 3486 328 3514 a
363 3476 482 3528 parte
507 3478 604 3516 ante
630 3479 672 3517 et
700 3479 794 3530 post
816 3491 824 3518 ε
855 3488 959 3529 ergo
987 3476 1059 3517 illa
1083 3489 1171 3518 non
1200 3479 1262 3517 est
1278 3476 1324 3517 in

345 3556 493 3589 ¹Enc1rr.
513 3557 545 3588 in
565 3559 684 3600 Ps.c1,
702 3568 734 3600 p.
760 3560 799 3601 ΙΙ,
813 3562 915 3591 n.11.
934 3558 1000 3581 ——2
1014 3559 1087 3591 Act.
1102 3559 1179 3601 Ap„
1195 3561 1319 3601 xv,18.

2339 248 2416 287 323

1393 331 1560 371 sanctis.
1594 331 1698 372 Item
1725 344 1808 384 quo
1838 331 1962 372 modo
1993 335 2155 376 essendi
2184 338 2254 386 in,
2284 337 2415 378 estin

1392 401 1461 441 illa
1482 402 1754 453 generatione
1771 405 2040 443 sanctorum?
2064 403 2180 445 Sicut
2197 419 2413 458 mensura,

1392 484 1498 522 non;
1521 472 1621 525 quia
1648 473 1721 514 Dei
1738 474 1950 515 aeternitas
1970 475 2100 515 solius
2122 476 2193 517 Dei
2215 481 2276 518 est
2295 491 2417 519 men-

1393 556 1505 583 sura.
1528 542 1570 584 Si
1592 544 1699 585 sicut
1720 558 1845 586 causa
1859 545 1905 585 in
1920 545 2086 597 effectu,
2107 547 2178 587 sed
2192 548 2272 588 hoc
2291 549 2416 589 modo

1393 617 1454 654 est
1474 614 1518 654 in
1542 616 1703 655 caeteris
1721 617 1925 657 creaturis
1945 629 1954 656 ε
1978 629 2103 668 ergo,
2124 619 2202 658 etc.

1447 684 1568 737 Resp.
1605 685 1835 727 Dicendum
1865 687 1968 728 illud
2004 688 2185 728 verbum
2212 700 2299 729 non
2328 701 2417 731 esse

1393 756 1554 797 dictum
1581 769 1656 810 per
1675 759 2151 810 commensurationem,
2180 772 2319 812 neque
2346 773 2421 813 per

1393 827 1677 879 aequalitatem
1700 861 1710 879 ,
1753 830 1824 869 sed
1862 842 1937 883 per
1975 830 2347 871 concomitantiam
2381 833 2422 871 et

1394 899 1747 940 conformitatem.
1776 900 1883 949 Quia
1913 901 2027 941 enim
2059 902 2275 953 generatio
2306 914 2423 942 sanc-

1394 972 1536 1010 torum
1551 983 1575 1010 a
1594 973 1711 1023 parte
1731 974 1823 1024 post
1840 971 1966 1012 durat
1979 973 2023 1012 in
2043 973 2276 1022 infinitum,
2298 973 2423 1014 durat

1395 1040 1520 1080 etiam
1546 1041 1637 1081 sine
1666 1041 1899 1083 variatione
1916 1075 1925 1092 ,
1947 1043 2039 1084 ideo
2066 1044 2181 1084 illam
2208 1056 2422 1084 summam

1395 1112 1675 1153 fetet-nitatem
1710 1112 1754 1153 in
1791 1115 2003 1154 aeternum
2031 1115 2272 1166 comitatur,
2306 1119 2346 1156 et
2386 1116 2423 1156 ei

1396 1196 1591 1236 expresse
1623 1184 1939 1236 conformatum
1971 1188 2012 1227 et
2036 1186 2129 1227 ideo
2155 1186 2216 1227 sic
2250 1187 2425 1240 exponit

1394 1255 1499 1296 illud
1529 1255 1682 1296 Psalmi
1707 1255 1754 1296 B.
1785 1257 2057 1309 Augustinus
2089 1262 2130 1299 ¹:
2164 1259 2215 1300 Ιη
2247 1270 2424 1312 qenera-

1396 1328 1535 1378 lione,
1566 1331 1606 1369 εἴ
1634 1329 1944 1380 qenerazz'onem
1980 1331 2089 1371 anni
2113 1331 2179 1372 tui
2201 1345 2217 1372 .·
2248 1331 2338 1372 sive
2376 1331 2422 1372 in

1395 1399 1670 1450 generatione
1699 1399 1972 1440 interminata
2001 1413 2098 1453 quae
2117 1404 2177 1442 est
2200 1403 2424 1454 generatio

1394 1473 1641 1511 sanctorum
1661 1503 1671 1519 ,
1695 1470 1784 1511 sive
1803 1472 2055 1512 sanctisunt
2080 1473 2151 1513 illa
2180 1474 2420 1525 generatio,

1396 1544 1437 1581 et
1458 1541 1558 1594 quia
1578 1542 1622 1581 in
1638 1545 1895 1594 perpetuum
1913 1542 2052 1591 durat,
2069 1548 2110 1584 et
2126 1545 2226 1597 quia
2240 1557 2294 1585 ex
2313 1546 2426 1586 mul-

1396 1613 1449 1653 tis
1472 1614 1820 1665 generationibus
1839 1617 1939 1654 sunt
1957 1615 2130 1656 collecti.

1822 1751 1914 1780 DUB.
1945 1751 2004 1780 VI.

1533 1829 1632 1860 Pater
1653 1828 1774 1860 dicitur
1799 1837 1872 1860 esse
1888 1828 1924 1860 in
1944 1828 2038 1869 Filio,
2056 1832 2089 1861 et
2108 1830 2221 1872 Filius,
2236 1832 2300 1863 etc.

1451 1911 1601 1953 Contra
1622 1923 1631 1951 :
1655 1911 1775 1961 Quia,
1792 1911 1825 1951 si
1844 1912 2051 1965 quidquid
2072 1917 2131 1954 est
2152 1913 2196 1954 in
2216 1914 2299 1955 Deo
2319 1914 2427 1955 Deus

1398 1985 1459 2024 est
1493 1985 1664 2036 propter
1707 1996 1921 2024 summam
1951 1984 2284 2038 simplicitatem,
2322 1998 2425 2038 ergo

1398 2054 1603 2108 quidquid
1623 2057 1685 2095 est
1703 2055 1747 2095 in
1768 2054 1873 2095 Filio
1896 2058 1958 2095 est
1976 2055 2108 2096 Filius
2126 2071 2134 2097 :
2156 2069 2274 2109 ergo,
2297 2058 2331 2098 si
2347 2057 2425 2099 Pa-

1397 2129 1461 2167 ter
1483 2129 1544 2166 est
1562 2126 1607 2166 in
1630 2126 1660 2166 F
1663 2126 1750 2177 ilio,
1774 2126 1898 2167 Pater
1918 2130 1980 2167 est
1996 2126 2142 2168 Filius.

1452 2197 1572 2251 Resp.
1595 2197 1827 2239 Dicendum
1845 2198 1959 2251 quod
1972 2211 2059 2240 non
2078 2203 2139 2240 est
2153 2200 2304 2250 simile,
2324 2202 2424 2254 quia

1398 2281 1498 2310 cum
1515 2269 1668 2310 dicitur
1681 2269 1839 2322 aliquid
1860 2282 1949 2311 esse
1965 2271 2009 2310 in
2028 2270 2126 2320 Deo,
2146 2272 2239 2313 haec
2259 2285 2428 2326 praepo-

1397 2340 1508 2391 sitio,
1528 2341 1593 2391 i'n,
1614 2343 1688 2380 aut
1706 2340 1806 2381 dicit
1819 2341 2130 2383 distinctionem
2145 2344 2424 2395 essentialem,

1397 2413 1438 2451 et
1455 2412 1513 2452 sic
1526 2424 1614 2452 non
1634 2411 1841 2464 quidquid
1858 2416 1918 2454 est
1937 2413 1982 2453 in
2003 2413 2086 2455 Deo
2106 2417 2168 2455 est
2181 2415 2306 2464 Deus,
2326 2416 2427 2468 quia

1397 2495 1474 2524 nos
1494 2484 1542 2524 in
1561 2483 1641 2525 Deo
1667 2484 1880 2534 vicimus,
1902 2495 2132 2537 movemur,
2155 2490 2193 2528 et
2212 2498 2357 2529 sumus
2377 2488 2389 2508 ²
2410 2503 2426 2534 ;

1397 2557 1471 2595 aut
1480 2555 1640 2595 nullam
1658 2555 1756 2595 dicit
1769 2555 2078 2598 distinctionem
2089 2558 2171 2597 nisi
2187 2558 2425 2599 secundum

1398 2623 1575 2663 modum
1592 2623 1871 2675 intelligendi,
1901 2627 1942 2665 et
1958 2625 2052 2666 haec
2074 2626 2192 2679 ponit
2210 2627 2425 2667 omnimo-

1398 2690 1495 2731 dam
1514 2691 1775 2731 identitatem
1801 2706 1808 2732 :
1832 2695 1872 2732 et
1889 2692 1983 2733 ideo
2003 2694 2208 2747 sequitur,
2232 2695 2345 2748 quod
2371 2695 2427 2735 sit

1397 2761 1521 2813 Deus,
1544 2762 1657 2815 quod
1677 2765 1736 2803 est
1765 2763 1809 2803 in
1828 2763 1927 2805 Deo.
1962 2764 2042 2805 Sed
2073 2777 2171 2805 cum
2204 2765 2356 2806 dicitur
2374 2766 2425 2807 de

1397 2845 1578 2887 persona
1602 2833 1695 2874 haee
1713 2834 1957 2887 praepositio
1972 2867 1981 2884 ,
2004 2836 2052 2877 in
2067 2866 2080 2886 ,
2120 2836 2223 2877 dicit
2247 2836 2426 2878 distinc-

1398 2904 1556 2946 tionem
1591 2906 1856 2958 personalem
1874 2938 1884 2957 ,
1903 2909 1943 2946 et
1964 2919 2052 2947 una
2070 2919 2252 2960 persona
2274 2908 2324 2949 de
2344 2909 2426 2950 alia

1397 2988 1486 3017 non
1504 2975 1757 3029 praedicatur
1778 2992 1786 3018 :
1809 2979 1850 3017 et
1868 2977 1961 3018 ideo
1988 2980 2103 3030 patet
2125 2979 2238 3032 quod
2259 2992 2346 3021 non
2365 2983 2426 3021 est

1398 3047 1548 3089 simile.

1812 3115 1902 3143 nne.
1934 3115 2009 3144 vn.

1516 3185 1584 3216 Nec
1605 3184 1799 3225 exemplum
1819 3185 1955 3226 aliquod
1973 3186 2076 3219 rebus
2096 3187 2231 3227 divinis,
2249 3190 2313 3220 etc.

1451 3261 1627 3302 Yidetur
1646 3261 1799 3302 falsum
1816 3295 1826 3313 ‚
1849 3263 1951 3316 quia
1978 3264 2123 3317 imago
2149 3268 2210 3307 est
2228 3277 2426 3319 expressa

1398 3332 1630 3373 similitudo
1647 3364 1658 3383 ,
1689 3335 1729 3373 et
1754 3333 1985 3386 vestigium
2010 3338 2072 3377 est
2100 3336 2146 3376 in
2173 3336 2290 3377 omni
2308 3349 2426 3377 crea-

1398 3406 1495 3444 tura
1518 3417 1526 3444 :
1554 3415 1660 3455 ergo
1689 3403 1858 3445 videtur
1886 3407 2000 3459 quod
2028 3407 2274 3460 exemplum
2300 3407 2354 3448 sit
2379 3408 2425 3449 in

1399 3475 1616 3516 omnibus.

1453 3545 1575 3600 Resp.
1601 3546 1834 3589 Dicendum
1856 3549 1969 3602 quod
1999 3551 2060 3590 est
2086 3549 2332 3603 exemplum
2353 3563 2424 3592 ex-
