2613 3990
6 580 51 608 Ad
66 589 133 618 opp.

676 207 806 250 DIST.
837 208 996 251 XXVII.
1027 206 1183 249 PART.
1212 205 1266 249 ΙΙ.
1297 208 1416 250 ART.
1450 209 1480 250 I.
1513 210 1709 260 QUAEST.
1738 212 1768 254 Ι.

154 298 319 337 centem
343 310 352 336 :
374 296 445 336 sed
463 308 551 337 esse
570 297 851 349 respectivum
873 297 919 337 in
939 297 1093 338 divinis
1121 299 1184 337 est

153 366 421 408 notionaliter
450 366 632 417 dictum,
668 367 702 407 si
730 368 838 408 dicat
864 370 1102 420 respectum
1130 368 1182 408 ad

157 449 384 490 personam
407 452 416 478 z
449 438 521 478 sed
549 438 688 479 dicens
720 450 806 479 non
836 442 970 492 potest
994 452 1083 481 esse
1101 440 1182 480 nisi

161 524 355 565 persona,
375 514 453 553 etc.

214 581 367 623 Contra
386 597 394 623 :
416 587 454 624 1.
476 583 593 632 Quod
612 583 774 624 dicatur
798 583 1084 633 essentialiter,
1110 597 1180 625 05-

165 657 354 697 tenditur
385 657 457 697 510.
511 656 625 697 Sicut
660 656 761 697 dicit
795 656 1065 708 Augustinus
1087 690 1097 708 ,
1129 659 1181 700 IX

164 726 213 770 de
232 727 443 770 Trinitate
457 728 468 749 ¹
479 740 493 766 :
511 743 530 765 α
542 727 728 768 Verbum
745 729 806 768 est
824 740 922 768 cuin
942 741 1085 769 amore
1100 742 1180 770 no·-

152 798 258 838 titia.
279 812 298 835 ))
331 798 412 840 Sed
428 798 577 839 notitia
603 801 664 838 est
685 799 961 840 essentialiter
986 801 1146 841 dictum
1168 816 1176 842 :

151 881 272 921 ergo,
294 871 372 910 etc.

204 943 243 980 2.
266 939 386 990 Item,
408 940 589 980 verbum
608 941 671 979 est
689 951 773 991 quo
793 951 860 980 res
884 941 1176 983 manifestatur

150 1013 192 1051 et
210 1010 490 1063 exprimitur:
510 1009 581 1050 sed
599 1009 858 1050 manifestari
878 1014 939 1050 est
956 1012 1181 1063 cujuslibet

150 1093 356 1134 personae,
373 1083 414 1122 et
431 1080 711 1122 manifestatio
722 1084 784 1122 est
803 1083 1055 1122 essentialis:
1075 1095 1179 1135 ergo

151 1155 192 1193 et
203 1153 398 1194 verbum.
422 1152 466 1193 Si
479 1155 526 1193 tu
545 1153 659 1193 dicas
678 1153 789 1205 quod
809 1166 895 1194 non
914 1154 1068 1195 dicitur
1087 1167 1178 1195 ma-

150 1223 358 1264 nifestatio
375 1223 635 1276 simpliciter,
663 1224 735 1264 sed
763 1225 1044 1266 manifestatio
1074 1226 1179 1266 alte-

151 1295 255 1346 rius,
271 1294 468 1347 obJ'icitur
483 1297 600 1344 1000,
616 1295 717 1347 quia
737 1294 918 1348 Spiritus
933 1300 1102 1337 sanctus
1117 1299 1180 1337 051

150 1365 618 1424 manifestativusFilii,
641 1379 716 1419 per
732 1366 937 1407 Joanneni
958 1372 996 1408 2:
1020 1368 1092 1409 ille
1113 1380 1175 1410 me

149 1436 423 1489 clarificabit,
439 1439 517 1477 etc.

204 1509 242 1546 3.
266 1505 370 1546 Item
392 1506 473 1546 hoc
498 1505 640 1558 ipsum
658 1506 893 1547 ostenditur
912 1519 987 1559 per
1009 1519 1177 1560 compa-

148 1578 357 1618 rationem
376 1577 428 1617 ad
447 1577 670 1627 dicentem,
697 1578 797 1630 quia
817 1579 999 1618 verbum
1025 1579 1180 1619 dicitur

148 1651 342 1701 respectu
360 1648 536 1688 dicentis
557 1661 568 1688 ε
594 1649 664 1689 sed
680 1649 864 1689 dicentes
886 1653 985 1689 sunt
1002 1653 1102 1698 tres,
1124 1650 1178 1689 si-

149 1722 219 1761 cut
246 1719 346 1760 dicit
363 1719 590 1760 Anselmus
609 1720 653 1760 in
672 1720 906 1773 Monoloqz'o
929 1723 942 1744 ³
957 1734 972 1763 :
1001 1737 1019 1759 «
1039 1720 1177 1761 Unus-

150 1791 329 1844 quisque
348 1791 395 1830 in
409 1789 613 1831 Trinitate
627 1803 669 1832 se
689 1791 799 1831 dicit.
826 1806 844 1829 ›)
867 1791 981 1844 Ergo
998 1793 1179 1833 verbum

153 1864 214 1903 est
240 1861 371 1902 trium
405 1876 414 1902 ε
441 1862 513 1902 sed
534 1862 642 1902 nihil
660 1865 720 1903 est
752 1862 906 1913 trium,
930 1863 1013 1903 nisi
1036 1875 1179 1904 essen-

151 1932 248 1973 tiale
270 1948 278 1973 :
301 1945 421 1985 ergo,
443 1935 520 1973 etc.

203 2008 243 2046 4.
264 2004 384 2054 Item,
406 2005 514 2045 sicut
533 2004 631 2045 dicit
649 2003 876 2044 Anselmus
895 2005 908 2026 '⁴
928 2005 972 2044 in
991 2005 1180 2048 Monolo-

148 2076 219 2130 qio
238 2089 254 2116 .·
277 2076 453 2117 «Dicere
466 2075 573 2115 nihil
591 2075 708 2116 aliud
725 2078 786 2115 est
805 2087 935 2128 quam
953 2076 1178 2128 cogitando

148 2147 319 2188 intueri.
345 2162 364 2185 ›)
377 2146 457 2188 Sed
475 2147 556 2188 hoc
569 2149 629 2187 est
649 2146 867 2187 essentiale
885 2162 892 2187 z
910 2159 1014 2199 ergo
1034 2151 1074 2187 et
1089 2160 1180 2189 ver-

149 2220 268 2260 bum.
289 2219 332 2261 Si
350 2220 477 2269 dicas,
499 2219 612 2272 quod
633 2219 784 2268 dicere,
805 2220 1041 2260 5000001001
1064 2221 1178 2273 quod

149 2295 423 2336 essentialiter
455 2295 624 2344 dicitur,
657 2307 744 2334 non
778 2295 904 2335 habet
935 2308 1178 2349 correspon-

148 2366 251 2407 dens
270 2367 473 2417 verhum3
489 2369 636 2407 contra
650 2379 659 2406 :
676 2366 786 2406 51001
799 2366 896 2406 dicit
910 2366 1135 2408 Anselnius
1147 2373 1174 2417 5,

153 2437 326 2489 «Pater,
348 2451 392 2479 se
422 2438 611 2486 dicendo,
635 2441 810 2489 generat
827 2437 1030 2479 Verbum.
1052 2454 1071 2476 »
1097 2440 1177 2480 Sed

148 2510 286 2550 omnis
299 2513 417 2550 actus
436 2510 670 2550 secundum
687 2521 815 2562 quem
836 2521 1016 2562 persona
1036 2511 1176 2551 reflec-

146 2580 250 2621 titur
266 2593 396 2634 supra
406 2593 466 2629 se,
486 2583 547 2622 est
564 2581 821 2621 essentialis:
837 2593 940 2632 ergo
958 2584 998 2621 et
1018 2581 1174 2633 (licere,

147 2655 272 2703 prout
308 2663 397 2692 esse
430 2651 674 2701 essentiale,
704 2652 928 2704 respondet
959 2653 1139 2693 verbum
1163 2668 1171 2694 :

147 2734 267 2775 ergo,
284 2725 363 2764 etc.

200 2795 239 2834 5.
259 2793 364 2835 Item
379 2794 459 2835 hoc
472 2794 707 2835 ostenditur
723 2806 798 2847 per
815 2794 1175 2847 comparationem

145 2864 250 2905 adid
260 2865 373 2918 quod
384 2877 460 2918 per
471 2866 653 2906 verbum
671 2865 838 2905 dicitur.
857 2864 972 2905 Nihil
986 2865 1174 2905 medium

145 2934 254 2976 inter
279 2938 517 2977 creaturam
543 2939 584 2976 et
610 2936 849 2978 Creatorem
870 2939 931 2977 est
949 2936 1086 2986 notio,
1107 2937 1175 2977 vel

145 3007 370 3058 notionale,
387 3009 590 3061 quoniam
612 3009 803 3049 medium
818 3009 1036 3062 aequaliter
1052 3009 1175 3049 distat

145 3078 198 3118 ab
234 3079 435 3119 extremis
475 3095 484 3120 :
526 3080 597 3120 sed
631 3079 820 3121 Verbum
858 3083 920 3120 est
957 3079 1147 3120 medium
1161 3111 1171 3130 ,

145 3148 348 3201 quoniam
381 3151 527 3193 omnia
555 3161 631 3203 per
663 3150 842 3192 Verbum
877 3151 992 3201 facta
1023 3154 1123 3192 sunt
1158 3161 1174 3188 .·

145 3231 264 3272 ergo,
287 3223 365 3262 etc.

188 3326 198 3347 ¹
214 3326 369 3369 August„
388 3328 428 3359 de
452 3329 553 3369 Trz'n„
571 3329 632 3361 lib.
655 3330 720 3368 IX,
741 3339 770 3360 c.
787 3337 807 3360 x
822 3353 831 3368 ,
852 3338 886 3359 0.
920 3331 968 3360 15.
986 3346 1020 3350 —
1039 3329 1052 3350 ²
1065 3329 1173 3368 Joan„

145 3380 216 3413 xvi,
244 3376 350 3405 14.-—
379 3376 392 3396 ³
412 3377 576 3416 Anselm.,
604 3377 742 3415 Monol„
769 3386 797 3407 c.
825 3384 948 3408 xxviii.
976 3393 1016 3398 —
1038 3376 1050 3397 ⁵⁴
1074 3375 1174 3414 ΗΜΛ,

147 3429 176 3450 c.
190 3428 245 3453 Lx.
260 3438 300 3444 —
319 3422 332 3444 ⁵
345 3423 444 3463 leid„
463 3434 491 3455 0.
509 3432 605 3456 XXXI.
619 3425 686 3447 -6
699 3426 800 3464 Aug„
820 3424 858 3454 ‹le
888 3423 990 3459 Tria„
1009 3423 1067 3453 lib.
1091 3424 1171 3463 vll,

146 3476 177 3498 c.
204 3476 250 3509 11,
277 3472 309 3502 et
328 3478 382 3511 111,
408 3481 444 3503 n.
481 3473 498 3503 3
528 3474 562 3503 et
588 3474 619 3504 4.
648 3490 690 3494 —
715 3473 729 3494 ⁷
753 3473 802 3504 Ex
830 3471 980 3503 Anselm.
1025 3470 1172 3508 Monol„

147 3522 176 3545 c.
197 3522 221 3546 1.

1623 355 1919 398 CONCLUSIO.

1260 475 1293 510 V
1294 474 1413 510 erbum
1428 477 1597 510 oeternum.
1617 477 1655 510 ⁷512
1675 475 1809 511 divinis
1819 478 1960 512 tantum
1978 478 2223 521 notionaltter,
2247 483 2280 515 et

1508 545 1578 570 11011
1608 536 1846 571 essentialiter
1877 535 2025 571 dicitur.

1307 655 1431 708 Resp.
1452 655 1504 696 ad
1527 656 1709 708 Argum.
1733 656 1797 698 Ad
1820 657 1901 697 hoc
1925 657 2125 698 dixerunt
2154 657 2283 710 aliqui

1255 726 1368 778 quod
1398 726 1534 768 dicere
1559 726 1776 779 tripliciter
1805 727 2007 780 accipitur
2037 728 2082 767 10
2111 727 2280 769 divinis.

1254 797 1345 838 Uno
1365 798 1490 839 modo
1520 798 1656 841 [licere
1673 802 1735 839 est
1750 799 1862 840 idem
1881 800 1994 852 quod
2020 799 2257 852 intelligere
2269 815 2279 851 ;

1253 869 1334 909 alio
1354 870 1493 920 modo,
1514 870 1627 922 quod
1645 882 1866 921 generare,
1884 871 1996 911 unde
2013 870 2284 922 Augustinus

1254 940 1442 991 exponit,
1463 945 1476 965 ⁶
1497 941 1601 981 111οι1
1622 940 1849 981 Geneseos:
1872 942 2015 991 Discit,
2041 956 2059 979 (ι
2078 941 2120 981 101
2140 945 2215 993 051,
2231 943 2283 982 fi-

1252 1010 1361 1051 lium
1372 1012 1525 1063 genuit
1544 1012 1589 1052 in
1609 1024 1694 1065 quo
1716 1013 1859 1053 omnia
1875 1013 2093 1066 disposuit.
2111 1013 2283 1055 »Tertio

1254 1085 1378 1125 modo
1405 1085 1543 1127 dicere
1573 1086 1685 1126 idem
1710 1089 1794 1135 est,
1813 1087 1926 1140 quod
1944 1099 2101 1137 creare,
2123 1090 2164 1127 et
2183 1100 2282 1128 ver-

1252 1156 1356 1196 bum
1391 1168 1478 1196 non
1508 1157 1731 1210 respondet
1764 1157 1821 1206 ei,
1844 1157 1957 1210 quod
1979 1161 2037 1197 est
2066 1157 2205 1199 dicere
2237 1158 2282 1198 in

1252 1230 1461 1280 quantum
1487 1229 1723 1269 increatum
1740 1261 1750 1280 ,
1777 1228 1859 1269 nisi
1897 1229 2133 1270 secundum
2169 1229 2282 1282 quod

1253 1299 1392 1341 elicere
1413 1299 1527 1340 idem
1547 1303 1622 1350 est,
1653 1300 1766 1353 quod
1785 1312 2004 1352 generare,
2028 1303 2069 1340 et
2091 1300 2150 1340 ita
2181 1312 2282 1340 con-

1252 1371 1368 1410 venit
1386 1371 1462 1411 soli
1495 1370 1621 1411 Patri.
1641 1370 1721 1412 Sed
1739 1371 1851 1411 istud
1868 1383 1954 1412 non
1972 1371 2282 1412 1100100101οΙ-

1251 1441 1432 1493 ligibile,
1455 1443 1568 1494 quod
1595 1442 1648 1482 sit
1678 1442 1795 1494 loqui
1821 1442 1912 1482 sine
1939 1443 2085 1490 verbo,
2107 1445 2149 1482 et
2168 1442 2281 1495 quod

1252 1513 1409 1565 aliquid
1433 1513 1486 1552 sit
1514 1513 1665 1558 dicere,
1697 1514 1767 1552 cui
1789 1525 1878 1552 non
1913 1513 2161 1565 respondeat
2181 1526 2281 1554 ver-

1252 1583 1380 1631 bum,
1410 1584 1518 1624 sicut
1549 1596 1626 1624 nec
1658 1595 1863 1635 generare
1890 1583 1980 1623 sine
2015 1584 2183 1635 genito,
2206 1597 2283 1625 nec

1253 1655 1368 1694 nosci
1400 1655 1488 1695 sine
1513 1655 1675 1694 notitia.
1707 1653 1757 1694 Et
1776 1654 1857 1694 hoc
1874 1654 1999 1694 etiam
2023 1655 2111 1706 ipse
2131 1655 2283 1695 modus

1252 1725 1454 1778 loquendi
1474 1728 1514 1765 et
1534 1725 1800 1777 intelligendi
1815 1725 2027 1775 abhorret,
2046 1725 2160 1778 quod
2174 1726 2282 1766 dicat

1253 1800 1293 1837 01
1311 1797 1511 1850 loquatur
1531 1797 1619 1837 5100
1634 1796 1751 1836 omni
1770 1797 1916 1837 verbo.
1937 1796 2032 1836 Ideo
2052 1796 2282 1837 voluerunt

1253 1869 1383 1921 aliqui
1402 1869 1537 1909 dicere
1551 1869 1679 1921 quod,
1699 1881 1798 1909 cum
1818 1868 1955 1909 dicere
1972 1868 2202 1921 accipiatur
2213 1881 2280 1909 es-

1253 1940 1480 1981 sentialiter
1499 1943 1539 1980 et
1556 1940 1843 1992 personaliter,
1865 1940 1966 1992 quia
1982 1942 2066 1980 tres
2087 1943 2186 1980 sunt
2205 1941 2279 1993 qui

1253 2010 1421 2061 dicunt,
1451 2013 1492 2051 et
1514 2011 1589 2064 qui
1617 2010 1830 2061 dicuntur,
1865 2010 1974 2050 sicut
2004 2009 2102 2051 dicit
2134 2010 2282 2051 Ansel-

1253 2093 1375 2132 mus;
1407 2082 1500 2122 ideo
1529 2082 1699 2124 verbum
1738 2082 1893 2122 dicitur
1921 2081 2196 2122 essentialiter
2238 2086 2279 2122 et

1252 2152 1542 2204 personaliter.
1571 2152 1620 2193 Et
1651 2152 1886 2193 secundum
1913 2152 2038 2192 istam
2064 2152 2179 2193 viam
2199 2152 2281 2193 sol-

1252 2237 1351 2265 vere
1373 2225 1567 2265 nituntur
1592 2225 1753 2277 objecta
1782 2225 1834 2265 ad
1854 2228 2079 2277 utramque
2100 2228 2276 2277 partem.

1252 2295 1333 2337 Sed
1360 2296 1439 2336 1100
1465 2300 1527 2336 051
1567 2300 1711 2337 contra
1737 2296 2030 2348 Augustinum
2065 2299 2105 2337 et
2135 2300 2280 2337 contra

1252 2367 1503 2407 Anselmum
1532 2380 1740 2420 expresse.
1759 2367 1864 2407 Nam
1891 2367 2161 2419 Augustinus
2181 2367 2280 2408 dicit

1251 2439 1363 2492 quod
1383 2440 1567 2489 verbum,
1588 2451 1636 2479 eo
1657 2439 1748 2491 ipso
1770 2439 1884 2491 quod
1903 2439 2105 2490 verbum,
2125 2439 2279 2480 dicitur

1251 2511 1301 2550 ad
1321 2510 1516 2551 alterum.
1541 2510 1743 2551 Similiter
1764 2510 1990 2550 Anselmus
2013 2525 2022 2551 ε
2051 2525 2070 2549 a
2087 2510 2278 2563 Apertis-

1250 2581 1407 2621 simum
1437 2584 1499 2622 est
1519 2582 1631 2634 quod
1649 2581 1831 2622 verbum
1861 2593 1948 2621 non
1973 2585 2034 2622 est
2062 2582 2130 2622 ille
2156 2583 2278 2633 cujus

1250 2655 1311 2692 est
1336 2652 1533 2692 verbum.
1554 2667 1572 2689 n
1599 2652 1648 2693 Et
1668 2653 1748 2693 hoc
1766 2655 1878 2705 patet
1900 2653 2028 2692 etiam
2050 2664 2123 2705 per
2136 2655 2277 2693 aucto-

1249 2722 1391 2763 ritates
1416 2723 1651 2775 Augustini
1680 2736 1784 2776 quas
1815 2723 2015 2775 Magister
2040 2723 2209 2763 adducit-
2232 2723 2277 2763 in

1248 2793 1405 2842 littera,
1428 2798 1469 2834 et
1499 2795 1727 2834 Anselmus
1755 2795 1798 2834 in
1827 2794 2062 2847 Monoloql‘o
2094 2795 2175 2834 hoc
2200 2807 2277 2835 ex-

1249 2876 1391 2917 presse
1427 2869 1571 2916 negat.
1605 2865 1779 2918 Propter
1814 2866 1915 2916 hoc,
1950 2865 2276 2917 intelligendum

1249 2935 1363 2987 quod
1398 2935 1536 2977 dicere
1567 2938 1628 2975 est
1658 2936 1770 2976 idem
1814 2936 1927 2988 quod
1966 2936 2082 2989 loqui
2118 2951 2126 2976 :
2160 2937 2277 2990 loqui

1249 3008 1392 3046 autem
1415 3010 1476 3046 est
1496 3006 1717 3059 dupliciter
1739 3022 1748 3057 3
1770 3007 1835 3047 ve]
1858 3007 1910 3048 ad
1929 3020 1986 3056 se,
2003 3007 2045 3048 id
2064 3011 2140 3058 est,
2162 3008 2276 3060 apud

1249 3089 1314 3127 50;
1340 3077 1409 3118 vel
1425 3077 1476 3117 ad
1496 3078 1692 3118 alterum.
1713 3077 1847 3131 Loqui
1866 3079 1919 3119 ad
1937 3091 1980 3119 se
1993 3111 2003 3129 ,
2025 3079 2131 3119 nihil
2161 3079 2275 3119 aliud

1249 3151 1310 3188 est
1328 3161 1456 3201 quam
1478 3149 1637 3202 aliquid
1665 3152 1806 3190 mente
1835 3150 2053 3203 concipere
2072 3154 2085 3176 ⁷
2115 3165 2124 3191 t
2154 3161 2274 3190 mens

1249 3223 1390 3260 autem
1411 3220 1590 3273 concipit
1608 3221 1884 3273 intelligendo
1904 3236 1912 3262 :
1942 3224 1982 3262 et
2000 3221 2273 3273 intelligendo

1249 3291 1386 3341 aliud,
1408 3291 1588 3344 concipit
1616 3292 1752 3333 simile
1781 3293 1877 3343 alii3
1908 3293 2182 3345 intelligendo
2211 3303 2269 3342 se,

1249 3362 1427 3415 concipit
1453 3362 1589 3403 simile
1620 3363 1722 3414 sibi,
1751 3364 1852 3417 quia
1871 3363 2150 3416 intelligentia
2168 3361 2273 3402 assi-

1249 3433 1420 3473 milatur
1444 3433 1669 3475 intellectO.
1701 3435 1817 3476 Mens
1835 3436 1984 3488 igitur,
2010 3433 2183 3475 dicendo
2203 3445 2269 3484 se,

1248 3504 1364 3557 apud
1392 3516 1435 3545 se
1464 3504 1647 3558 concipit
1664 3518 1740 3559 per
1769 3507 1912 3548 omnia
1936 3505 2075 3547 simile
2099 3504 2208 3545 sibi:
2230 3507 2272 3545 et
