2570 3986
1004 264 1297 306 ENCYCLIGAE
1325 263 1576 304 LITTERAE.
2304 273 2347 300 xi

239 355 487 412 theologica}
506 355 721 399 facultatis
742 355 987 412 magisterio
1013 354 1337 409 excelluerunt,
1368 353 1618 396 habendum
1636 387 1645 406 ,
1669 367 1716 395 ac
1735 351 2032 395 venerandum
2051 365 2138 393 esse
2159 348 2350 393 decerni-

239 459 351 499 mus,
371 449 412 487 et
429 445 696 488 declaramus
713 461 721 499 3
746 450 875 502 atque
895 444 948 487 ob
964 459 1056 487 eam
1071 458 1244 486 causam
1265 447 1487 501 sperantes
1507 441 1551 483 in
1574 440 1758 484 Domino
1776 440 1908 498 hujus
1927 438 2137 497 seraphici
2158 438 2352 481 Doctoris

238 533 559 577 lucubrationes
579 533 630 576 ad
650 533 905 587 doctrinam,
923 538 964 576 et
983 532 1273 585 devotionem,
1291 545 1421 589 quam
1444 529 1489 572 in
1504 530 1635 583 clero,
1653 529 1902 587 populoque
1917 527 2153 571 christiano
2176 541 2355 583 magno-

238 637 338 682 pere
363 623 505 666 lucere
535 627 575 665 et
599 623 748 665 ardere
775 623 999 681 cupimus,
1035 622 1223 665 maximo
1245 620 1495 678 adjumento
1520 618 1634 672 fore,
1659 618 1780 660 illius
1808 618 1966 672 libros,
1997 615 2352 669 commentarios,

240 711 462 770 opuscula,
482 725 611 769 opera
628 711 814 770 denique
828 711 990 766 omnia,
1014 716 1143 770 prout
1162 726 1215 753 ex
1230 714 1376 752 nostra
1395 707 1683 766 typographia
1700 706 1928 761 Vaticana,
1947 722 2080 765 quam
2096 705 2353 749 emendatis-

240 801 361 856 sima,
386 804 583 858 utsupra
601 799 765 842 dictum
782 805 859 854 est,
883 800 1158 853 emittuntur,
1182 804 1231 842 ut
1253 798 1441 841 aliorum
1460 796 1657 840 Ecclesia}
1677 795 1937 850 Doctorum,
1961 796 2038 854 qui
2057 795 2207 838 eximii
2228 799 2329 837 sunt
2345 829 2355 848 ,

241 904 328 933 non
348 889 475 932 modo
495 889 697 948 privatim
712 923 722 943 ,
747 889 819 932 sed
839 888 1011 948 publice
1031 888 1075 930 in
1097 887 1354 946 gymnasiiS,
1379 886 1626 939 academiis,
1650 885 1822 939 scholis,
1846 884 2061 941 collegiis,
2086 882 2357 939 lectionibus,

241 977 627 1037 disputationibus,
656 977 1104 1036 interpretationibus,
1129 977 1432 1030 concionibus,
1467 975 1769 1028 sermonibus,
1796 974 2089 1032 omnibusque
2110 973 2206 1016 aliis
2233 972 2364 1015 eccle-

243 1067 420 1111 siasticis
437 1067 607 1122 studiiS,
630 1066 963 1125 ch1¹istia11is151ue
984 1065 1361 1109 exercitationibus
1381 1065 1503 1107 citari
1523 1099 1532 1119 ,
1557 1063 1769 1123 proferri,
1793 1068 1942 1122 atque,
1966 1078 2066 1105 cum
2088 1077 2154 1105 res
2176 1061 2367 1120 postula-

243 1157 371 1212 verit,
392 1156 588 1201 adhiberi
607 1158 829 1212 volumus,
852 1161 892 1199 et
910 1155 1196 1199 decernimus.
1221 1155 1272 1197 tit
1292 1153 1599 1208 nihilominus,
1624 1158 1672 1196 ut
1692 1151 1998 1210 sapientissimi
2020 1150 2152 1209 hujus
2174 1147 2368 1192 Doctoris

245 1245 433 1303 gloriosa
449 1246 685 1290 recordatio
700 1281 710 1301 ,
743 1246 779 1289 si
809 1260 896 1288 non
922 1261 998 1303 pro
1020 1246 1154 1303 ipsius
1171 1245 1404 1301 dignitate,
1429 1249 1471 1287 at
1490 1244 1641 1287 saltem
1672 1258 1750 1302 pro
1779 1242 1974 1285 humana
1994 1240 2204 1284 tenuitate
2225 1239 2279 1282 ol)
2300 1238 2368 1281 in-

246 1336 388 1392 gentia
412 1336 533 1380 illius
557 1336 711 1379 merita
737 1335 971 1379 ardentiori
996 1335 1139 1377 studio
1167 1335 1407 1388 recolatur,
1439 1333 1511 1376 fel.
1537 1332 1701 1375 record.
1734 1331 2099 1390 praedecessorum
2120 1334 2368 1373 nostrorum

245 1425 456 1470 Bonifacii
470 1425 601 1484 ⁴Papae
622 1425 749 1480 VIII,
772 1425 848 1483 qui
869 1424 920 1466 de
940 1423 1095 1467 sanctis
1114 1430 1303 1482 quatuor
1324 1423 1592 1476 Doctoribus,
1616 1427 1656 1464 et
1676 1421 1745 1464 Pii
1765 1422 1892 1479 Papa}
1913 1420 1970 1474 V,
1994 1419 2071 1478 qui
2091 1419 2143 1462 de
2164 1417 2368 1477 praedicto

247 1514 293 1558 S.
313 1514 480 1558 Thoma
494 1515 640 1558 eadem
655 1520 965 1573 praeceperunt,
985 1513 1183 1571 exemplo
1199 1512 1389 1566 adducti,
1408 1511 1696 1570 praecipimus,
1711 1515 1760 1552 ut
1774 1509 1808 1568 ej
1818 1509 1966 1552 usdcm
1987 1508 2032 1552 S.
2050 1509 2370 1551 Bonaventurae

247 1604 337 1647 dies
361 1604 493 1647 festus
525 1604 569 1647 in
593 1604 795 1647 omnibus
824 1602 1046 1645 christiani
1077 1602 1192 1646 orbis
1227 1601 1424 1660 partibus
1450 1601 1530 1644 sub
1557 1600 1722 1659 duplici
1749 1599 1891 1642 officio
1924 1614 1949 1642 a
1981 1597 2146 1641 cunctis
2178 1596 2370 1656 personis

246 1693 557 1747 ecclesiasticis,
581 1692 882 1745 saecularibus,
918 1698 959 1734 et
987 1691 1246 1750 quorumvis
1265 1691 1472 1734 ordinum
1493 1689 1770 1747 regularibus
1796 1694 1883 1731 tam
1911 1687 2104 1747 publice,
2128 1702 2261 1745 quam
2281 1686 2368 1745 pri-

246 1784 381 1827 vatim
400 1783 538 1842 pridie
558 1783 660 1826 Idus
678 1783 802 1837 Julii,
819 1799 906 1826 non
921 1783 1115 1826 obstante
1135 1781 1337 1840 praedicta
1357 1780 1470 1823 Sixti
1492 1780 1551 1824 lV
1578 1778 1852 1823 ordinatione
1871 1778 1922 1821 de
1937 1778 2124 1821 secunda
2144 1775 2370 1819 Dominica

248 1873 349 1917 dicti
370 1873 544 1930 mensis,
566 1873 773 1916 celebrari
794 1879 923 1932 atque
943 1873 989 1915 in
1008 1870 1284 1915 Kalendariis
1304 1886 1403 1913 cum
1426 1869 1619 1912 Doctoris
1640 1868 1833 1924 nomine,
1857 1873 1898 1910 et
1915 1867 2011 1910 festi
2031 1866 2216 1925 duplicis
2233 1864 2371 1922 adjec-

248 1963 365 2007 tione
384 1963 567 2007 describi
599 1968 640 2006 et
663 1963 857 2021 imprimi
888 1962 1064 2016 debeat,
1100 1961 1268 2005 etiamsi
1306 1960 1351 2002 in
1378 1959 1624 2003 novissimis
1643 1957 1882 2012 Breviarii,
1913 1962 1953 2000 et
1972 1956 2157 1999 Missalis
2183 1954 2374 1998 Regunani

249 2053 630 2097 reformationibus
648 2053 773 2096 aliter
793 2053 1049 2111 dispositum
1064 2051 1212 2105 fuerit,
1236 2066 1378 2109 neque
1392 2065 1512 2093 secus
1534 2054 1664 2107 atque
1684 2063 1708 2091 a
1724 2047 1866 2100 nobis,
1884 2052 1932 2089 ut
1952 2061 2100 2104 supra,
2123 2045 2372 2088 ordinatum

249 2142 357 2198 fuit,
381 2159 457 2202 per
476 2158 773 2202 quoscumque
798 2144 951 2203 quavis
969 2143 1222 2187 auctoritate
1243 2141 1458 2201 praeditOS,
1484 2138 1647 2182 censeri
1666 2173 1674 2192 ,
1699 2142 1774 2180 aut
1794 2135 2069 2194 interpretari
2091 2149 2209 2193 posse
2230 2133 2374 2176 decer—

250 2233 422 2289 nimus,
456 2233 676 2277 hortantes
703 2234 928 2279 universos
956 2234 1186 2292 utriusque
1214 2246 1343 2275 sexus
1370 2229 1529 2273 Christi
1560 2227 1710 2271 fideles
1735 2225 1921 2269 civitatis
1944 2223 2244 2280 Balneeregii,
2278 2235 2374 2279 quae

252 2323 540 2366 clarissimum
566 2324 647 2367 boc
671 2324 803 2367 edidit
830 2324 1006 2377 lumen,
1041 2328 1082 2366 et
1114 2322 1234 2365 illius
1259 2320 1481 2374 dioecesis,
1517 2325 1565 2361 ut
1598 2318 1749 2360 eodem
1770 2316 1837 2359 die
1858 2316 1966 2359 festo
1995 2330 2020 2357 a
2040 2313 2295 2365 servilibuS,
2325 2310 2376 2353 de

253 2418 407 2456 sanctae
427 2412 627 2455 Ecclesiae
647 2427 790 2467 more,
825 2412 1029 2471 operibus
1049 2412 1308 2455 abstineant.
1338 2410 1395 2453 Ut
1416 2414 1561 2452 autem
1589 2406 1751 2451 Christi
1776 2405 1975 2448 fidelium
1998 2402 2170 2446 devotio
2191 2401 2243 2444 ad
2264 2413 2378 2443 sera-

254 2502 367 2560 phici
386 2502 518 2561 hujus
547 2502 736 2545 Doctoris
757 2502 870 2544 diem
892 2503 1050 2545 festum
1071 2501 1327 2555 colendum,
1354 2500 1533 2558 ejusque
1554 2513 1680 2556 opem
1705 2496 1773 2555 pie
1795 2493 2142 2554 implorandam,
2172 2506 2220 2533 eo
2242 2488 2379 2545 magis

255 2591 526 2646 accendatur,
543 2606 631 2650 quo
651 2606 703 2634 ex
717 2591 797 2634 hoc
810 2591 992 2634 coelestis
1007 2590 1157 2647 gratiae
1172 2590 1285 2634 dono
1306 2605 1349 2632 se
1370 2588 1549 2632 uberius
1566 2585 1868 2645 conspexerint
1886 2598 1974 2627 esse
1994 2583 2187 2634 refectos,
2210 2578 2262 2622 de
2283 2592 2376 2621 om-

257 2681 491 2741 nipotentis
521 2681 595 2724 Dei
620 2680 937 2735 misericordia,
972 2695 1019 2723 ac
1039 2680 1269 2723 beatorum
1299 2680 1416 2723 Petri
1438 2684 1478 2723 et
1504 2677 1633 2722 Pauli
1664 2675 1978 2735 Apostolorum
2010 2672 2103 2730 ejus
2126 2668 2379 2713 auctoritate

257 2770 406 2815 confisi
424 2806 434 2825 ,
465 2770 669 2814 omnibus
688 2771 917 2829 utriusque
937 2784 1065 2812 sexus
1087 2769 1246 2813 Christi
1268 2768 1471 2811 fidelibus
1491 2773 1578 2810 tam
1600 2766 1643 2809 in
1662 2766 1775 2809 dicta
1795 2764 1989 2815 civitate,
2020 2765 2061 2803 et
2082 2758 2255 2803 dioecesi
2279 2755 2380 2800 Bal-

257 2860 473 2918 neoregii‚
497 2875 629 2918 quam
649 2859 695 2902 in
716 2860 919 2918 praeclara
937 2859 1088 2903 Galliae
1107 2859 1214 2902 urbe
1240 2859 1473 2915 Lugduni,
1509 2858 1585 2901 ubi
1604 2857 1678 2900 ille
1699 2857 1813 2899 hono
1834 2851 2068 2897 certamine
2093 2848 2289 2907 legitime
2308 2846 2381 2890 de-

258 2955 434 3005 certato,
456 2965 584 2993 cursu
599 2954 914 3003 consummato,
936 2948 1020 2991 fide
1037 2954 1221 3003 servata,
1245 2964 1296 2991 ex
1317 2948 1396 2992 hoc
1410 2947 1658 2991 calamitoso
1675 2945 1831 2989 saeculo
1854 2943 1906 2986 ad
1929 2941 2184 2985 meritorum
2202 2950 2382 2980 suorum

260 3040 512 3099 praemium,
535 3045 576 3083 et
595 3054 797 3082 coronam
818 3039 863 3082 in
879 3039 1039 3082 coelum
1062 3039 1242 3082 feliciter
1264 3038 1493 3095 migravit,
1516 3038 1562 3080 in
1580 3037 1783 3094 almaque
1803 3033 1922 3076 Urbe
1944 3035 2085 3073 nostra
2107 3062 2117 3083 ,
2142 3026 2217 3069 ubi
2238 3025 2283 3068 in
2305 3024 2384 3067 hac

260 3129 443 3173 Basilica
461 3134 708 3172 sanctorum
727 3127 955 3171 duodecim
975 3128 1284 3186 Apostolorum
1305 3126 1549 3184 Collegium
1571 3141 1595 3168 a
1615 3124 1755 3177 nobis,
1778 3127 1828 3165 ut
1843 3121 1934 3179 jam
1955 3118 2165 3170 diximus,
2188 3119 2251 3158 est
2270 3126 2384 3156 erec-

263 3225 382 3274 tum,
411 3218 677 3273 constitutis,
705 3218 782 3276 qui
807 3218 899 3276 ejus
923 3217 1083 3261 festum
1109 3216 1387 3274 hujusmodi,
1419 3220 1468 3258 ut
1497 3219 1658 3257 ceteras
1679 3212 1731 3256 de
1754 3214 1964 3270 praecepto
1995 3204 2193 3250 Ecclesiae
2221 3199 2383 3245 servari

264 3309 410 3352 solitas
427 3308 694 3362 festivitates,
717 3306 869 3350 devote
889 3307 1091 3361 colentes,
1112 3321 1212 3349 vere
1232 3305 1504 3364 prenitentes,
1528 3308 1569 3345 et
1586 3299 1887 3345 sacramentali
1910 3301 2183 3356 peccatorum
2203 3304 2384 3334 snorum

267 3399 530 3442 confessione
550 3398 783 3457 praemissa,
806 3413 854 3441 eo
868 3397 936 3440 die
957 3396 1277 3441 sanctissimum
1296 3392 1577 3437 Eucharistiae
1593 3393 1911 3434 sacramentum
1933 3382 2214 3443 sumpserint,
2236 3379 2386 3438 plena-

267 3489 377 3532 riam
402 3488 600 3532 omnium
626 3491 899 3546 peccatorum
918 3500 1099 3529 suorum
1128 3484 1448 3542 indulgentiam
1476 3487 1517 3525 et
1541 3479 1839 3524 remissionem
1867 3471 2199 3518 misericorditer
2226 3468 2272 3512 in
2304 3467 2387 3510 Do-

269 3578 388 3623 mino
408 3577 702 3631 concedimus,
725 3580 767 3619 et
785 3574 1038 3631 elargimur.
1062 3574 1148 3626 Qui
1167 3588 1270 3619 vero
1291 3571 1487 3617 ecclesias
1510 3571 1716 3615 Fratrum
1737 3567 1958 3610 Minorum
1986 3562 2031 3606 S.
2055 3557 2273 3604 Francisci
2291 3557 2383 3615 ipso
