2570 3986
293 283 366 310 vlu
1243 261 1377 302 SIXTI
1403 260 1453 301 V.
1515 295 1517 297 .

291 375 312 401 e
333 357 511 402 sublimi
531 355 774 416 apostolicae
795 354 918 399 Sedis
936 354 1110 413 specula
1130 367 1181 396 ea
1199 350 1430 410 aspiciens,
1453 348 1649 406 digitum
1669 349 1746 393 Dei
1764 384 1774 406 ,
1798 350 1875 409 qui
1896 350 1997 394 facit
2017 349 2236 393 mirabilia
2255 364 2412 408 magna

291 447 429 502 solus,
452 446 513 489 ibi
534 444 660 504 plane
682 460 770 488 esse
794 443 1024 486 intellexit.
1048 442 1198 500 Itaque
1219 446 1260 483 et
1281 443 1433 499 sponte
1452 452 1551 494 sua,
1575 443 1615 481 et
1635 438 1762 482 clarae
1783 440 2006 483 memoriae
2027 437 2231 482 cherico
2250 438 2411 482 Roma-

292 552 450 581 norum
471 535 748 594 Imperatore,
772 532 981 589 Regibus,
1004 528 1354 588 Rebuspublicis,
1372 528 1565 571 Ducibus
1584 527 1920 587 civitatibusque
1943 527 2167 587 permultis
2183 527 2413 570 vehemen-

292 634 357 672 ter
377 625 714 686 requi1·e11tibus,
732 639 779 667 ac
800 622 995 666 omnium
1016 621 1104 664 fere
1124 619 1323 662 fidelium
1338 633 1550 662 consensu
1570 617 1851 675 efflagitante,
1874 618 1926 661 de
1942 618 2035 661 viro
2058 617 2414 677 praestantissimo

293 718 600 761 Bonavcntura
621 714 829 772 Episcopo
850 709 1068 755 Cardinali
1094 709 1140 752 in
1167 708 1345 751 Sanctos
1363 708 1616 764 referendo,
1645 707 1857 751 Pontifice
1880 707 2077 751 Romano
2103 706 2282 764 dignam
2302 706 2417 764 cogi-

296 807 502 851 tationem
534 802 734 861 suscepit.
770 800 953 844 Summa
978 799 1114 857 igitur
1143 813 1271 853 cura,
1306 802 1347 841 et
1377 797 1608 855 diligentia
1634 797 1736 842 vitae
1765 798 1894 841 illius
1911 797 2070 841 eximia
2096 796 2346 851 sanctitate,
2377 799 2419 839 et

295 895 608 940 miraculorum
627 892 806 937 veritate
826 889 1092 945 examinata,
1121 894 1251 947 atque
1272 892 1512 946 comperta,
1543 887 1748 931 omnibus
1773 886 1987 946 denique,
2017 901 2116 946 quae
2137 886 2191 929 ad
2212 902 2307 929 eam
2328 900 2419 929 rem

295 985 590 1046 pertinebant,
614 982 710 1037 rite,
735 986 933 1040 recteque
953 980 1056 1023 actis
1077 979 1131 1022 ad
1151 979 1228 1022 Dei
1248 978 1456 1035 gloriam,
1479 981 1521 1021 et
1545 976 1743 1021 Ecclesiae
1765 976 1989 1020 catholicas
2009 975 2317 1019 exaltationem
2337 990 2415 1034 pro

297 1091 374 1119 sua
395 1088 590 1127 summa,
625 1072 751 1131 eique
778 1086 803 1114 a
828 1070 916 1113 Deo
945 1069 991 1112 in
1018 1070 1144 1113 beato
1172 1068 1301 1111 Petro
1330 1066 1539 1125 Apostolo
1570 1065 1726 1109 tradita
1752 1069 1983 1124 potestate,
2017 1064 2220 1108 eumdem
2246 1065 2422 1109 beatum

296 1165 647 1208 Bonaventuram
666 1161 717 1205 dc
738 1161 923 1204 fratrum
945 1174 1127 1203 suorum
1152 1158 1197 1204 S.
1221 1159 1274 1202 R.
1298 1158 1348 1202 E.
1372 1156 1673 1202 Cardinalium
1689 1191 1699 1211 ,
1726 1160 1767 1199 et
1787 1155 2078 1199 Praelatorum
2099 1155 2297 1199 omnium
2319 1171 2423 1200 con-

297 1270 422 1298 sensu
445 1253 491 1296 in
513 1253 690 1296 Sanctos
710 1250 873 1305 retulit,
893 1254 934 1293 et
954 1249 999 1292 in
1014 1254 1263 1292 sanctorum
1284 1246 1608 1300 confessorum,
1632 1244 1914 1300 Pontificum,
1938 1245 2173 1288 Doctorum
2189 1260 2425 1289 numerum

298 1343 544 1402 adscripsit,
577 1346 706 1399 atquc
726 1339 1001 1398 aggregavit,
1029 1338 1210 1397 ejusque
1231 1337 1391 1381 festum
1416 1334 1768 1380 anniversarium
1788 1334 1904 1378 diem
1925 1335 2114 1378 secunda
2134 1335 2294 1378 mensis
2318 1334 2341 1378 J
2348 1334 2426 1378 ulii

299 1432 522 1477 Dominica
542 1430 610 1474 die
631 1429 866 1485 celebrari,
895 1428 1178 1487 officiumque
1197 1426 1249 1470 de
1269 1441 1344 1481 eo,
1375 1425 1513 1470 veluti
1533 1424 1586 1468 de
1605 1418 1865 1468 'Confessore
1895 1423 2105 1467 Pontifice
2136 1424 2346 1480 Doctore,
2380 1423 2427 1468 in

299 1522 504 1566 universa
523 1520 711 1564 Ecclesia
728 1519 900 1563 recitari
914 1518 1060 1578 jussit,
1083 1517 1180 1561 aliis
1199 1517 1305 1560 item
1325 1515 1508 1560 decretis
1526 1513 1718 1574 adjectiS,
1741 1527 1839 1572 quae
1859 1513 1905 1556 in
1921 1512 2115 1572 ejusdem
2138 1513 2253 1557 Sixti
2271 1514 2428 1558 litteris

299 1611 472 1672 plenius
496 1611 791 1655 continentur.
825 1610 880 1653 Et
912 1608 1115 1668 quamvis
1140 1607 1356 1665 gloriosus
1382 1606 1452 1650 hic
1477 1605 1635 1649 Doctor
1666 1603 1712 1648 S.
1733 1603 2069 1659 Bonaventura,
2102 1608 2143 1647 et
2167 1603 2214 1647 in
2239 1604 2428 1648 Ecclesia

301 1701 510 1745 catholica
529 1700 838 1744 celeberrimus
858 1699 928 1756 sit,
952 1704 992 1742 et
1012 1698 1058 1741 in
1077 1697 1185 1742 coelo
1206 1696 1396 1740 maxime
1415 1694 1703 1755 resplendeat,
1724 1693 1803 1737 ubi
1821 1707 1981 1736 corona
2001 1692 2079 1736 illa
2099 1696 2161 1736 est
2177 1698 2424 1752 coronatus,

303 1807 436 1851 quam
455 1790 702 1851 repromisit
722 1790 838 1834 Deus
856 1788 1141 1846 diligentibus
1160 1802 1220 1844 se,
1242 1802 1321 1830 nec
1343 1786 1435 1829 ulla
1453 1785 1649 1829 humana
1667 1799 1713 1827 re
1736 1783 1952 1841 indigeat,
1977 1783 2056 1843 qui
2077 1783 2202 1826 bonis
2221 1783 2309 1826 illis
2329 1798 2428 1828 cum

303 1881 471 1926 Christo
497 1880 761 1940 perfruitur,
791 1894 891 1939 quae
918 1894 997 1923 nee
1023 1879 1176 1923 oculus
1200 1876 1311 1921 vidit
1329 1910 1340 1932 ,
1376 1890 1455 1919 nee
1484 1875 1532 1919 in
1551 1890 1624 1918 cor
1643 1873 1835 1919 hominis
1860 1873 2174 1930 ascenderunt,
2206 1878 2333 1932 urget
2352 1889 2431 1919 nos

303 1977 448 2016 tamen
466 1970 651 2014 charitas
671 1969 846 2026 Christi,
870 1974 911 2013 et
930 1969 1085 2013 ardens
1103 1967 1286 2028 quidam
1306 1966 1551 2010 devotionis
1571 1965 1766 2022 affectus,
1788 1980 1876 2024 quo
1896 1979 1998 2022 erga
2017 1979 2119 2008 eum
2142 1964 2320 2008 ineunte
2341 1964 2430 2008 fere

245 2106 248 2112 ,
306 2067 429 2106 aetate
448 2066 656 2121 perpetuo
676 2060 934 2116 exarsimus,
957 2064 1006 2103 ut
1025 2058 1076 2103 de
1097 2058 1191 2118 ejus
1210 2057 1435 2102 sanctitate
1455 2061 1496 2100 et
1516 2055 1712 2100 doctrina
1731 2055 1869 2113 magis
1889 2056 2114 2114 magisque
2136 2055 2429 2115 propaganda,

304 2158 434 2213 atque
454 2151 737 2206 illustranda,
761 2155 978 2210 quantum
998 2165 1099 2194 cum
1123 2149 1311 2193 Domino
1333 2161 1590 2207 possumUS,
1619 2145 1874 2203 cogitemus.
1908 2145 2139 2190 Movemur
2158 2145 2360 2205 quidem,
2384 2149 2434 2188 ut

305 2257 382 2301 par
401 2245 488 2297 est,
510 2246 656 2284 sancta
675 2255 775 2284 cum
795 2255 844 2284 eo
864 2240 1173 2284 communione
1194 2238 1427 2298 seraphicae
1448 2236 1683 2295 Religionis
1703 2241 1861 2280 nostrae
1877 2271 1888 2293 ,
1915 2236 1962 2280 in
1981 2251 2069 2296 qua
2088 2235 2258 2280 educati
2273 2270 2284 2291 ,
2311 2239 2353 2279 et
2372 2239 2433 2279 tot

306 2346 442 2375 annos
460 2330 619 2375 versati
637 2345 805 2386 sumUS,
829 2335 870 2373 et
888 2331 960 2374 cui
979 2334 1190 2389 tanquam
1211 2329 1340 2373 matri
1361 2328 1523 2388 optime
1544 2328 1710 2372 meritae
1735 2329 1883 2372 omnia
1899 2327 2086 2388 pietatis,
2109 2331 2151 2370 et
2169 2326 2281 2384 grati
2298 2325 2435 2369 animi

308 2421 575 2465 monimenta
595 2424 795 2479 praestare
814 2419 1036 2464 debemus,
1074 2419 1160 2463 Sed
1181 2419 1323 2463 multo
1345 2418 1484 2476 magis
1505 2422 1683 2463 movent
1702 2433 1781 2462 nos
1806 2418 1885 2462 Dei
1914 2418 2053 2476 gloria
2067 2453 2077 2473 ,
2106 2417 2320 2477 pastorale
2339 2414 2435 2460 offi-

307 2511 449 2567 cium,
471 2509 589 2569 quod
609 2508 823 2567 gerimuS,
852 2508 937 2553 viri
956 2508 1218 2552 sanctissimi
1238 2523 1316 2569 pro
1345 2508 1532 2552 Ecclesia
1557 2508 1635 2552 Dei
1664 2512 1724 2552 tot
1743 2508 1930 2568 suscepti
1950 2508 2141 2563 labores,
2168 2511 2230 2550 tot
2249 2504 2436 2549 illustria

308 2601 485 2656 merita,
513 2603 634 2642 tanta
653 2614 753 2642 cum
778 2598 977 2642 Romana
996 2597 1186 2642 Ecclesia
1204 2597 1479 2657 conjunctio,
1502 2598 1550 2642 in
1569 2598 1696 2657 cujus
1723 2597 1993 2657 amplissimo
2014 2595 2167 2640 ordine
2193 2602 2235 2640 et
2255 2599 2407 2639 senatu
2421 2629 2433 2651 ,

308 2705 479 2734 summa
497 2705 598 2733 cum
619 2689 749 2733 laude
775 2688 982 2733 consedit.
1016 2689 1215 2749 Denique
1243 2693 1390 2733 movet
1410 2703 1490 2732 nos
1520 2687 1720 2732 Ecclesiae
1740 2686 2000 2731 universalis
2028 2685 2194 2729 utilitas
2210 2719 2221 2741 ,
2255 2699 2355 2744 quae
2384 2698 2437 2728 ex

307 2781 416 2825 tanti
436 2780 629 2824 Doctoris
652 2780 896 2824 eruditione
917 2794 1087 2840 semper
1107 2779 1246 2839 major
1265 2783 1308 2824 et
1328 2777 1505 2823 uberior
1524 2777 1619 2836 capi
1638 2781 1802 2837 potest,
1834 2775 2075 2836 praesertim
2095 2790 2195 2818 cum
2215 2774 2439 2819 haeretico-

307 2886 408 2915 rum
428 2870 621 2927 insidiae,
645 2876 686 2914 et
705 2870 931 2915 diabolicae
956 2871 1298 2915 machinationes
1315 2906 1326 2927 ,
1352 2869 1515 2930 quibus
1533 2884 1699 2913 sacram
1721 2867 2006 2925 Theologiam
2022 2901 2033 2923 ,
2067 2880 2166 2925 quae
2187 2864 2439 2909 scholastica

308 2960 571 3020 appellatur,
594 2959 674 3003 hoc
691 2960 890 3004 luctuoso
906 2961 1063 3005 saeculo
1084 2964 1341 3020 oppugnant
1357 2958 1754 3015 vehementissime,
1777 2972 1856 3002 nos
1874 2970 2138 3016 magnopere
2157 2955 2435 3012 admoneant,

311 3055 360 3094 ut
387 3049 581 3094 eamdem
604 3049 914 3108 Theologiam,
948 3066 1036 3110 qua
1055 3050 1167 3093 nihil
1195 3050 1395 3095 Ecclesiae
1422 3049 1502 3093 Dei
1522 3048 1788 3093 fructuosius
1803 3083 1814 3104 ,
1838 3047 1960 3091 omni
1981 3045 2124 3090 studio
2144 3044 2435 3100 retineamus,

310 3141 603 3196 illustremus,
626 3154 932 3198 propagemus.
955 3139 1115 3185 Divino
1136 3140 1252 3184 enim
1274 3140 1397 3184 illius
1417 3128 1623 3197 munere,
1657 3139 1735 3199 qui
1754 3138 1873 3183 solus
1891 3137 1965 3182 dat
1986 3135 2201 3196 Spiritum
2221 3133 2410 3178 scientiae
2424 3168 2436 3190 ,

313 3229 550 3290 sapientiae,
574 3234 615 3272 et
633 3228 895 3285 intellectus,
919 3229 1085 3290 quique
1109 3230 1343 3275 Ecclesiam
1360 3245 1485 3274 suam
1508 3245 1585 3290 per
1603 3229 1864 3274 saeculorum
1886 3232 2048 3282 aetates,
2070 3229 2201 3286 prout
2221 3239 2330 3284 opus
2348 3230 2434 3280 est,

313 3320 438 3365 novis
457 3318 677 3363 beneficiis
697 3322 846 3376 auget,
870 3319 996 3363 novis
1016 3320 1227 3378 praesidiis
1246 3320 1441 3377 instruit,
1463 3321 1643 3366 inventa
1663 3324 1725 3364 est
1745 3335 1770 3363 a
1790 3318 2030 3378 majoribus
2047 3314 2206 3360 nostris
2224 3314 2439 3359 sanctissi-

315 3410 398 3454 mis
423 3408 530 3454 viris
558 3407 798 3466 Theologia
827 3407 1105 3466 scholastica,
1143 3427 1276 3471 quam
1316 3412 1403 3457 duo
1435 3413 1711 3473 potissimum
1740 3412 1917 3470 gloriosi
1949 3411 2178 3463 Doctores,
2217 3406 2439 3465 angelicus

314 3498 360 3542 S.
383 3498 597 3555 ThomaS,
628 3502 670 3542 et
693 3496 943 3556 seraphicus
972 3496 1018 3541 S.
1041 3498 1378 3559 Bonaventura,
1409 3502 1638 3547 clarissimi
1670 3502 1804 3562 hujus
1831 3499 2050 3545 facultatis
2077 3497 2361 3559 professores,
2397 3500 2439 3540 et

314 3588 446 3649 primi
465 3589 579 3635 inter
593 3602 681 3646 eos,
703 3587 782 3648 qui
799 3586 846 3631 in
869 3586 1385 3638 Sanctorumnumerum
1405 3593 1531 3638 relati
1549 3579 1669 3650 sunt,
1691 3590 1918 3639 excellenti
1937 3587 2132 3648 ingenio,
2153 3587 2327 3633 assiduo
2345 3590 2437 3631 stu-
