2570 3986
1084 273 1279 316 SECTIO.
1309 274 1339 314 l.
2138 285 2289 315 xxxvn

165 367 333 408 cuidam
355 366 606 408 Minoritae1.
632 380 650 404 «
672 364 853 406 Sortitus
870 367 951 414 est,
977 364 1143 416 inquit,
1166 363 1404 404 secundum
1421 363 1590 403 laudem
1609 363 1709 403 vitae
1730 373 1818 402 suae
1839 361 1994 413 pariter
2011 364 2051 401 et
2070 361 2286 413 doctrinae,

162 451 320 479 nomen
349 439 436 492 ipse
466 438 784 484 Bonaventura,
816 438 864 476 ut
892 435 1223 475 antonomastice
1258 434 1408 474 Doctor
1432 433 1684 486 Serapbicus
1713 432 1972 472 nominetur.
1997 431 2122 471 Docet
2141 432 2219 472 hoc
2245 433 2289 473 10

164 509 381 562 speciali...
411 521 538 550 suum
562 508 879 559 Breviloquium
909 505 1168 558 Tlteoloqioe,
1197 517 1442 557 processum
1482 504 1650 557 proprie
1685 503 1973 555 theologicum
2010 503 2222 553 retinens,
2250 507 2291 544 et

164 582 285 633 quasi
305 591 556 622 conversum
575 579 628 619 ad
651 579 834 632 priorem
849 610 859 627 ,
883 577 1085 630 quoniam
1106 589 1131 616 a
1152 577 1289 629 primo
1314 575 1523 628 principio
1545 575 1756 616 descendit
1775 574 1826 614 ad
1849 574 1951 614 alias
1972 574 2183 614 veritates.
2206 575 2289 616 Do-

165 653 229 691 cet
249 651 431 704 denique
451 651 610 691 lectura
630 662 707 690 sua
725 648 942 702 grandior,
973 648 1120 700 ignem
1146 660 1275 688 suum
1297 659 1396 687 cum
1415 647 1594 697 lumine,
1624 646 1738 686 unde
1764 645 1949 696 mirum,
1977 645 2064 686 imo
2086 647 2291 687 miserum

165 725 206 763 et
225 721 461 763 miserabile
485 720 667 771 videtur,
692 732 746 760 110
767 720 957 760 dicamus
983 718 1221 759 damnabile
1237 750 1248 769 ,
1278 730 1363 770 quo
1392 720 1512 770 pacto
1537 717 1721 770 praelatae
1744 719 1844 757 sunt
1865 717 2066 757 doctrinae
2095 717 2291 770 quaedam

164 793 258 834 aliae
277 793 356 833 sub
373 792 508 845 specie
524 791 779 840 subtilitatis,
798 790 893 843 plus
912 790 1195 843 inquietantes
1215 790 1336 842 quasi
1354 789 1513 842 cynifes
1532 788 1744 841 AEgyptiae
1759 820 1769 838 ,
1788 800 1919 840 quam
1933 788 2158 828 sabbatum
2176 800 2292 829 men-

164 865 216 905 tis
234 863 428 904 incendio
450 865 576 903 terrae
600 862 754 903 Gessen
774 862 1012 902 afferentes.
1035 877 1053 897 »

217 934 433 975 Addamus
448 966 459 984 ,
481 933 515 974 si
535 934 661 984 libet,
685 934 867 974 alterum
887 931 1081 973 Gersonis
1097 931 1390 972 testimonium
1406 963 1417 981 ,
1443 931 1557 983 quod
1576 929 1660 970 Nos
1680 930 1968 982 decerpsimus
1989 941 2043 970 ex
2058 929 2165 970 libro
2181 931 2291 983 ejus-

163 1005 259 1046 dem
282 1005 333 1046 de
353 1005 664 1046 examinatione
683 1005 971 1045 doctrinarum
994 1017 1003 1044 ;
1032 1020 1050 1042 «
1072 1003 1191 1044 Sicut
1205 1036 1214 1052 ,
1241 1004 1408 1055 inquit,
1430 1001 1543 1054 apud
1561 1000 1865 1041 Grammaticos
1885 1000 2071 1041 Donatus
2093 1001 2144 1041 de
2162 1002 2289 1053 parti-

163 1077 243 1117 bus
262 1076 463 1116 orationis
477 1108 488 1125 ,
508 1079 549 1117 et
565 1076 679 1129 apud
699 1075 878 1128 Logicos
895 1075 1122 1116 summulae
1142 1074 1253 1115 Petri
1270 1073 1457 1127 Hyspani
1475 1072 1702 1112 traduntur
1722 1073 1774 1112 ab
1792 1072 1911 1112 initio
1933 1073 2055 1113 novis
2075 1072 2288 1125 discipulis

163 1147 216 1188 ad
244 1147 489 1188 memoriter
514 1147 808 1197 recolendum,
835 1147 911 1187 etsi
946 1159 1032 1187 non
1066 1147 1207 1187 statim
1238 1145 1502 1197 intelligant3
1531 1144 1589 1184 sic
1623 1144 1737 1196 apud
1774 1144 2033 1196 theologicos
2065 1144 2291 1196 discipulos

162 1217 479 1271 Breviloquium
504 1218 838 1269 Bonaventurae,
863 1218 977 1270 quod
997 1218 1145 1270 incipit
1167 1232 1175 1257 :
1208 1216 1348 1257 Flecto
1368 1228 1511 1267 genua
1530 1227 1647 1265 mea,
1679 1215 1897 1256 videretur
1915 1215 2038 1256 valde
2061 1215 2290 1256 salubriter

161 1289 468 1342 imponendum
493 1291 643 1343 juncto
671 1289 893 1330 Itinerario
922 1302 999 1330 suo
1023 1289 1176 1330 mentis
1205 1289 1249 1328 in
1270 1288 1430 1336 Deum,
1457 1286 1571 1339 quod
1600 1286 1775 1339 incipit:
1801 1286 1847 1326 In
1872 1286 2078 1339 principio
2099 1286 2287 1339 primum

164 1360 438 1413 principium.
465 1360 610 1414 Itaque
631 1361 723 1401 laus
748 1361 887 1401 omnis
913 1360 1084 1401 inferior
1107 1364 1168 1400 est
1187 1359 1253 1399 1115
1273 1358 1440 1399 duobus
1465 1357 1678 1410 opusculis
1694 1389 1704 1407 ,
1735 1369 1922 1410 quorum
1950 1358 2040 1397 vim
2059 1369 2291 1409 agnoscere

164 1431 293 1472 etiam
311 1432 399 1473 sola
418 1432 662 1478 credulitate
684 1444 771 1473 000
792 1444 950 1484 parvus
970 1434 1031 1472 est
1052 1431 1262 1483 profectus
1276 1432 1302 1470 ².
1326 1443 1345 1467 ›>

1006 1590 1144 1634 Testis
1176 1589 1270 1634 Sec.
1310 1589 1430 1634 XVI.

213 1715 395 1757 Joannes
419 1715 698 1766 Trithemius,
729 1717 851 1769 quus
871 1715 1063 1768 elogium
1084 1716 1179 1767 jam
1203 1727 1332 1768 supra
1356 1715 1597 1765 texuimus,
1623 1714 1879 1768 opusculum
1905 1714 1984 1755 1100
2007 1726 2085 1755 5110
2109 1714 2289 1755 inseruit

162 1786 360 1839 Catalogo
379 1802 387 1828 :
413 1803 432 1826 «
452 1788 797 1840 Breviloquium,
822 1787 894 1828 lib.
919 1791 1079 1841 septem
1097 1786 1165 1828 Pr.
1187 1787 1321 1829 Flecte
1341 1797 1478 1839 qenua
1497 1797 1604 1828 mea.
1624 1800 1643 1823 »

854 1949 1001 1994 Variae
1037 1948 1231 2008 ejusdem
1268 1948 1593 2006 impressiones.

212 2074 505 2128 Norimbergae
528 2075 742 2128 primum,
772 2077 820 2115 ut
846 2075 1118 2124 arbitramur,
1149 2085 1357 2113 excusum
1383 2073 1487 2122 fu'1t3
1516 2072 1569 2112 ad
1597 2073 1719 2124 cujus
1747 2071 1940 2112 editionis
1976 2070 2154 2119 calcem,
2178 2069 2289 2109 refe-

158 2151 276 2189 rente
296 2147 513 2198 Roedero³,
536 2147 627 2187 haec
658 2148 794 2200 posita
824 2150 953 2188 sunt:
988 2162 1006 2185 ((
1034 2146 1200 2187 Domini
1229 2144 1541 2185 Bonaventurae
1574 2143 1760 2184 Doctoris
1793 2142 1932 2183 devoti
1968 2140 2287 2194 Breviloquium

159 2218 412 2271 Nurnberge
430 2218 607 2259 fideliter
627 2219 883 2272 impressum
902 2229 1156 2270 summaque
1179 2216 1401 2268 diligentia
1418 2218 1658 2256 correctum
1678 2214 1849 2267 explicit
1867 2213 2041 2254 feliciter
2058 2225 2126 2253 an.
2146 2212 2287 2252 incar-

158 2290 339 2332 nationis
359 2290 526 2330 Domini
549 2293 651 2330 1472
666 2322 676 2341 ,
700 2290 796 2330 idus
817 2290 921 2330 febr.
948 2289 1087 2329 in-fol.

211 2361 320 2402 Tum
347 2360 653 2413 Nurembergae
686 2361 845 2413 absque
874 2359 1150 2414 Typographi
1178 2358 1375 2408 nomine,
1407 2361 1446 2399 et
1474 2370 1586 2398 anno
1604 2390 1614 2408 ,
1649 2357 1772 2405 in-Ji,
1806 2359 1854 2396 ut
1885 2355 2012 2396 refert
2043 2355 2155 2396 idem
2191 2355 2287 2396 Roe-

159 2432 286 2473 derus
300 2430 331 2473 ⁴.

212 2502 359 2544 Postea
377 2501 564 2544 Venetiis
583 2515 670 2543 una
689 2515 790 2543 01101
809 2502 940 2542 Β111113
964 2501 1208 2555 pauperum
1223 2534 1233 2552 ,
1256 2514 1325 2542 an.
1350 2504 1464 2552 1477,
1488 2501 1596 2541 111-1.
1625 2500 1685 2540 [ti
1708 2500 1885 2549 Michael
1914 2499 2118 2540 Maittaire
2132 2499 2160 2539 ⁵.

209 2573 380 2615 Editum
403 2586 575 2627 quoque
595 2574 675 2614 fuit
704 2574 862 2626 absque
894 2574 984 2613 loco
1013 2577 1053 2614 et
1074 2573 1246 2613 nomine
1266 2572 1540 2626 'sypographi
1558 2604 1567 2621 ,
1590 2585 1659 2612 an.
1683 2574 1786 2612 1499
1804 2604 1814 2622 ,
1840 2571 2044 2611 Maittaire
2065 2572 2241 2610 testante
2255 2574 2285 2609 ⁶.

157 2644 318 2686 Patavii
338 2645 466 2686 simul
489 2657 588 2686 cum
616 2644 836 2685 Itinerario
856 2644 1007 2685 Mentis
1026 2644 1071 2684 in
1095 2644 1229 2685 Deum
1247 2676 1256 2693 ,
1280 2645 1393 2697 typis
1415 2644 1593 2685 (irratiosi
1616 2643 1861 2684 Perchacini
1878 2675 1888 2693 ,
1920 2655 1989 2682 an.
2017 2643 2118 2681 1562
2136 2673 2145 2690 ‚
2170 2641 2284 2681 in-8.

156 2715 318 2766 Quibus
335 2715 557 2769 Opuseulis
572 2717 751 2769 praefixa
766 2718 826 2756 est
843 2715 1039 2757 Praefatio
1060 2715 1257 2769 Eutychii
1275 2715 1317 2756 S.
1336 2715 1356 2756 J
1362 2716 1512 2755 ustinae
1530 2714 1725 2755 Monachi
1737 2745 1750 2764 ,
1771 2714 1791 2755 J
1797 2714 1885 2755 uris
1903 2717 1944 2754 et
1964 2713 2077 2753 Artis
2092 2712 2138 2753 in
2156 2710 2287 2765 Gym-

157 2784 276 2825 nasio
297 2784 502 2828 Patavino
523 2783 832 2826 professoribus
850 2787 977 2837 atque
1000 2783 1272 2824 Scholaribus
1293 2784 1507 2836 inscripta.

209 2854 377 2896 Parisiis
397 2868 473 2909 per
490 2855 697 2896 Joannem
716 2855 889 2896 Barbier
906 2855 951 2895 in
975 2854 1076 2897 Vico
1096 2854 1137 2895 S.
1157 2854 1324 2906 Jacobi,
1349 2855 1440 2895 sine
1460 2867 1572 2895 30110
1585 2887 1595 2904 ,
1618 2855 1722 2894 10-8.

209 2926 424 2980 Lugdun.,
452 2929 555 2967 1642
572 2958 582 2978 ,
606 2926 727 2966 10-12
746 2929 787 2966 et
807 2929 876 2977 16,
903 2929 950 2967 ut
968 2926 1095 2966 tradit
1109 2925 1292 2967 ζ10311005
1311 2940 1335 2967 3
1355 2926 1397 2967 S.
1416 2926 1600 2967 Antonio
1620 2926 1665 2966 in
1683 2925 1791 2966 Bibl.
1815 2923 1940 2965 Univ.
1963 2923 2238 2965 Franciscana
2254 2925 2284 2965 ⁷.

156 2997 337 3039 Demum
356 3000 492 3039 exstat
511 2997 774 3051 conjunctim
795 2998 1051 3051 impressum
1077 3010 1177 3038 011111
1201 2998 1400 3038 0100111115
1421 2997 1462 3038 S.
1488 2997 1673 3038 Doctoris
1694 2995 1929 3049 Opusculis.

200 3129 210 3150 ¹
230 3129 326 3160 Tom.
342 3129 353 3159 I
368 3153 377 3169 ,
399 3128 605 3160 001.117.-
619 3128 633 3149 2
648 3129 794 3168 Tom.1,
815 3128 880 3160 col.
899 3131 949 3160 21.
965 3146 1006 3151 —
1018 3128 1031 3149 ³
1044 3129 1082 3160 In
1098 3129 1232 3161 laudato
1255 3129 1421 3170 Cataloq„
1442 3139 1476 3170 p.
1492 3131 1522 3169 3,
1544 3128 1655 3160 001.1.
1670 3145 1711 3150 —-
1723 3127 1736 3148 Ι*
1750 3126 1850 3166 Ibz'd„
1869 3136 1903 3168 p.
1921 3129 1979 3167 57,
2001 3127 2100 3158 0012.

199 3174 262 3205 ι410
281 3175 381 3206 Notis
400 3175 444 3206 ad
462 3177 547 3206 tom.
565 3176 595 3214 Ι,
615 3177 702 3215 part.
724 3176 759 3216 1,
779 3185 814 3216 p.
830 3177 904 3207 382.
918 3193 959 3199 —-
974 3177 987 3198 6
1002 3177 1040 3207 10
1058 3176 1183 3208 Amal.
1205 3178 1392 3218 typoyrap„
1413 3180 1496 3209 tom.
1517 3177 1526 3207 1
1542 3202 1548 3217 ,
1571 3178 1657 3216 part.
1676 3175 1727 3215 11,
1749 3184 1783 3215 p.
1797 3176 1871 3206 701.

197 3221 320 3254 ⁷Tom.
339 3223 372 3263 1,
395 3232 430 3263 p.
449 3224 520 3263 160,
540 3222 606 3254 col.
621 3225 650 3254 1.

157 3299 234 3330 tous
252 3299 408 3338 ceux-la,
429 3302 462 3331 et
479 3299 536 3341 qui
556 3302 608 3331 est
626 3299 840 3340 aujourd'hui
860 3300 986 3340 depose
1015 3302 1034 3332 a
1052 3301 1084 3332 la
1100 3301 1332 3342 bibliotheque
1354 3301 1394 3332 de
1413 3301 1445 3332 la
1460 3300 1538 3331 ville
1556 3300 1597 3331 de
1615 3300 1749 3340 Reims,
1771 3300 1867 3331 lettre
1889 3301 1913 3331 E
1926 3324 1936 3340 ‚
1956 3299 2091 3331 chiffres
2107 3301 2165 3331 309
2185 3299 2191 3340 Ι
2210 3300 2282 3331 297.

158 3345 184 3376 ll
198 3349 294 3386 porte
313 3347 362 3378 les
377 3356 488 3378 armes
505 3347 546 3378 de
567 3348 641 3388 Guy
658 3348 699 3378 de
720 3349 834 3388 Roye,
858 3347 1070 3388 archeveque
1088 3349 1128 3379 de
1150 3349 1278 3388 Reims,
1301 3351 1391 3379 mort
1410 3348 1475 3378 l'an
1498 3349 1593 3387 1407,
1615 3350 1648 3379 et
1666 3347 1688 3378 il
1709 3347 1919 3388 appartenait
1932 3371 1940 3386 ,
1961 3356 2003 3378 311
2023 3350 2176 3378 moment
2191 3346 2233 3377 de
2253 3346 2286 3377 la

157 3393 348 3425 revolution
365 3395 406 3425 de
430 3397 524 3435 1789,
546 3404 589 3426 au
605 3395 756 3435 chapilre
774 3395 814 3425 de
835 3395 961 3435 l'egIIse
978 3396 1265 3435 metropolitaine.
1289 3396 1313 3425 ll
1330 3395 1515 3435 compi-end
1536 3396 1811 3426 non-seulement
1830 3395 1878 3425 les
1898 3394 2160 3425 comnlentaires
2180 3402 2237 3424 sur
2253 3393 2284 3424 le

158 3440 344 3480 qualrieme
360 3441 457 3479 livre,
475 3451 608 3473 comme
630 3451 675 3473 on
696 3442 809 3473 l’avait
824 3451 882 3473 cru
899 3442 1057 3483 jusqu'ici
1076 3443 1208 3483 d'apres
1229 3452 1294 3473 nne
1311 3443 1421 3474 sausse
1439 3442 1652 3482 inscription,
1673 3442 1757 3473 mais
1775 3442 1823 3473 les
1847 3442 2109 3473 commentaires
2129 3440 2180 3479 (de
2198 3440 2286 3471 saint

159 3486 406 3527 Bonaveuture)
429 3498 486 3520 sur
504 3489 553 3520 les
567 3491 684 3529 quatre
701 3489 803 3520 livres
817 3489 876 3519 des
896 3489 1079 3521 sentences.
1102 3491 1152 3520 Au
1170 3491 1347 3530 jugement
1364 3490 1405 3520 de
1424 3490 1468 3521 M.
1486 3490 1656 3530 Loriquet,
1674 3492 1916 3521 conservateur
1930 3488 2038 3519 actuel
2058 3488 2097 3518 de
2118 3487 2150 3518 la
2164 3487 2286 3519 biblio-

157 3532 283 3574 theque
297 3534 338 3565 de
358 3535 389 3566 la
401 3535 480 3567 ville
496 3536 537 3567 de
558 3536 684 3576 Reims,
703 3545 740 3567 ce
756 3536 941 3567 manuscrit
960 3539 1010 3567 est
1024 3537 1269 3568 certainement
1283 3537 1326 3567 du
1340 3536 1566 3577 quatorzieme
1581 3536 1694 3575 siecle,
1710 3536 1759 3567 s'il
1776 3545 1819 3567 ne
1834 3538 1988 3567 remonte
2002 3535 2112 3566 100010
2125 3534 2282 3576 jusqu'au

158 3580 342 3612 treizieme.
362 3582 456 3614 Nous
471 3592 558 3614 nous
579 3592 622 3614 en
635 3583 810 3614 servirons
830 3582 906 3623 plus
922 3583 1021 3614 d’une
1038 3583 1115 3615 fois.
