2570 3986
322 258 350 285 x
1275 243 1409 284 SIXTI
1439 243 1473 284 V
1514 293 1516 295 V

321 334 573 378 catholicam
593 334 745 376 merita
764 334 965 390 congruis
991 334 1228 378 honoribus
1254 348 1488 388 exornare,
1524 338 1675 391 praeter
1695 332 1780 375 alia
1801 332 1880 375 hoc
1905 332 2033 391 jussit
2062 336 2191 391 atque
2216 332 2429 390 decrevit,

321 429 367 466 ut
387 422 506 466 illius
527 424 659 466 festus
677 422 766 465 dies
786 422 1018 481 quotannis
1037 422 1221 481 duplicis
1245 421 1386 465 Officii
1408 422 1495 465 ritu
1525 422 1577 465 ad
1598 422 1734 464 instar
1753 426 1999 465 sanctoruni
2021 426 2210 480 quatuor
2235 421 2432 467 Ecclesiae

318 511 550 556 Doctorum
573 518 778 571 perpetuo
798 512 1113 555 celebraretur:
1138 511 1251 571 quod
1279 518 1319 554 et
1345 511 1388 554 S.
1412 511 1728 555 Bonaventurac
1755 510 1926 554 Doctori
1947 510 2105 554 eximio
2126 510 2260 553 tribui
2279 511 2434 556 debere

317 617 490 660 aequum
514 603 701 660 profecto
722 602 1042 656 existimamus,
1075 617 1174 645 cum
1196 607 1282 644 tam
1309 601 1447 644 multa
1478 601 1679 643 intereos
1698 599 1871 642 virtutis
1886 634 1896 653 ,
1920 599 2177 654 sanctitatis,
2201 598 2403 644 doctrina}
2419 636 2430 656 ,

317 691 570 733 meritorum
590 691 835 749 conjunctio
851 726 860 743 ‚
884 696 924 733 et
943 691 1183 734 similitudo
1206 688 1455 733 intercedat.
1489 689 1546 731 IIi
1565 688 1683 731 enim
1703 693 1805 731 sunt
1824 688 1919 732 duae
1941 689 2066 732 olivae
2080 724 2090 743 ,
2113 694 2155 732 et
2173 689 2260 732 duo
2280 689 2434 733 cande-

314 778 435 820 labra
456 777 498 819 in
519 777 646 820 domo
672 777 749 819 Dei
776 777 988 831 lucentia,
1018 778 1093 835 qui
1114 783 1154 820 et
1173 777 1393 821 charitatis
1415 779 1706 837 pinguedine,
1736 784 1777 821 ct
1803 777 1988 828 scicntia}
2008 778 2104 822 luce
2131 783 2264 822 totam
2290 779 2434 822 Eccle-

313 865 418 908 siam
442 865 696 908 collustrant
717 882 724 907 :
753 865 797 907 hi
818 865 1030 921 singulari
1051 866 1128 909 Dei
1151 867 1421 924 providentia
1441 867 1593 910 eodem
1615 874 1808 926 tempore
1834 872 2042 925 tanquam
2063 867 2160 911 duae
2180 868 2313 912 stellae
2333 883 2434 912 exo-

313 954 469 997 rientes
506 969 558 997 ex
585 954 755 997 duabus
785 955 1034 997 clarissimis
1066 956 1337 1011 regularium
1372 956 1578 999 ordinum
1618 956 1794 999 familiis
1826 955 2082 1014 prodierunt
2100 989 2109 1010 ,
2149 972 2246 1015 quae.
2278 963 2432 1003 sanctae

311 1044 509 1088 Ecclesiae
530 1044 578 1087 ad
602 1045 854 1088 catholicam
875 1045 1146 1100 Religionem
1169 1046 1532 1104 propugnandam
1557 1046 1743 1089 maxime
1766 1046 1915 1101 utiles,
1939 1046 2050 1089 etad
2070 1061 2219 1089 omnes
2238 1046 2428 1103 labores,

312 1138 352 1175 et
373 1133 562 1191 pericula
583 1148 659 1192 pro
679 1134 917 1177 orthodoxa
939 1134 1023 1176 fide
1044 1134 1272 1177 subeunda
1292 1141 1450 1193 paratae
1471 1151 1640 1194 semper
1659 1137 1875 1191 existunt,
1899 1150 1950 1179 ex
1967 1136 2128 1195 quibus
2149 1142 2358 1195 tanquam
2378 1151 2431 1180 ex

311 1222 442 1265 fertili
471 1229 512 1266 et
535 1223 642 1266 bene
663 1224 778 1267 culto
799 1224 889 1267 solo
918 1223 1111 1282 quotidie
1142 1239 1218 1282 per
1247 1224 1326 1267 Dei
1356 1225 1542 1282 gratiam
1569 1225 1789 1279 secundm,
1826 1230 1867 1267 ct
1893 1225 2124 1268 fructuosae
2144 1225 2301 1284 plantae
2333 1240 2431 1284 pro-

309 1319 531 1367 creantur,
559 1313 638 1356 hoc
658 1319 718 1356 est
737 1313 820 1355 viri
841 1313 1035 1356 doctrina
1054 1318 1095 1356 et
1114 1313 1337 1357 sanctitate
1358 1318 1610 1373 praestantes
1626 1348 1636 1367 ,
1664 1314 1741 1372 qui
1772 1313 1890 1357 Petri
1911 1313 2122 1358 naviculae
2142 1319 2205 1358 tot
2224 1314 2430 1358 fluctibus

308 1402 492 1459 agitatre,
516 1407 556 1444 et
575 1402 773 1445 Romano
793 1402 1022 1456 Pontifici,
1047 1402 1140 1460 ejus
1156 1403 1331 1446 clavum
1353 1418 1441 1446 non
1461 1403 1553 1446 sine
1575 1418 1733 1460 magna
1751 1402 2043 1446 sollicitudine
2065 1403 2248 1458 tenenti,
2272 1403 2427 1447 fortem

307 1498 349 1534 et
369 1492 540 1536 fidelem
562 1507 736 1552 operam
758 1497 935 1536 navant.
964 1493 1020 1535 Hi
1040 1492 1127 1536 duo
1155 1492 1301 1536 Sancti
1321 1527 1330 1546 ‚
1359 1508 1458 1536 cum
1480 1498 1620 1535 essent
1640 1492 1773 1536 coaevi
1791 1527 1799 1546 ,
1830 1491 2071 1550 iisdemque
2089 1492 2243 1535 studiis
2263 1492 2423 1550 dediti,

306 1582 616 1641 condiscipuli,
640 1583 770 1626 simul
793 1582 1014 1640 magistri,
1037 1583 1132 1642 pari
1151 1583 1317 1626 ratione
1338 1598 1362 1626 a
1388 1582 1597 1639 Gregorio
1615 1582 1680 1636 X,
1716 1596 1888 1624 summo
1913 1580 2146 1636 Pontifice,
2180 1596 2278 1624 cum
2298 1582 2426 1626 ambo

305 1671 357 1714 ad
378 1671 626 1715 Concilium
646 1677 945 1726 evocarentur,
968 1672 1194 1725 honorati,
1219 1677 1258 1714 et
1279 1672 1325 1714 in
1346 1671 1480 1730 hujus
1497 1671 1598 1715 vitae
1621 1670 1970 1729 peregrinatione
1991 1670 2182 1713 fraterna
2201 1670 2423 1725 charitate,

304 1760 520 1818 spirituali
539 1762 848 1817 familiaritate,
871 1767 1118 1805 sanctorum
1140 1761 1342 1805 laborum
1361 1760 1560 1804 societate
1580 1760 1706 1804 valde
1722 1759 1942 1818 conjuncti
1960 1759 2155 1814 fuerunt,
2179 1765 2219 1802 et
2237 1758 2426 1818 denique

303 1850 395 1907 pari
416 1865 565 1906 gressu
583 1851 634 1894 ad
650 1852 863 1894 coelestem
887 1851 1070 1910 patriam
1091 1850 1442 1908 commigrante&
1466 1850 1629 1909 pariter
1648 1850 1793 1893 felices
1813 1854 1854 1892 et
1872 1848 2050 1906 gloriosi
2071 1848 2148 1891 illa
2164 1848 2427 1907 sempiterna

302 1938 570 1982 beatitudine
593 1941 895 1998 perfruuntur,
919 1940 996 1983 ubi
1017 1940 1167 1983 eodem
1187 1939 1409 1982 charitatis
1429 1939 1602 1994 affectu,
1625 1944 1673 1982 ut
1694 1939 1762 1998 pie
1780 1937 2011 1992 credimus,
2035 1952 2112 1996 pro
2135 1936 2260 1980 nobis
2280 1936 2326 1979 in
2345 1936 2425 1981 hac

301 2027 594 2086 lacrymarum
621 2029 732 2072 valle
764 2029 1064 2073 laborantibus
1096 2034 1222 2072 orant
1239 2064 1248 2084 ,
1283 2028 1567 2087 divinamque
1594 2043 1719 2087 opem
1749 2027 1986 2086 implorant
2003 2061 2013 2082 ,
2047 2032 2095 2069 ut
2124 2027 2276 2070 merito
2309 2026 2424 2070 idem

301 2115 450 2160 Sixtus
469 2117 531 2162 IV
561 2117 638 2161 hos
657 2118 766 2161 duos
790 2118 968 2162 Sanctos
986 2118 1254 2178 persimiles,
1288 2124 1328 2162 et
1354 2119 1478 2177 quasi
1498 2119 1696 2175 geminos
1723 2118 1769 2161 in
1790 2117 1959 2161 Christo
1986 2117 2140 2161 fratres
2160 2131 2395 2173 agnoscens
2410 2152 2421 2173 ,

301 2207 496 2250 statuerit
517 2206 560 2250 S.
584 2207 937 2251 Bonaventuram
957 2207 1173 2251 consimili
1194 2207 1486 2251 venerationis
1507 2213 1547 2251 et
1567 2207 1745 2251 honoris
1771 2206 2079 2267 praerogativa,
2102 2211 2233 2264 atque
2253 2211 2424 2249 sanctus

301 2296 488 2340 Thomas
502 2332 512 2351 ,
540 2297 831 2341 decorandum
851 2312 954 2341 esse.
990 2297 1115 2350 Quod
1145 2297 1280 2354 igitur
1300 2313 1326 2340 a
1344 2298 1491 2353 nobis,
1523 2303 1564 2341 et
1583 2296 1795 2355 seraphici
1815 2295 1981 2339 ordinis
2000 2295 2206 2349 charitas,
2231 2300 2271 2338 et
2289 2296 2425 2339 sancti

300 2385 616 2431 Bonaventurae
644 2387 899 2430 meritorum
926 2386 1184 2443 magnitudo
1202 2421 1212 2441 ,
1250 2392 1291 2429 et
1317 2387 1537 2430 catholicae
1563 2386 1789 2440 Ecclesiae,
1823 2385 1949 2443 cujus
1975 2385 2273 2442 gubernacula
2301 2385 2425 2429 nobis

300 2473 399 2517 licet
418 2475 747 2520 immerentibus
767 2493 791 2520 a
810 2477 898 2520 Deo
916 2476 1143 2519 commissa
1161 2480 1279 2528 sunt,
1306 2475 1486 2530 utilitas,
1510 2481 1551 2519 et
1569 2474 1799 2518 aediticatio
1821 2473 2022 2533 requirit,
2046 2473 2193 2517 habita
2212 2488 2342 2533 super
2357 2473 2425 2517 his

301 2564 503 2607 omnihus
522 2580 622 2608 cum
638 2565 961 2608 vcneraldhbus
978 2565 1187 2608 fratribus
1201 2563 1360 2607 nostris
1381 2563 1426 2607 S.
1445 2564 1499 2607 R.
1518 2564 1567 2607 E.
1588 2563 1893 2607 Cardinalibus
1910 2562 2219 2606 deliberatione
2235 2569 2419 2616 matura,

299 2654 350 2697 de
370 2656 622 2699 eorumdem
642 2656 843 2709 consilio,
872 2665 912 2698 et
939 2656 1135 2699 unanimi
1154 2671 1331 2699 assensu
1347 2690 1357 2710 ,
1387 2659 1427 2697 et
1452 2669 1504 2696 ex
1523 2658 1638 2696 certa
1658 2657 1806 2696 nostra
1826 2651 2029 2706 scientia,
2059 2666 2106 2694 ac
2133 2651 2184 2694 de
2206 2651 2422 2696 attributae

299 2743 423 2786 nobis
442 2745 682 2803 apostolicae
703 2745 921 2804 potestatis
940 2745 1235 2804 plenitudine,
1259 2744 1340 2788 hac
1362 2748 1508 2786 nostra
1528 2747 1736 2800 perpetuo
1757 2740 1948 2784 valitura
1968 2740 2275 2785 constitutione
2291 2775 2302 2797 ‚
2324 2740 2423 2785 doc-

298 2831 458 2875 trinam
484 2832 619 2891 ipsius
647 2834 691 2876 S.
716 2834 1031 2878 Bonaventurae
1053 2850 1077 2877 a
1096 2834 1354 2894 supradictis
1373 2831 1758 2891 praedecessoribus
1779 2830 1936 2873 nostris
1968 2830 2190 2874 Clemente
2210 2831 2293 2887 IV,
2317 2831 2423 2876 Gre-

297 2922 419 2978 gorio
439 2922 480 2964 X
500 2929 539 2965 et
559 2923 680 2967 Sixto
701 2924 761 2967 IV
782 2924 1020 2979 laudatam,
1041 2924 1086 2967 in
1105 2923 1299 2968 Concilio
1321 2920 1606 2979 Lugdunensi
1625 2920 1812 2963 maxime
1828 2924 2080 2978 spectatam,
2101 2921 2146 2963 in
2166 2921 2421 2966 Florentino

298 3012 428 3054 etiam
448 3012 500 3055 ad
521 3026 587 3054 res
603 3012 800 3056 difficiles
819 3013 1094 3072 explicandas
1114 3014 1375 3067 adhibitam,
1396 3011 1756 3069 gravissimorum
1777 3010 1975 3054 virorum
1994 3011 2250 3054 auctoritate
2271 3011 2422 3054 ‘testifi-

297 3107 451 3154 catam,
476 3106 517 3143 et
536 3103 879 3146 commendatam
896 3138 906 3158 ,
933 3109 973 3146 et
993 3103 1153 3146 eximio
1174 3104 1371 3148 Ecclesiae
1394 3103 1575 3147 Doctore
1596 3102 1793 3159 dignam,
1817 3117 1895 3145 nos
1914 3116 2090 3161 quoque
2110 3102 2354 3161 plurimum
2375 3102 2421 3145 in

296 3189 483 3233 Domino
503 3190 757 3246 laudamus,
780 3197 820 3234 et
839 3192 1220 3247 commendamus;
1245 3208 1293 3236 ac
1320 3193 1486 3236 litteras
1504 3192 1699 3251 ejusdem
1730 3191 1840 3235 Sixti
1860 3192 1946 3247 IV,
1977 3207 2086 3250 quas
2112 3206 2189 3250 pro
2210 3191 2421 3250 expressis

297 3277 376 3322 hoc
395 3278 488 3322 loco
507 3279 656 3322 haberi
678 3279 903 3334 volumus,
927 3287 1102 3340 excepta
1122 3281 1214 3340 ejus
1234 3281 1508 3325 ordinatione
1529 3281 1581 3325 de
1606 3281 1712 3324 festo
1732 3281 1800 3324 die
1824 3280 1868 3324 S.
1892 3280 2213 3325 Bonaventuree
2233 3280 2421 3326 secunda

298 3367 523 3411 Dominica
546 3368 654 3411 Julii
673 3369 952 3425 celebrando,
975 3369 1131 3414 harum
1153 3376 1302 3415 tenore
1323 3372 1634 3431 approbanteS,
1659 3376 1700 3415 et
1721 3372 2001 3427 innovantes,
2034 3371 2177 3431 ipsum
2210 3372 2256 3416 S.
2279 3373 2420 3417 Bona-

297 3461 527 3500 venturam
543 3456 643 3515 jure
662 3462 909 3501 sanctorum
929 3458 1162 3502 Doctorum
1182 3461 1400 3505 consortio
1420 3461 1474 3505 ab
1493 3461 1642 3505 eodem
1665 3460 1787 3505 Sixto
1805 3461 1867 3505 IV
1888 3461 2170 3520 adscriptum,
2193 3468 2234 3505 et
2252 3478 2417 3507 connu-

299 3550 512 3589 meratum
526 3580 538 3602 ,
563 3546 816 3590 auctoritate
835 3546 1091 3606 apostolica,
1118 3552 1266 3593 tenore
1286 3549 1566 3608 praesentium
1580 3584 1592 3606 ,
1606 3549 1727 3594 rinter
1746 3550 1985 3610 praecipuos
2004 3556 2046 3594 et
2063 3551 2315 3610 primari05‚
2336 3551 2414 3611 qui
