2613 3990
144 773 224 801 Ratio

121 815 235 842 conclu-

106 856 193 884 sionis
206 857 246 883 in-

107 898 245 925 fcrendae.

115 1127 244 1164 Explica-

794 255 921 297 DIST.
953 255 1054 298 XIX.
1087 255 1237 297 PART.
1271 256 1302 297 Ι.
1332 254 1452 295 ART.
1486 253 1516 292 Ι.
1545 251 1740 301 QUAEST.
1773 252 1839 293 IV.

626 416 922 459 CONCLUSIO.

264 532 305 568 In
318 530 454 568 divinis
469 536 648 580 reperitur
671 535 859 580 oeqztalitas
876 533 1063 569 secundum
1086 534 1285 568 conversio-

313 602 416 638 nem,
445 603 520 629 cum
551 595 785 640 reciprocatio
816 595 861 629 sit
892 593 932 629 de
963 595 1106 629 rectione
1137 593 1288 638 ecquale?-

314 652 415 687 tatis.

318 772 438 827 Resp.
461 773 514 815 ad
538 773 642 826 Arg.
676 773 905 815 Dicendum
933 775 1045 827 quod
1070 775 1288 828 aequalitas

265 848 326 886 est
352 845 409 886 ibi
433 858 520 887 non
546 848 713 887 tantum
744 846 845 899 quia
870 847 1038 897 divina,
1060 848 1131 889 sed
1159 848 1288 889 etiam

265 915 365 968 quia
397 916 613 970 aequalitas
644 929 654 957 :
691 920 732 958 et
761 929 858 957 cum
891 919 1107 970 aequalitas
1138 919 1188 960 de
1222 920 1288 960 sui

263 987 426 1029 ratione
460 988 569 1029 dicat
596 988 970 1042 reciprocationem
1001 990 1046 1029 in
1079 992 1287 1042 quantum

264 1059 480 1112 aequalitas
494 1091 505 1110 ,
540 1060 776 1101 secundum
812 1060 891 1101 hoc
932 1060 1189 1101 credendum
1228 1063 1288 1101 est

263 1133 376 1186 quod
399 1132 520 1174 Pater
538 1133 711 1186 aequalis
729 1134 847 1186 Filio,
870 1138 910 1175 et
930 1134 1064 1175 Filius
1088 1134 1213 1175 Patri.
1237 1135 1287 1176 Et

262 1205 314 1246 ad
325 1204 648 1257 intelligentiam
659 1207 921 1258 objectorum
931 1207 1114 1248 notandu
1122 1219 1162 1246 111
1175 1207 1287 1260 quod

262 1276 482 1329 dupliciter
499 1279 560 1317 est
577 1277 695 1330 loqui
715 1278 765 1319 de
784 1278 1023 1331 aequalitate
1044 1293 1051 1319 :
1072 1281 1145 1318 aut
1160 1280 1287 1331 prout

261 1349 361 1390 dicit
387 1351 625 1402 respectum
650 1350 989 1403 aequiparantiee;
1031 1352 1104 1390 aut
1134 1354 1282 1403 prout,

259 1421 371 1462 ultra
394 1419 652 1474 respectum,
678 1421 893 1462 concernit
918 1424 1061 1462 actum
1086 1434 1284 1475 coaequa-

257 1493 398 1534 tionis.
421 1492 469 1534 In
487 1496 697 1546 quantum
717 1493 815 1534 dicit
832 1496 1068 1546 respectum
1094 1494 1283 1548 aequipa-

258 1565 428 1615 rantiae,
447 1565 554 1606 sicut
571 1565 797 1607 ostendunt
816 1565 1018 1615 rationes,
1036 1577 1203 1606 necesse
1224 1570 1285 1607 est

258 1637 371 1692 quod
401 1637 453 1678 sit
483 1637 542 1678 ihi
567 1636 837 1690 reciprocatio
865 1649 874 1677 :
902 1636 971 1677 sed
999 1637 1042 1676 in
1071 1640 1283 1690 quantum

257 1709 435 1751 ulterius
463 1708 678 1750 concernit
702 1710 843 1749 actum
871 1709 1192 1761 coaequationis,
1226 1710 1284 1751 sic

258 1781 358 1822 dicit
370 1781 576 1822 rationem
589 1780 847 1829 imitationis,
862 1780 970 1821 etsie
984 1793 1069 1821 non
1085 1782 1282 1823 convenit

258 1852 371 1894 Patri
389 1855 579 1907 respectu
597 1852 705 1903 Filii,
723 1852 822 1905 quia
838 1852 1083 1905 importaret
1104 1854 1282 1894 subauc-

255 1925 466 1967 toritatem
491 1925 535 1965 in
565 1924 699 1965 Patre.
726 1923 843 1965 Unde
874 1937 960 1965 non
985 1925 1136 1966 dicitur
1161 1926 1283 1971 Pater

255 1998 467 2051 coaequari
492 1996 598 2038 Filio
614 2029 624 2047 ,
646 1996 746 2049 quia
772 1996 928 2037 Filium
957 2009 1043 2037 non
1068 1997 1279 2054 imitatur,

253 2082 331 2111 nec
343 2069 537 2123 perfecte,
555 2080 632 2109 nec
646 2068 900 2121 imperfecte.
918 2067 966 2108 Et
980 2068 1038 2109 sic
1052 2072 1111 2109 est
1125 2071 1278 2123 simile,

252 2142 286 2182 si
304 2141 467 2183 dicatur
489 2155 498 2182 z
520 2140 606 2182 Hoc
622 2151 718 2181 cum
738 2139 1116 2193 πίω-[1010510010]
1140 2143 1280 2197 dupli-

252 2213 353 2254 citer
370 2212 551 2265 intelligi
580 2224 590 2252 :
612 2215 686 2253 aut
706 2215 833 2265 prout
855 2211 953 2252 dicit
972 2212 1155 2254 duorum
1175 2228 1280 2256 con-

249 2285 539 2338 Ι111110110110111,
565 2286 606 2325 01
630 2283 688 2324 sic
706 2283 757 2324 de
784 2283 1030 2324 necessitate
1048 2287 1281 2329 attenditur

252 2355 486 2397 secundum
506 2354 825 2396 conversionem
845 2366 855 2394 z
877 2354 911 2394 si
931 2355 1046 2395 enim
1066 2356 1144 2397 iste
1166 2359 1280 2400 vadit

252 2439 351 2468 cum
371 2427 458 2479 illo,
478 2439 647 2468 necesse
666 2428 727 2467 est
746 2426 871 2466 etiam
890 2426 1001 2479 quod
1018 2439 1170 2468 verum
1188 2430 1241 2470 sit
1256 2443 1279 2471 e

252 2510 470 2540 converso.
504 2497 600 2538 Alio
632 2497 779 2548 modo,
815 2497 888 2539 hoc
925 2508 1020 2539 cum
1051 2498 1145 2549 illo,
1182 2500 1280 2541 dicit

251 2570 592 2620 associationem,
614 2570 655 2610 et
672 2568 730 2609 ita
756 2568 986 2621 quamdam
1014 2570 1278 2612 subauctori-

250 2644 381 2682 tatem
400 2641 446 2682 in
470 2640 699 2681 associante
721 2652 731 2680 :
757 2640 815 2681 sic
839 2641 993 2681 dicitur
1017 2643 1131 2695 quod
1158 2644 1279 2685 miles

251 2713 367 2756 vadit
390 2725 490 2754 cum
514 2724 616 2764 rege
632 2743 642 2762 ,
672 2724 761 2753 non
780 2725 802 2753 0
823 2725 1026 2754 converso
1047 2728 1056 2754 :
1087 2714 1278 2756 similiter

250 2786 577 2839 intelligendum
593 2788 654 2826 est
673 2797 769 2826 cum
791 2786 1046 2839 aequalitate.

305 2860 324 2897 1
339 2889 349 2908 ,
371 2860 416 2909 2,
439 2859 462 2897 3
490 2859 532 2897 et
558 2859 597 2897 4.
620 2856 671 2897 Et
689 2869 742 2897 ex
760 2856 827 2897 his
846 2859 990 2909 patent
1008 2858 1278 2899 auctoritates

250 2930 494 2969 sanctorum
513 2939 610 2981 quae
632 2927 867 2980 loquuntur
886 2927 936 2969 de
955 2929 1191 2981 aequalitate
1211 2942 1278 2971 se-

251 2999 388 3040 cundo
401 2999 542 3049 modo,
562 3001 715 3052 praeter
729 2998 846 3039 illam
860 2999 1059 3052 Dionysii,
1077 3000 1129 3041 ad
1148 3013 1277 3053 quam

251 3070 592 3124 respondendum
626 3070 740 3123 quod
776 3082 863 3111 non
900 3071 1026 3112 hahet
1056 3072 1199 3113 locum
1233 3074 1277 3114 in

252 3141 464 3196 proposito
479 3174 490 3193 ,
518 3142 618 3195 quia
642 3141 866 3195 Dionysius
887 3142 1077 3194 loquitur
1109 3145 1278 3198 proprie

252 3214 303 3255 de
322 3225 449 3254 causa
466 3213 698 3255 secundum
719 3213 832 3267 quod
852 3226 978 3255 causa
1003 3215 1154 3257 dicitur
1173 3217 1277 3259 illud

297 3344 304 3364 ¹
320 3343 373 3384 Cf.
389 3344 567 3384 S Thom„
579 3354 614 3385 p.
628 3345 652 3385 1,
665 3354 698 3386 q.
714 3353 800 3386 nu,
815 3348 876 3377 art.
892 3348 921 3386 53
939 3348 971 3378 ct
985 3346 993 3376 1
1008 3347 1098 3380 Sent.
1114 3348 1190 3380 dist.
1202 3357 1275 3390 XIX,

249 3401 282 3432 q.
305 3399 356 3432 111,
376 3394 438 3423 art.
460 3394 496 3431 23
517 3393 623 3433 scot„
644 3394 655 3424 I
676 3393 782 3430 Sent„
807 3393 884 3425 dist.
909 3401 981 3434 xix,
1000 3403 1097 3435 q.113
1122 3396 1276 3437 AEgidins

246 3440 361 3478 Rom„
382 3439 392 3469 l
414 3438 519 3479 Sena,
548 3439 624 3470 dist.
651 3448 731 3480 xix,
758 3450 809 3481 pr.
841 3443 878 3481 2,
899 3451 934 3482 q.
963 3449 1011 3482 113
1034 3443 1221 3483 Henricus‚
1240 3444 1276 3475 in

246 3486 394 3526 Summa,
415 3488 478 3518 art.
493 3488 545 3527 53,
558 3496 591 3528 q.
606 3487 678 3528 ult.;
699 3489 898 3529 Richardus,
913 3490 924 3520 l
940 3490 1086 3530 Senten„
1106 3491 1181 3524 dist.
1201 3499 1274 3532 xlx,

248 3543 283 3575 q.
307 3541 356 3575 113
376 3533 575 3566 Franciscus
599 3534 640 3566 de
659 3536 781 3577 Mayr„
808 3537 818 3568 1
843 3537 950 3576 Seni„
970 3537 1049 3569 dist.
1071 3546 1136 3579 xx,
1156 3549 1189 3580 q.
1211 3547 1272 3580 111,-

246 3581 345 3614 Joan.
374 3582 535 3624 Baccon.,
556 3583 568 3615 I
587 3583 693 3624 Sent„
719 3584 796 3618 dist.
813 3592 895 3627 Xix,
913 3593 1010 3627 q.11;
1031 3586 1152 3619 Thom.
1175 3588 1272 3629 Arg„

2309 260 2385 298 329

1362 344 1413 385 ad
1431 343 1553 396 cujUs
1571 354 1659 383 esse
1677 341 1869 395 sequitur
1889 341 2016 391 aliud,
2033 345 2073 383 et
2086 343 2142 384 ita
2157 344 2295 386 differt
2311 358 2387 399 per

1362 415 1586 457 essentiam
1606 414 1658 454 al)
1678 414 1829 454 effectu
1846 430 1854 455 ε
1873 417 1914 454 01
1929 414 2010 455 1100
2029 415 2153 457 modo
2173 429 2259 458 non
2276 419 2386 460 cadit

1361 488 1406 528 in
1426 487 1507 528 Deo
1524 488 1715 539 respectu
1734 498 1940 539 personae.

1709 641 1944 692 QUAESTIO
1973 642 2040 684 IV.

1362 746 1422 781 An
1441 747 1481 781 in
1501 745 1637 781 (lirinis
1653 747 1701 780 sit
1719 745 1908 790 (equalitas
1927 756 2004 781 cum
2019 746 2342 781 cz'rcztmincessione
2358 746 2384 781 ¹.

1416 846 1564 887 Utrum
1590 846 1634 886 in
1666 845 1818 887 divinis
1845 846 1897 886 sit
1927 845 2145 899 aequalitas
2173 857 2271 886 cum
2301 845 2383 885 cir-

1361 917 1693 958 cumincessione
1709 932 1718 967 ;
1735 919 1774 957 et
1789 917 1900 970 quod
1916 917 1988 968 sic,
2001 916 2234 957 ostenditur
2248 917 2385 969 primo

1360 990 1606 1031 auctoritate
1627 989 1792 1030 Domini
1812 995 1824 1016 ἓ
1846 1004 1854 1030 :
1877 989 1962 1042 qu
1981 989 2028 1030 in
2047 989 2190 1040 Patre,
2210 992 2246 1031 et
2262 988 2388 1031 Pater

1361 1062 1409 1104 in
1427 1072 1489 1104 me
1507 1067 1579 1104 est.

1414 1133 1518 1173 Item
1546 1133 1812 1185 Augustinus
1832 1136 1845 1157 ³
1863 1164 1873 1182 ,
1900 1131 1950 1173 cle
1979 1131 2064 1183 fide
2094 1131 2152 1173 acl
2179 1131 2350 1175 Petrum
2369 1148 2385 1175 .·

1366 1220 1383 1243 (ι
1400 1204 1573 1258 Propter
1589 1204 1793 1245 unitatem
1812 1207 1976 1245 naturae
1993 1206 2106 1245 totus
2123 1202 2244 1244 Pater
2264 1206 2325 1244 est
2341 1204 2383 1244 in

1359 1276 1464 1318 Filio
1485 1280 1525 1317 et
1542 1276 1702 1330 Spiritu
1722 1278 1878 1317 sancto.
1899 1290 1918 1313 »

1413 1348 1516 1389 Item
1541 1349 1622 1389 hoc
1651 1349 1791 1401 ipsum
1820 1347 2052 1389 ostenditur
2079 1347 2263 1398 ratione,
2286 1347 2386 1400 quia

1357 1421 1402 1460 in
1437 1432 1707 1473 quocumque
1745 1422 1807 1460 est
1841 1419 2076 1459 substantia
2104 1419 2173 1460 vel
2207 1419 2386 1460 essentia

1358 1491 1505 1542 Patris,
1528 1494 1588 1531 est
1606 1491 1727 1532 Pater
1747 1503 1756 1531 :
1774 1491 1845 1531 sed
1864 1490 2098 1531 substantia
2116 1489 2250 1530 Patris
2264 1493 2325 1530 est
2339 1490 2385 1531 in

1357 1562 1461 1604 Filio
1481 1576 1490 1604 :
1510 1575 1612 1615 ergo
1628 1563 1749 1603 Pater
1766 1565 1826 1603 est
1843 1562 1886 1602 in
1902 1561 2021 1603 Filio.
2045 1561 2200 1602 Eadem
2220 1560 2384 1601 ratione

1356 1638 1417 1676 est
1435 1635 1567 1676 Filius
1586 1635 1629 1675 in
1647 1634 1782 1675 Patre.

1411 1706 1514 1747 Item
1533 1739 1543 1758 ,
1574 1718 1701 1747 omne
1719 1705 1940 1758 cognitum
1961 1708 2021 1745 est
2038 1705 2085 1745 in
2105 1706 2384 1756 cognoscente

1356 1779 1424 1820 vel
1451 1791 1524 1831 per
1551 1778 1797 1828 veritatem,
1827 1777 1891 1817 ve]
1919 1789 1993 1829 per
2021 1775 2342 1816 similitudinem
2372 1790 2381 1817 ε

1356 1852 1427 1891 sed
1447 1850 1567 1891 Pater
1588 1849 1801 1902 cognoscit
1820 1848 1977 1889 Filium
1997 1851 2205 1901 quantum
2225 1847 2277 1888 ad
2298 1848 2383 1901 hy-

1355 1923 1554 1976 postasim
1573 1926 1612 1963 et
1634 1921 1932 1975 proprietatem
1955 1935 1964 1961 :
1987 1932 2091 1972 ergo
2110 1918 2240 1960 Filius
2259 1922 2320 1960 est
2338 1919 2383 1960 in

1356 1993 1492 2043 Patre,
1515 1997 1588 2034 aut
1605 1996 1815 2046 quantum
1832 1992 1883 2033 ad
1896 1991 2133 2040 veritatem,
2153 1993 2227 2030 aut
2240 2003 2381 2043 quan-

1355 2068 1447 2106 tum
1473 2065 1524 2106 ad
1548 2063 1868 2105 similitudinem
1895 2062 2083 2103 veritatis
2107 2074 2116 2101 :
2137 2073 2225 2102 11011
2245 2073 2382 2114 quan-

1354 2140 1448 2177 tum
1466 2137 1515 2177 ad
1538 2135 1872 2184 similitudinem,
1892 2134 1994 2187 quia
2011 2136 2112 2174 111110
2129 2136 2236 2173 esset
2251 2133 2382 2173 Filius

1354 2208 1398 2249 in
1425 2208 1544 2249 Patre
1573 2208 1681 2248 sicut
1706 2210 1898 2248 creatura
1923 2221 1931 2247 ε
1963 2218 2067 2258 ergo
2092 2207 2300 2258 quantum
2327 2204 2379 2244 ad

1354 2280 1576 2321 veritatem
1601 2295 1609 2319 :
1641 2280 1787 2320 eadem
1815 2278 1976 2319 ratione
2007 2276 2128 2318 Pater
2160 2276 2206 2316 in
2233 2275 2338 2316 Filio
2368 2289 2378 2317 t

1353 2363 1456 2404 ergo
1474 2350 1812 2392 circumineessio
1829 2352 1890 2390 est
1909 2349 1981 2389 ibi.

1407 2424 1531 2474 Item,
1554 2436 1681 2464 omne
1695 2423 1815 2483 'quod
1844 2425 1904 2463 est
1932 2423 2223 2475 comparatum
2247 2421 2300 2462 ad
2320 2420 2381 2461 al-

1352 2499 1492 2536 terum
1508 2528 1518 2546 ,
1541 2497 1615 2535 aut
1642 2497 1703 2535 est
1729 2495 1774 2534 in
1799 2494 1870 2534 iilo
1887 2525 1896 2542 ,
1925 2496 1999 2534 aut
2022 2495 2142 2534 extra
2168 2493 2304 2533 illum.
2336 2491 2380 2534 Si

1352 2579 1457 2620 ergo
1485 2566 1615 2607 Filius
1640 2568 1909 2619 comparatur
1931 2565 1982 2605 ad
2003 2564 2169 2605 Patrem
2186 2595 2196 2613 ,
2219 2566 2294 2604 aut
2318 2566 2380 2604 est

1351 2638 1395 2678 in
1414 2638 1500 2687 illo,
1521 2641 1596 2678 aut
1614 2640 1733 2678 extra
1757 2652 1765 2677 2
1790 2637 1823 2677 si
1846 2637 1891 2676 in
1911 2648 1974 2688 eo,
1994 2636 2140 2676 eadem
2157 2635 2321 2675 ratione
2338 2636 2378 2675 et

1352 2709 1474 2750 Pater
1492 2709 1536 2749 in
1558 2721 1628 2759 00;
1652 2709 1686 2749 si
1717 2710 1838 2748 extra
1866 2720 1987 2756 eum,
2009 2707 2080 2747 sed
2099 2706 2170 2746 illa
2193 2718 2380 2758 quorum

1351 2794 1488 2822 unum
1515 2784 1576 2822 est
1596 2785 1715 2822 extra
1739 2780 1921 2821 alterum
1947 2778 2148 2819 differunt
2175 2789 2251 2830 per
2277 2777 2380 2818 sub-

1351 2853 1550 2894 stantiam
1570 2867 1579 2894 :
1596 2864 1698 2905 ergo
1715 2851 1835 2893 Pater
1851 2853 1892 2892 et
1904 2849 2034 2891 Filius
2051 2847 2380 2889 substantialiter

1351 2926 1566 2967 differunt.

1405 2996 1531 3048 item,
1559 2997 1694 3049 maJ'or
1722 2997 1782 3036 est
1807 2991 2098 3035 convenientia
2121 2991 2168 3031 111
2193 2990 2350 3033 divinis
2366 3023 2377 3042 ,

1351 3083 1481 3123 quam
1514 3070 1566 3111 sit
1590 3068 1758 3122 generis
1786 3067 1838 3108 ad
1869 3065 2025 3120 species
2041 3097 2051 3116 ,
2079 3064 2147 3106 vel
2172 3063 2300 3105 totius
2326 3064 2378 3105 ad

1352 3145 1490 3195 partes
1509 3155 1517 3181 t
1544 3140 1614 3181 sed
1628 3172 1638 3191 ,
1660 3141 1831 3193 propter
1849 3136 2188 3178 convenientiam
2209 3134 2378 3188 generis

1351 3213 1403 3254 ad
1423 3212 1594 3265 species,
1616 3222 1752 3264 genus
1772 3211 1833 3250 est
1856 3208 1900 3248 in
1918 3207 2150 3261 speciebus,
2171 3208 2212 3247 et
2230 3218 2252 3247 e.
2273 3217 2377 3246 con-

1352 3345 1363 3375 I
1386 3344 1490 3382 Scnt„
1511 3344 1586 3375 dist.
1612 3349 1691 3381 xix,
1711 3350 1744 3382 q.
1759 3340 1878 3382 unica;
1901 3339 2027 3372 Marsil.
2050 3340 2204 3379 Inguen,
2229 3338 2241 3368 1
2269 3336 2374 3375 Seni„

1351 3393 1426 3425 dist.
1460 3400 1531 3432 xm,
1565 3401 1598 3432 q.
1627 3397 1719 3430 xxm,
1749 3392 1812 3420 art.
1840 3390 1878 3429 23
1910 3387 2026 3428 Steph.
2063 3386 2201 3426 Brulef.‚
2229 3386 2239 3416 1
2268 3384 2374 3424 Seni„

1351 3442 1428 3473 dist.
1444 3447 1517 3480 11111,
1539 3449 1572 3480 q.
1590 3446 1644 3478 ιν,
1662 3439 1780 3469 Petrus
1801 3437 1842 3468 de
1858 3437 2048 3475 Tamntas„
2063 3435 2071 3465 1
2087 3434 2192 3473 Sem„
2208 3431 2285 3463 dist.
2299 3438 2372 3470 xlx,

1351 3499 1384 3530 q.
1409 3496 1460 3528 iv,
1481 3487 1581 3518 Gabr.
1608 3486 1700 3526 Bicl,
1723 3486 1734 3516 I
1756 3485 1847 3515 Soet.
1872 3483 1949 3515 dist.
1964 3491 2044 3523 xix,
2064 3491 2097 3522 q.
2123 3488 2161 3512 11.
2183 3497 2222 3503 —
2238 3479 2250 3498 ²
2266 3480 2375 3518 Jocm„

1350 3544 1420 3576 Χιν,
1444 3538 1535 3568 11.m
1547 3535 1558 3554 ³
1574 3536 1673 3576 Aug„
1693 3533 1747 3564 vel
1767 3532 1880 3574 potius
1897 3531 2006 3572 Fulg„
2022 3529 2061 3562 de
2075 3528 2151 3561 Fid.
2169 3527 2215 3561 acl
2225 3528 2374 3569 Petrum,

1351 3594 1379 3616 c.
1403 3592 1425 3615 1.

2405 860 2546 891 Fundam.
