2613 3990
1000 123 1027 140 9

805 226 932 268 DIST.
958 225 1041 267 XX.
1070 224 1189 266 ART.
1220 225 1271 266 Il.
1304 224 1500 275 QUAEST.
1533 225 1564 265 Ι.

176 325 214 363 2.
237 320 361 371 Item,
380 318 593 373 potentius
611 317 769 371 aliquid
791 319 926 371 potest
945 315 1058 369 quod
1079 317 1140 356 est

123 392 308 447 primum
343 390 620 444 principium,
654 402 784 443 quam
819 388 931 442 quod
958 400 1045 428 non
1076 390 1138 428 est

123 464 330 516 primum,
354 461 455 515 quia
479 461 618 502 omnis
644 473 768 503 causa
795 459 996 513 primaria
1022 458 1140 511 prius

121 532 258 574 influit
271 545 399 586 quam
414 533 596 573 secunda
613 547 620 571 :
642 531 711 572 sed
732 530 852 571 Pater
871 533 931 570 est
948 530 1139 583 primum

121 603 402 657 principium:
435 615 538 656 ergo
558 615 694 644 unum
719 604 758 643 et
783 601 895 642 idem
922 601 1136 653 potentius

121 677 254 728 potest
270 673 404 724 Pater,
428 687 556 727 quam
575 673 722 714 Filius.

174 748 212 786 3.
234 745 338 786 Item
356 745 565 799 potentius
584 746 717 797 potest
744 743 815 796 qui
839 743 965 783 habet
990 745 1138 795 poten-

121 817 222 858 tiam
243 829 268 857 a
287 829 351 866 se,
373 829 500 870 quam
524 816 595 869 qui
615 815 666 856 ab
693 815 795 864 alio;
819 814 893 867 qui
922 814 1037 854 enim
1057 814 1138 854 ali-

121 888 222 941 quid
238 901 262 929 a
285 900 329 929 se
346 889 472 929 hahet
490 921 500 939 ,
520 887 654 928 multo
672 886 822 926 melius
840 886 965 926 hahet
977 918 986 936 ,
1009 898 1137 939 quam

122 960 155 1000 si
173 960 225 1000 ab
251 960 335 1001 alio
361 959 555 1013 recipiat:
583 970 686 1010 ergo
713 969 811 998 cum
836 957 970 998 Filius
988 957 1139 997 habeat

122 1043 240 1084 posse
267 1044 291 1071 a
320 1030 454 1080 Patre,
487 1029 609 1071 Pater
634 1031 775 1070 autem
796 1041 870 1082 per
894 1041 936 1069 se
963 1031 1004 1069 et
1022 1042 1045 1069 a
1069 1040 1135 1078 se;

122 1115 244 1155 ergo,
269 1106 346 1144 ete.

174 1178 212 1214 4.
236 1174 363 1226 Item,
384 1174 479 1227 plus
506 1175 640 1227 potest
666 1173 815 1226 aliquis
841 1173 914 1226 qui
941 1174 1074 1226 potest
1102 1174 1142 1212 et

121 1257 195 1300 per
213 1258 256 1287 se
278 1249 318 1287 et
341 1258 416 1299 per
442 1246 594 1296 alium,
625 1258 755 1299 quam
785 1245 857 1298 qui
884 1247 1048 1285 tantum
1067 1256 1142 1297 per

120 1328 189 1359 se:
210 1317 282 1359 sed
300 1317 422 1358 Pater
437 1319 572 1370 potest
588 1316 753 1370 operari
769 1329 842 1370 per
859 1315 1029 1366 Filium,
1052 1315 1142 1368 Spi-

119 1389 226 1430 ritus
253 1391 420 1430 sanctus
455 1400 542 1429 non
572 1390 706 1441 potest
742 1400 816 1441 per
850 1387 1030 1435 Filium,
1064 1399 1143 1427 neo

120 1459 245 1501 etiam
258 1459 345 1513 ipse
358 1459 488 1500 Filius
500 1459 667 1512 proprie
680 1459 912 1512 loquendo:
928 1470 1046 1510 ergo,
1061 1461 1138 1498 etc.

478 1629 778 1673 CONCLUSIO.

118 1737 276 1772 Personoe
300 1735 434 1771 divinae
457 1736 540 1770 sunt
565 1734 716 1779 aequales
743 1735 915 1778 quantum
946 1732 994 1767 w]
1024 1733 1140 1766 inten-

165 1797 297 1831 sionem
309 1795 493 1841 potenliae,
515 1794 644 1828 cumin
664 1792 826 1828 omnibus
845 1793 893 1827 sit
912 1801 1006 1837 oeqzce
1030 1791 1138 1826 nobi-

169 1855 214 1890 lis
231 1857 337 1900 atque
350 1863 498 1890 summa.

172 1962 294 2015 Resp.
313 1961 364 2002 ad
380 1961 562 2013 Argum.
578 1959 810 2001 Dicendum
830 1959 942 2012 quod
959 1959 1144 2012 potentia

117 2033 162 2074 in
180 2032 301 2074 Patre
320 2035 360 2074 et
384 2031 490 2073 Filio
509 2033 569 2072 est
598 2043 719 2084 aeque
748 2031 935 2080 intensa3
970 2030 1070 2083 quia
1097 2030 1143 2071 in

117 2108 300 2159 utroque
319 2115 488 2146 summa
516 2105 597 2153 est,
629 2106 668 2144 et
697 2115 818 2156 aeque
845 2103 1020 2153 nobilis3
1043 2104 1144 2156 quia

117 2178 162 2219 in
173 2180 354 2230 utroque
364 2189 453 2217 una
463 2188 538 2229 per
550 2177 746 2216 naturam
758 2187 841 2215 non
857 2175 1139 2227 degenerans:

119 2248 311 2289 similiter
329 2251 370 2289 et
387 2248 433 2288 in
452 2247 612 2300 Spiritu
632 2248 774 2286 sancto
795 2248 870 2287 θεῖ.
892 2246 942 2286 Et
961 2246 1057 2297 hoc,
1078 2247 1142 2287 lo-

119 2318 286 2372 quendo
315 2318 366 2360 de
394 2318 500 2359 Filio
527 2317 762 2358 secundum
791 2317 979 2358 divinam
1011 2321 1140 2359 natu-

119 2403 230 2441 ram,
253 2389 486 2431 secundum
505 2401 633 2442 quam
654 2388 829 2441 aequalis
848 2392 910 2429 est
930 2388 1058 2430 Patri.

175 2466 212 2502 1.
237 2461 301 2502 Ad
319 2460 422 2502 illud
446 2472 550 2512 ergo
571 2460 683 2513 quod
708 2460 904 2513 objicitur
931 2461 1043 2513 quod
1069 2460 1142 2501 Fi-

115 2533 200 2574 lius
223 2534 359 2586 potest
381 2531 491 2585 pati,
521 2531 746 2572 dicendum
774 2531 886 2583 quod
915 2531 1025 2572 istud
1054 2544 1141 2572 non

117 2606 180 2645 est
190 2603 424 2645 secundum
442 2602 673 2656 potentiam
686 2602 891 2653 divinam,
909 2602 977 2643 sed
993 2615 1140 2644 seeun-

116 2674 220 2715 dum
245 2673 535 2714 infirmitatem
560 2673 796 2713 humanam
811 2704 821 2722 ,
844 2676 884 2713 et
903 2673 1139 2714 seeundum

116 2745 232 2786 illam
250 2745 424 2786 inferior
439 2748 500 2804 θεῖ
518 2744 639 2786 Patre
658 2747 699 2786 et
715 2745 858 2785 minus
880 2748 1049 2798 potens:
1073 2758 1138 2786 εθ-

115 2816 305 2858 cundum
323 2819 467 2858 autem
487 2816 677 2858 divinam
701 2828 788 2856 non
807 2819 941 2869 potest
956 2817 1061 2870 pati,
1082 2817 1136 2857 si-

115 2890 187 2928 cut
202 2900 281 2929 nee
297 2887 434 2929 Pater.

167 2963 206 3000 2.
226 2958 291 3000 Ad
314 2959 420 3000 illud
445 2959 559 3013 quod
580 2959 763 3000 secundo
783 2960 995 3013 objicitur,
1025 2963 1137 3015 quod

113 3031 302 3084 primum
317 3031 576 3084 principium
589 3030 728 3083 magis
740 3033 873 3083 potest
885 3046 894 3081 ;
910 3032 1134 3073 dicendum

113 3101 226 3155 quod
258 3101 446 3154 primum
473 3101 731 3155 principium
765 3105 838 3142 aut
865 3103 1003 3144 solum
1039 3104 1138 3145 dicit

115 3172 321 3223 ordinem,
340 3175 415 3212 aut
438 3172 757 3213 substantialem
774 3173 1068 3216 differentiam.
1092 3175 1135 3217 Si

115 3243 255 3285 solum
271 3242 476 3294 ordinem,
495 3255 592 3284 eum
606 3256 744 3285 unum
764 3247 805 3285 et
815 3244 931 3285 idem
947 3246 1001 3286 sit
1017 3249 1137 3288 utro-

113 3313 263 3366 bique,
292 3325 381 3354 non
409 3316 471 3354 est
495 3315 706 3367 potentius
734 3316 803 3356 hie
834 3328 964 3369 quam
989 3317 1061 3358 ibi.
1091 3318 1136 3359 Si

114 3386 258 3426 autem
287 3383 564 3425 differentiam
592 3386 908 3428 substantialem
933 3400 1031 3429 eum
1063 3401 1135 3430 or-

115 3454 226 3504 dine,
257 3455 314 3495 sic
342 3467 495 3496 verum
516 3459 577 3498 θεῖ
595 3458 708 3510 quod
728 3458 939 3511 potentius
961 3463 1021 3500 est
1045 3461 1136 3513 pri-

158 3537 288 3576 ¹Joan.‚
307 3546 338 3580 V,
354 3540 405 3571 26.
420 3539 485 3564 —2
499 3539 552 3580 Cf.
570 3539 665 3573 Alex.
686 3541 840 3583 Mensis,
872 3552 907 3583 p.
929 3543 962 3584 l,
983 3552 1017 3586 q.
1032 3551 1134 3586 xm,

2159 229 2234 266 347

1213 327 1335 356 mum
1352 328 1480 369 quam
1494 315 1743 365 seeundum,
1761 314 1860 367 quia
1873 314 2104 354 seeundum
2121 315 2234 355 addit

1214 387 1370 439 aliquid
1391 398 1518 440 supra
1536 386 1748 439 primum3
1770 385 1882 439 quod
1902 385 2004 426 dum
2024 385 2119 426 facit
2138 398 2236 425 ma-

1215 459 1281 511 gis
1301 458 1599 512 compositum,
1620 458 1757 511 magis
1775 457 1909 498 reddit
1924 457 2171 506 limitatum,
2194 460 2233 498 et

1214 530 1271 570 ita
1295 529 1436 570 minus
1458 531 1621 582 potens.

1269 603 1306 640 3.
1334 601 1398 641 Ad
1419 600 1521 641 illud
1546 601 1658 654 quod
1677 599 1870 653 obiicitur
1888 599 2032 649 tertio,
2050 600 2142 652 jam
2165 610 2236 638 so—

1213 671 1353 712 lutum
1373 674 1451 722 est3
1483 672 1581 724 quia
1600 671 1753 712 habere
1773 671 1825 711 ab
1846 671 1947 721 alio,
1972 670 2053 710 hoe
2081 672 2141 710 θεῖ
2162 671 2236 709 aut

1215 743 1430 783 differente
1459 743 1797 793 substantialiter,
1828 745 1901 783 aut
1929 740 2233 795 personaliter:

1215 807 1248 847 si
1279 808 1617 858 substantialiter,
1643 808 1700 848 sie
1723 820 1877 848 verum
1898 810 1978 857 est,
2010 806 2109 860 quia
2137 818 2234 846 cum

1214 878 1364 920 habeat
1384 880 1435 920 ab
1458 879 1538 920 alio
1558 891 1633 932 per
1652 880 1895 928 essentiam,
1918 891 2004 919 non
2023 878 2146 918 habet
2167 889 2237 918 es-

1214 950 1457 999 sentialiter,
1487 951 1558 991 sed
1589 951 1927 1004 participatione3
1961 949 2033 989 sed
2063 947 2233 1001 quando

1213 1020 1341 1061 habet
1361 1021 1411 1061 ab
1429 1021 1508 1061 alio
1531 1021 1818 1074 personaliter,
1840 1021 1986 1061 eodem
2006 1023 2149 1060 tamen
2169 1031 2235 1059 es-

1214 1092 1454 1143 sentialiter,
1479 1095 1581 1133 tune
1605 1093 1731 1133 habet
1755 1104 1877 1145 aeque
1902 1091 2111 1141 nobiliter,
2137 1091 2239 1143 quia

1214 1164 1395 1205 totaliter
1411 1167 1451 1204 et
1467 1164 1752 1205 essentialiter.
1771 1163 1888 1204 Unde
1902 1163 2052 1204 dicitur
2066 1166 2100 1203 ¹:
2122 1162 2239 1204 Sicut

1214 1235 1339 1277 Pater
1357 1236 1478 1278 habet
1496 1236 1629 1277 vitam
1647 1236 1693 1277 in
1713 1236 1957 1288 semetipse,
1979 1235 2039 1276 sic
2061 1233 2179 1275 dedic
2198 1238 2237 1276 et

1215 1308 1341 1357 Filio,
1363 1311 1439 1348 etc.

1269 1389 1306 1425 4.
1330 1385 1393 1425 Ad
1418 1385 1521 1425 illud
1551 1385 1663 1438 quod
1690 1384 1886 1437 obJ'ieitur
1914 1386 2063 1436 quarto
2080 1415 2089 1433 ‚
2122 1383 2235 1436 quod

1215 1457 1337 1497 Pater
1356 1459 1489 1509 potest
1515 1468 1588 1509 per
1613 1469 1656 1496 se
1682 1459 1722 1496 et
1744 1468 1819 1508 per
1844 1455 1990 1504 alium,
2015 1454 2240 1496 dicendum

1216 1528 1327 1580 quod
1345 1539 1462 1580 posse
1481 1540 1553 1580 per
1570 1527 1701 1568 alium
1719 1530 1779 1567 est
1798 1527 2017 1580 dupliciter
2037 1542 2046 1567 ε
2068 1529 2142 1567 aut
2162 1538 2238 1579 per

1216 1599 1402 1652 aliquam
1420 1611 1590 1640 eausam
1610 1599 1851 1639 inferiorem
1871 1598 1999 1639 simul
2016 1602 2212 1651 agentem
2227 1611 2237 1648 ;

1217 1673 1288 1710 aut
1306 1682 1379 1723 per
1397 1670 1523 1710 aliam
1539 1682 1777 1723 personam.
1796 1668 1937 1710 Primo
1955 1669 2080 1710 modo
2095 1672 2238 1722 poten-

1215 1742 1300 1783 tius
1319 1744 1379 1782 est
1397 1754 1516 1795 posse
1535 1754 1609 1795 per
1623 1754 1666 1782 se
1686 1744 1726 1782 et
1745 1753 1818 1794 per
1840 1740 1988 1789 alium,
2011 1753 2140 1794 quam
2166 1753 2240 1794 per

1217 1827 1259 1854 se
1278 1816 1463 1864 tantum,
1484 1814 1583 1867 quia
1599 1825 1718 1866 posse
1737 1825 1811 1866 per
1828 1813 1961 1853 alium
1981 1812 2078 1853 dicit
2096 1812 2238 1853 domi-

1216 1886 1352 1938 nium,
1369 1886 1477 1927 etita
1492 1888 1761 1940 potestatem:
1784 1885 1856 1926 sed
1876 1897 1994 1938 posse
2011 1897 2086 1938 per
2103 1885 2234 1926 alium

1216 1970 1292 2011 per
1321 1969 1543 2011 personam
1576 1957 1994 2005 consubstantialem,
2025 1969 2108 1997 non
2140 1957 2240 1998 dicit

1217 2029 1467 2080 dominium,
1486 2029 1555 2070 sed
1574 2031 1742 2069 tantum
1761 2028 2067 2069 auctoritatem.
2086 2029 2240 2070 Aucto-

1216 2100 1318 2141 ritas
1331 2104 1472 2141 autem
1486 2112 1572 2140 non
1588 2100 1686 2141 dicit
1700 2100 1996 2153 majoritatem,
2013 2100 2084 2141 sed
2100 2100 2238 2141 solum

1217 2173 1314 2213 dicit
1330 2172 1559 2224 originem3
1577 2172 1684 2212 sicut
1705 2184 1822 2224 posse
1840 2172 1891 2212 ab
1907 2172 2003 2220 alio,
2025 2174 2064 2212 et
2082 2184 2167 2213 non
2188 2172 2240 2212 ab

1217 2245 1318 2292 alio,
1339 2256 1427 2284 non
1446 2244 1542 2284 dicit
1562 2244 1845 2285 minoritatem
1866 2245 1911 2284 in
1937 2244 2144 2298 potentia,
2169 2245 2240 2286 sed

1217 2316 1355 2357 solum
1375 2316 1747 2358 subauctoritatem
1770 2319 1810 2357 et
1838 2317 2077 2369 originem:
2112 2319 2152 2357 et
2182 2317 2240 2358 sio

1217 2388 1540 2440 intelligendum
1563 2391 1624 2428 est
1645 2388 1691 2428 in
1715 2388 1930 2441 proposito
1949 2388 1999 2429 de
2027 2401 2146 2442 posse
2167 2401 2241 2442 per

1217 2460 1368 2511 alium,
1391 2462 1431 2500 et
1450 2472 1534 2500 non
1553 2472 1672 2513 posse
1693 2472 1767 2512 per
1787 2459 1936 2501 alium.

1522 2620 1845 2665 ARTICULUS
1878 2621 1932 2664 H.

1270 2746 1578 2800 Consequenter
1597 2749 1658 2787 θεῖ
1678 2746 1855 2800 quaestio
1876 2747 2058 2788 seeundo
2078 2747 2169 2788 loco
2190 2747 2240 2788 de

1214 2818 1399 2859 secundo
1417 2818 1613 2869 articulo,
1638 2821 1784 2859 utrum
1806 2818 1850 2858 in
1869 2818 2022 2859 divinis
2039 2818 2092 2859 sit
2111 2819 2236 2869 ordo;

1214 2894 1252 2931 et
1273 2890 1382 2931 circa
1400 2890 1480 2931 hoe
1498 2893 1751 2944 quaeruntur
1775 2890 1859 2932 duo
1880 2906 1888 2931 :
1918 2891 2057 2944 primo
2078 2891 2238 2945 quaeri-

1213 2965 1283 3002 tur
1301 2964 1446 3002 utrum
1468 2962 1514 3002 in
1536 2962 1690 3003 divinis
1709 2962 1759 3002 sit
1779 2962 1880 3003 ordo
1909 2963 2149 3015 ponendus3
2172 2976 2238 3006 se-

1213 3033 1364 3084 cundo,
1386 3037 1534 3074 utrum
1553 3034 1598 3074 in
1617 3034 1770 3074 divinis
1786 3034 1837 3074 sit
1853 3034 1955 3075 ordo
1975 3037 2153 3076 naturae.

1566 3185 1800 3236 QUAESTIO
1831 3186 1862 3228 Ι.

1260 3288 1319 3322 An
1336 3289 1430 3323 inter
1447 3288 1592 3324 divinas
1605 3298 1773 3334 personas
1795 3289 1878 3324 ordo
1893 3291 1943 3326 sit
1954 3290 2138 3337 ponendus
2157 3292 2184 3326 ².

1267 3390 1385 3440 Quod
1403 3391 1447 3430 in
1464 3391 1618 3433 divinis
1637 3392 1690 3433 sit
1709 3392 1824 3444 ordo,
1848 3393 2080 3435 ostenditur
2097 3393 2234 3446 primo
2254 3411 2393 3439 rumam.

1211 3498 1338 3529 memb.
1358 3500 1389 3538 t,-
1411 3498 1522 3539 AEgid.
1535 3499 1646 3539 Rom„
1664 3500 1676 3531 Ι
1693 3500 1796 3540 Sene„
1813 3500 1890 3533 dist.
1905 3508 1964 3544 xx,
1977 3510 2010 3544 q.
2026 3509 2078 3543 tv,-
2099 3500 2234 3534 Richar-

1213 3545 1286 3587 dus,
1308 3546 1319 3578 1
1336 3545 1440 3586 Sem„
1455 3545 1532 3578 dist.
1548 3554 1606 3588 xx,
1621 3555 1655 3590 q.
1670 3555 1723 3580 111.
