2613 3990
909 301 1038 343 DIST.
1068 300 1117 342 X.
1148 298 1267 340 ART.
1299 300 1330 341 Ι.
1362 299 1559 348 QUAEST.
1590 298 1618 339 I.

211 393 390 434 tenetur.
422 391 502 434 Sed
521 393 820 434 attendendum
846 391 959 445 quod
989 390 1129 431 unitas
1148 389 1229 429 ali-

212 476 396 516 quorum
426 464 577 505 dicitur
604 464 852 517 dupliciter:
884 464 957 502 aut
985 473 1070 514 qua
1101 460 1230 513 aliqui

211 536 309 574 sunt
328 546 479 585 unum,
501 535 617 575 etsie
634 533 765 574 Patris
781 535 821 573 et
839 532 931 573 Filii
950 544 1036 572 non
1056 534 1116 572 est
1132 531 1229 571 uni-

209 607 271 645 tas
290 606 542 658 personalis;
564 607 637 645 aut
665 616 748 656 qua
768 603 898 656 aliqui
927 605 1025 643 sunt
1044 603 1168 653 uniti,
1190 605 1230 643 et

207 675 265 715 510
290 675 412 716 Pater
433 679 473 716 et
492 675 621 716 Filius
641 675 766 715 unica
797 686 975 726 persona
1002 674 1225 724 uniuntur,

206 746 360 787 scilicet
382 746 432 800 (a)
461 758 638 800 persona
666 745 847 798 Spiritus
872 745 1022 795 sancti,
1047 757 1144 797 quae
1169 747 1229 785 est

205 829 325 858 amor
356 820 396 858 et
420 817 640 858 vinculum
669 818 852 856 nectens.
884 816 947 856 Ad
975 815 1079 855 illud
1114 815 1227 868 quod

204 888 426 941 quaeritur,
442 887 652 941 quomodo
673 886 873 927 differunt
887 887 957 926 illa
970 887 1064 935 tria,
1081 887 1225 927 dicen-

204 960 307 1000 dum
327 959 438 1012 quod
457 971 594 999 unum
618 958 731 998 addit
749 970 878 1010 supra
895 958 1075 998 alterum
1096 971 1104 998 ε
1126 970 1225 997 nam

203 1030 342 1070 unitas
362 1030 460 1070 dicit
475 1029 755 1070 conditionem
776 1029 915 1070 omnis
929 1028 1099 1079 amoris,
1116 1041 1225 1081 quo-

202 1101 317 1141 niam
336 1101 474 1141 omnis
495 1112 614 1141 amor
642 1102 703 1141 est
729 1100 793 1142 vis
817 1100 1005 1150 unitiva;
1029 1100 1227 1141 sanctitas

201 1171 301 1211 dicit
319 1172 602 1212 conditionem
631 1171 785 1212 amoris
813 1172 933 1222 casti,
959 1174 1105 1212 contra
1130 1171 1226 1211 lihi-

202 1241 421 1290 dinosum,
443 1242 516 1295 qui
541 1254 628 1282 non
654 1244 714 1283 est
736 1254 894 1294 purus;
927 1242 1107 1282 charitas
1129 1242 1226 1282 dicit

201 1313 481 1354 conditionem
518 1314 675 1354 amoris
714 1313 917 1366 praeeipui
933 1347 943 1365 ,
984 1314 1077 1354 ideo
1109 1314 1224 1354 enim

201 1384 381 1424 charitas
400 1384 565 1433 dicitur,
592 1384 692 1440 quia
718 1388 778 1424 θεῖ
799 1396 919 1424 amor
946 1385 1223 1425 inaestimabi-

199 1454 294 1495 liter
310 1455 469 1496 habens
489 1455 665 1496 charum
691 1458 895 1496 amatum.

629 1581 718 1609 DUB.
751 1580 797 1610 V.

458 1658 597 1700 Simque
615 1666 685 1690 non
706 1657 976 1699 participatione.

248 1742 422 1784 Videtur
438 1754 526 1782 non
542 1741 645 1782 hene
659 1741 811 1790 dicere,
828 1740 928 1793 quia
942 1752 1110 1781 servare
1128 1740 1222 1781 uni-

195 1816 324 1854 tatem
343 1813 532 1867 spiritus,
551 1815 610 1853 est
630 1812 860 1865 producere
881 1811 1085 1864 Spiritum
1102 1823 1222 1852 sanc-

194 1888 318 1926 tum:
349 1896 452 1937 ergo
478 1883 710 1925 secundum
741 1884 835 1933 hoc,
869 1883 991 1924 Pater
1022 1886 1062 1924 et
1089 1877 1221 1924 Filius

196 1956 401 2009 Spiritum
426 1959 619 1996 sanctum
648 1968 726 1996 sua
755 1955 935 1996 essentia
965 1955 1218 2008 producunt,

195 2030 235 2068 et
252 2027 310 2068 ita
328 2027 525 2068 videntur
548 2027 595 2080 (b)
619 2027 892 2068 essentialiter
912 2026 1086 2079 spirare.

250 2098 353 2140 Item
381 2098 548 2139 videtur
578 2098 705 2138 etiam
736 2098 889 2138 falsum
926 2098 1038 2150 quod
1069 2098 1222 2139 dicitur

194 2181 279 2213 mm
294 2170 639 2223 participatione,
662 2169 763 2222 quia
785 2169 907 2210 Pater
923 2172 963 2210 et
979 2169 1111 2211 Filius
1128 2182 1220 2223 par-

194 2243 434 2295 ticipatione
452 2241 692 2295 spirationis
707 2244 880 2282 servant
898 2241 1122 2282 unitatem.

248 2314 369 2366 Resp.
403 2314 633 2355 Dicendum
661 2314 773 2367 quod
802 2314 1100 2366 Α11ἓ1115ῖ1111151
1128 2314 1220 2355 vult

193 2385 410 2427 ostendere
446 2385 656 2437 duplicem
700 2385 877 2426 modum
920 2385 1094 2425 unitatis
1130 2397 1219 2426 esse

193 2458 302 2498 inter
321 2456 488 2498 Patrem
509 2460 550 2497 et
573 2456 744 2506 Filium,
766 2456 839 2509 qui
868 2459 928 2496 est
953 2456 1063 2496 inter
1085 2469 1217 2497 mem-

194 2530 270 2570 bra
290 2529 456 2580 Christi,
478 2530 633 2570 scilicet
647 2532 812 2569 naturae
825 2531 865 2569 et
882 2529 1126 2580 voluntatis,
1148 2530 1218 2569 sed

193 2600 452 2651 differenter3
475 2601 575 2654 quia
597 2600 642 2640 in
661 2601 782 2641 nohis
806 2603 868 2641 est
894 2601 1034 2641 unitas
1053 2604 1218 2642 naturae

193 2685 267 2725 per
285 2673 650 2726 participationem
669 2673 798 2713 unius
818 2673 1057 2713 communis
1076 2685 1219 2713 essen—

193 2743 277 2794 tiae,
317 2743 388 2784 sed
424 2755 510 2789 non
545 2755 694 2784 sumus
729 2743 819 2796 ipsa
853 2744 1057 2784 essentia:
1098 2743 1218 2784 Pater

195 2815 310 2855 enim
343 2818 384 2856 et
421 2814 554 2855 Filius
588 2827 675 2855 non
710 2814 959 2868 participant
995 2817 1217 2856 essentiam

195 2886 314 2939 quasi
337 2887 574 2936 diversum3
596 2886 682 2926 imo
704 2888 802 2926 sunt
821 2886 912 2938 ipsa.
937 2886 1128 2927 essentia.
1149 2886 1218 2927 Si—

196 2956 347 2996 militer
374 2957 419 2997 in
450 2957 572 2997 nobis
602 2959 663 2997 est
691 2956 958 2997 conformitas
986 2957 1218 2998 voluntatis

195 3038 269 3078 per
286 3026 447 3067 donum
473 3027 546 3068 Dei
568 3027 682 3080 quod
702 3027 795 3067 unit
821 3039 918 3078 nos;
941 3028 1011 3069 sed
1035 3028 1155 3069 Pater
1178 3031 1218 3070 et

195 3096 325 3137 Filius
344 3098 555 3139 uniuntur
582 3111 668 3139 non
699 3099 810 3139 dono
838 3102 1006 3152 accepto
1038 3101 1091 3141 ab
1119 3101 1215 3152 alio,

196 3167 266 3207 sed
294 3168 443 3220 spiritu
472 3170 645 3223 proprio
667 3183 676 3210 z
708 3171 749 3210 et
768 3169 826 3210 sic
848 3173 960 3222 patet
981 3172 1214 3224 responsio.

614 3294 704 3323 DUB.
735 3293 793 3323 VI.

385 3370 448 3408 Qui
463 3371 552 3403 enim
572 3372 762 3404 communis
781 3374 832 3404 est
846 3372 1024 3404 ambobus.

249 3452 425 3494 Contra:
446 3452 559 3505 Ergo
579 3456 813 3497 secundum
831 3456 926 3505 hoc,
948 3457 1040 3509 pari
1054 3457 1217 3498 ratione

195 3522 374 3576 Spiritus
398 3526 567 3565 sanctus
593 3525 746 3568 dicitur
765 3527 874 3568 Deus
905 3528 1087 3581 proprie,
1119 3541 1217 3570 cum

196 3593 306 3635 Deus
323 3594 376 3635 sit
393 3605 620 3638 commune
638 3598 859 3640 ambobus,

2248 299 2323 337 187

1360 389 1482 442 Resp.
1513 387 1741 429 Dicendum
1765 387 1879 441 quod
1901 386 2176 439 aequivocatio
2201 386 2326 427 estin

1304 459 1620 501 communitate.
1658 457 1766 499 Nam
1795 457 2063 510 Augustinus
2092 469 2178 497 non
2205 460 2328 497 vocat

1304 543 1530 571 commune
1549 530 1663 582 quod
1694 532 1754 570 est
1780 529 1825 569 in
1854 529 2046 581 pluribus
2066 530 2107 568 et
2125 528 2175 568 de
2194 528 2325 580 pluri-

1303 603 1396 651 bus,
1422 601 1492 642 sed
1511 600 1624 653 quod
1652 613 1677 640 a
1705 600 1899 653 pluribus
1921 614 1928 639 :
1957 602 1997 639 et
2022 599 2078 638 ita
2100 610 2325 638 commune

1303 673 1454 713 dicitur
1472 670 1609 723 magis
1629 683 1653 710 a
1675 670 1988 719 communione,
2015 681 2144 722 quam
2165 682 2190 708 a
2207 681 2326 709 com-

1302 743 1522 791 munitate,
1551 745 1601 782 ut
1628 742 1701 782 fiat
1719 742 1784 782 vis
1806 741 1850 781 in
1871 741 2014 791 verbo,
2045 740 2154 780 sicut
2186 741 2233 779 fit
2258 740 2326 779 in-

1300 818 1363 856 ter
1379 815 1583 856 unionem
1602 816 1642 853 et
1662 814 1880 854 unitatem.
1904 813 1952 853 Et
1969 812 2171 865 quoniam
2189 811 2327 852 chari-

1300 890 1362 927 tas
1382 899 1468 927 non
1486 889 1653 926 tantum
1670 885 1767 925 dicit
1786 885 2149 934 communitatem,
2169 883 2267 936 quia
2283 883 2326 923 in

1300 958 1506 1011 pluribus,
1538 958 1609 998 sed
1640 957 1985 997 communionem
2017 968 2091 1008 per
2120 955 2327 995 unitatem

1300 1029 1614 1078 distinctorum3
1633 1028 1728 1068 ideo
1743 1027 1940 1080 quamvis
1955 1026 2117 1067 dicatur
2133 1025 2328 1065 essentia-

1300 1100 1406 1150 liter,
1430 1102 1563 1152 potest
1584 1098 1866 1139 nihilominus
1886 1097 1965 1138 dici
1983 1096 2271 1150 personaliter.

1626 1253 1948 1298 ARTICULUS
1984 1256 2017 1298 Ι.

1351 1384 1414 1425 Ad
1448 1384 1703 1425 evidentiam
1737 1395 1887 1423 eorum
1921 1395 2019 1436 quae
2049 1383 2248 1424 dicuntur
2278 1384 2327 1424 de

1298 1456 1456 1509 Spiritu
1471 1458 1628 1506 sancto,
1647 1456 1690 1495 in
1709 1456 1786 1495 hac
1802 1458 1920 1508 parte
1937 1456 2022 1496 duo
2042 1456 2328 1508 principaliter

1297 1530 1553 1580 quaeruntur
1574 1541 1582 1567 z
1617 1527 1754 1579 primo
1781 1526 1987 1578 quaeritur
2012 1526 2062 1566 de
2085 1526 2209 1566 modo
2229 1539 2326 1578 pro-

1297 1598 1468 1639 cedendi
1490 1598 1619 1651 ipsius
1640 1597 1844 1649 Spiritus3
1862 1597 2043 1637 secundo
2063 1597 2114 1638 de
2133 1597 2326 1649 proprie-

1295 1671 1378 1709 tate
1400 1669 1546 1722 ipsius.
1581 1668 1697 1709 Circa
1724 1668 1911 1721 primum
1942 1671 2193 1720 quaeruntur
2216 1668 2322 1709 tria:

1296 1740 1485 1793 primum
1519 1743 1594 1790 est,
1631 1743 1779 1780 utrum
1810 1740 1855 1779 in
1888 1739 2041 1780 divinis
2072 1739 2124 1780 sit
2158 1751 2324 1780 necesse

1296 1824 1451 1865 ponere
1482 1823 1706 1864 personam
1735 1811 2029 1864 procedentem
2055 1823 2130 1864 per
2151 1812 2326 1852 modum

1294 1883 1578 1932 liberalitatis3
1611 1883 1867 1933 secundum,
1901 1885 2048 1922 utrum
2080 1882 2132 1922 sit
2159 1895 2327 1924 necesse

1295 1967 1450 2007 ponere
1479 1966 1703 2007 personam
1735 1954 2030 2007 procedentem
2052 1966 2126 2006 per
2150 1954 2325 1994 modum

1294 2027 1473 2076 amoris3
1497 2026 1684 2076 tertium,
1704 2026 1739 2065 si
1758 2026 1809 2066 sit
1826 2037 1994 2066 necesse
2012 2037 2167 2078 ponere
2181 2037 2325 2078 perso-

1294 2110 1394 2138 nam
1426 2097 1649 2150 procedere
1679 2110 1754 2150 per
1786 2097 1963 2138 modum
1996 2099 2159 2138 mutuae
2187 2095 2326 2137 chari-

1293 2169 1403 2209 tatis.

1659 2261 1895 2312 QUAESTIO
1926 2261 1956 2302 Ι.

1293 2365 1354 2400 An
1380 2367 1419 2400 τη
1443 2365 1578 2400 divinis
1597 2366 1789 2400 necessario
1818 2363 1986 2411 ponenda
2016 2366 2064 2399 sit
2088 2374 2243 2410 persona
2259 2374 2326 2410 per

1481 2424 1621 2460 modam
1640 2425 1875 2459 liberalitatis
1894 2423 2082 2469 procedens
2102 2424 2129 2458 2.

1347 2527 1465 2576 Quod
1484 2527 1537 2567 sit
1553 2539 1721 2567 necesse
1748 2538 1903 2579 ponere
1924 2537 2148 2578 personam
2169 2537 2321 2578 proce-

1292 2597 1460 2638 dentem
1490 2610 1564 2651 per
1591 2598 1764 2638 modum
1794 2597 2066 2645 liberalitatis,
2087 2596 2320 2637 ostenditur

1292 2670 1372 2710 hoc
1406 2670 1544 2710 modo.
1586 2669 1807 2710 Perfectior
1842 2672 1903 2710 est
1945 2668 2108 2709 dilectio
2153 2670 2318 2719 mutua,

1292 2753 1423 2794 quam
1457 2741 1633 2791 reflexa,
1670 2743 1711 2781 et
1746 2740 1964 2793 perfectior
1996 2740 2135 2780 adhuc
2169 2742 2319 2780 mutua

1293 2813 1602 2853 communicata
1621 2825 1750 2865 quam
1766 2824 1852 2852 non
1870 2811 2198 2861 communicata,
2219 2811 2320 2864 quia

1292 2885 1399 2935 talis,
1417 2885 1573 2925 scilicet
1593 2896 1680 2925 non
1708 2884 2036 2929 communicata,
2054 2882 2221 2923 videtur
2251 2894 2322 2923 sa-

1294 2969 1392 3008 pere
1440 2968 1630 2997 amorem
1671 2955 1943 2996 libidinosum
1977 2968 1986 2994 :
2035 2965 2152 3005 ergo,
2199 2953 2233 2993 si
2278 2954 2321 2993 in

1293 3027 1376 3068 Deo
1403 3029 1464 3068 est
1482 3039 1650 3067 summa
1670 3025 1850 3073 dilectio,
1883 3027 1924 3065 et
1943 3036 2113 3064 summa
2141 3025 2322 3065 delecta-

1337 3121 1406 3153 1Βο
1426 3122 1556 3159 Trinit„
1578 3120 1634 3153 lib.
1654 3120 1695 3152 Vl
1709 3144 1719 3160 ,
1734 3129 1762 3151 c.
1780 3127 1812 3159 ν,
1833 3128 1868 3150 11.
1883 3120 1914 3151 7.
1938 3137 1979 3142 -
2001 3120 2015 3140 Ξ
2036 3119 2088 3160 Cf.
2110 3119 2204 3152 AleX.
2223 3120 2322 3151 Alen-

1293 3170 1350 3209 sis,
1370 3179 1403 3210 p.
1427 3170 1452 3209 Ι,
1474 3178 1507 3209 q.
1521 3176 1619 3208 XLm,
1633 3167 1761 3198 memb.
1779 3170 1816 3206 13
1832 3168 1867 3199 S.
1884 3166 2043 3207 Thomas,
2064 3176 2099 3207 p.
2119 3168 2142 3208 1,
2162 3176 2195 3208 q.
2210 3175 2319 3207 nvn,

1293 3220 1354 3248 art.
1369 3218 1399 3256 3,
1414 3216 1456 3247 ad
1473 3218 1510 3256 33
1532 3217 1638 3255 Scot.,
1658 3215 1670 3245 1
1691 3214 1796 3251 Sene„
1813 3214 1889 3245 dist.
1919 3221 1952 3254 X,
1972 3223 2005 3255 q.
2024 3222 2057 3254 13
2080 3215 2266 3255 Henricus,
2286 3215 2320 3246 in

1293 3265 1439 3304 Summa,
1461 3266 1523 3294 art.
1550 3270 1583 3303 V,
1605 3272 1639 3303 q.
1665 3264 1703 3300 6;
1729 3260 1842 3302 AEgid.
1867 3262 1982 3301 Rom.,
2005 3262 2013 3292 1
2038 3261 2143 3302 Seni„
2173 3262 2248 3293 dist.
2276 3270 2317 3302 X,

1294 3321 1328 3353 q.
1360 3320 1393 3351 13
1420 3310 1626 3350 Richardus,
1646 3310 1658 3340 1
1680 3309 1824 3348 Senten„
1844 3309 1919 3341 dist.
1946 3317 1987 3350 Χ,
2009 3318 2043 3350 q.
2069 3317 2102 3350 13
2127 3310 2318 3350 Durandus,

1294 3362 1304 3391 1
1327 3360 1430 3399 Sent„
1452 3358 1529 3389 dist.
1555 3365 1590 3397 x,
1611 3366 1644 3398 q.
1674 3364 1706 3396 13
1737 3356 1937 3388 Franciscus
1962 3357 2003 3388 de
2024 3358 2145 3398 Mayr.,
2171 3359 2181 3388 l
2212 3358 2319 3396 Sent„

1294 3407 1426 3447 dist.x,
1446 3415 1479 3446 q.
1505 3413 1537 3446 13
1558 3405 1656 3436 ι101111.
1686 3404 1848 3445 Baccon.,
1881 3405 2020 3444 ISent„
2046 3404 2122 3436 dist.
2149 3412 2206 3445 xi,
2235 3412 2316 3445 q.1;

1293 3455 1413 3487 Thom.
1432 3455 1526 3494 Arg„
1546 3454 1557 3484 Ι
1579 3453 1684 3491 Sem„
1705 3452 1780 3483 dist.
1808 3460 1844 3492 Χ,
1863 3461 1896 3493 q.
1923 3460 1959 3492 Ι,
1981 3454 2043 3484 art.
2059 3455 2096 3493 23
2120 3452 2243 3484 Marsil.
2266 3453 2318 3483 In-

1291 3512 1407 3544 guen,
1437 3502 1449 3533 l
1480 3501 1584 3539 Sent„
1615 3509 1647 3541 q.
1676 3507 1752 3540 X1V,
1779 3503 1842 3532 art.
1871 3502 1910 3541 23
1939 3500 2040 3532 Gabr.
2067 3500 2158 3540 Biel,
2182 3501 2193 3531 1
2224 3500 2316 3532 Serzt.

1293 3551 1370 3582 dist.
1385 3557 1420 3589 x,
1442 3558 1476 3589 q.
1494 3555 1533 3579 11.

1338 3610 1379 3650 (α)
1403 3609 1482 3641 Caet.
1498 3607 1576 3640 edit.
1598 3607 1694 3641 sicut.
1712 3625 1746 3630 —
1767 3605 1810 3647 (b)
1836 3606 1915 3638 Caet.
1933 3606 2012 3638 edit.
2034 3605 2177 3637 videtur.

2368 2545 2482 2572 Funda-

2343 2590 2446 2614 menta.
