2613 3990
75 896 137 922 Atia
152 898 210 932 opi-

73 940 117 964 nis»
144 940 210 966 Uoc-

71 981 148 1008 loris.

109 2618 218 2645 Funda-

78 2664 171 2687 menta

882 230 1007 273 DIST.
1038 231 1142 272 XIII.
1175 230 1294 271 ART.
1327 230 1357 272 Ι.
1389 230 1586 280 QUAEST.
1624 232 1692 271 III.

227 328 290 366 ter
310 323 463 368 dicitur
488 321 720 374 ingenitus,
741 320 842 373 quia
861 321 912 360 ab
933 332 982 360 eo
1007 321 1249 360 removetur

226 395 363 436 omnis
377 394 609 447 generatio,
626 393 725 446 quia
742 404 818 432 nec
837 394 1081 443 generatur,
1096 403 1173 431 nec
1189 394 1250 431 est

228 480 253 508 a
272 470 496 519 generato,
534 466 740 515 similiter,
762 477 783 504 e
804 475 1020 509 converso,
1043 462 1249 516 processio

227 538 395 591 proprie
410 538 459 578 de
478 550 526 578 eo
542 537 708 586 dicitur,
721 535 766 575 in
781 547 865 587 quo
884 537 945 574 est
956 533 1130 574 0111111110
1144 533 1249 573 ratio

226 609 499 661 procedendi,
533 611 573 649 et
614 607 706 648 talis
743 609 804 647 est
835 605 1013 659 Spiritus
1051 606 1218 644 sanctus
1237 636 1247 654 ,

227 680 327 733 quia
345 680 544 733 procedit,
569 682 611 720 et
638 680 698 719 est
720 690 744 717 a
776 677 1022 730 procedente
1045 687 1054 715 :
1081 688 1168 716 non
1194 675 1252 715 sic

228 754 370 792 autem
391 750 523 791 Filius
545 763 555 791 z
575 749 668 790 ideo
688 748 858 802 Spiritui
884 750 1026 788 sancto
1054 747 1250 788 attribui-

229 824 312 862 tur.

282 892 412 933 Aliter
443 892 578 944 potest
616 889 725 941 dici,
764 889 876 942 quod
908 888 1113 942 completa
1146 888 1252 929 ratio

230 963 504 1016 processionis
542 960 726 1002 consistit
763 961 808 1000 in
853 960 1166 1013 comparatione
1201 959 1253 999 ad

232 1035 485 1088 principium
503 1047 528 1074 a
544 1045 642 1086 quo,
656 1035 697 1073 et
711 1033 763 1073 ad
783 1032 1015 1073 terminum
1029 1031 1079 1072 ad
1096 1043 1223 1083 quem
1241 1044 1250 1071 ε

231 1108 270 1146 et
289 1105 390 1158 quia
425 1104 609 1158 Spiritus
645 1103 689 1143 in
710 1116 787 1143 sua
822 1103 1117 1153 emanatione,
1154 1102 1255 1155 quia

230 1190 365 1218 nexus
396 1179 471 1225 est,
506 1178 737 1228 utrumque
769 1175 950 1228 respicit,
981 1173 1115 1215 Filius
1152 1174 1255 1215 alte-

229 1261 353 1298 rum3
374 1247 468 1289 ideo
494 1246 817 1299 completissima
835 1246 940 1286 ratio
960 1246 1090 1299 hujus
1121 1246 1256 1287 nomi-

230 1320 296 1360 nis
325 1319 534 1372 reperitur
570 1318 617 1358 in
657 1317 817 1371 Spiritu
853 1320 995 1359 sancto
1018 1350 1028 1369 ,
1061 1318 1257 1371 quamvis

229 1390 370 1444 aliquo
402 1390 528 1431 modo
562 1389 796 1442 reperiatur
826 1388 870 1428 in
903 1388 1006 1429 Filio
1043 1401 1053 1429 :
1093 1392 1132 1429 et
1164 1388 1257 1430 ideo

230 1460 405 1515 Spiritui
425 1464 567 1502 sancto
588 1462 898 1514 appropriatur.

284 1535 322 1573 5.
355 1533 419 1573 Ad
448 1532 553 1574 illud
582 1532 695 1585 quod
721 1532 919 1585 objicitur
946 1532 1111 1583 ultimo,
1142 1532 1255 1586 quod

231 1616 442 1656 generans
474 1607 536 1645 est
565 1604 751 1657 spirans;
785 1603 1013 1644 dicendum
1043 1603 1157 1657 quod
1188 1604 1259 1644 illa

231 1675 473 1728 praedicatio
492 1687 578 1716 non
608 1677 670 1716 est
693 1674 894 1723 formalis,
927 1675 998 1715 sed
1030 1675 1166 1715 solum
1187 1687 1259 1715 ra—

230 1746 345 1787 tione
374 1746 609 1799 suppositi:
639 1748 679 1786 et
705 1745 805 1798 quia
833 1758 920 1786 una
947 1758 1141 1799 persona,
1173 1745 1260 1786 sive

233 1832 370 1860 unum
397 1820 678 1872 suppositum,
712 1822 847 1872 potest
874 1831 1080 1871 generare
1111 1821 1152 1859 et
1171 1818 1260 1871 spi-

232 1902 340 1940 rare,
362 1890 455 1931 ideo
475 1890 566 1932 haec
585 1893 646 1931 est
664 1902 765 1933 vera
786 1905 794 1931 z
827 1906 845 1928 «
865 1890 1076 1931 Generans
1096 1893 1157 1930 est
1176 1890 1260 1943 spi-

233 1974 347 2002 rans.
367 1977 385 1999 ›>
411 1961 492 2003 Sed
511 1961 630 2002 nulla
647 1974 828 2014 persona
848 1962 973 2002 unica
986 1965 1120 2014 potest
1134 1962 1261 2002 simul

233 2033 425 2086 pluribus
448 2033 584 2074 modis
604 2045 802 2074 emanare
823 2044 833 2071 ε
855 2033 947 2074 1(100
965 2045 1053 2074 11011
1070 2033 1262 2086 sequitur

232 2104 345 2157 quod
365 2104 534 2157 genitus
553 2104 605 2145 sit
628 2104 824 2158 spiratus

577 2263 812 2314 QUAESTIO
843 2263 912 2305 III.

234 2375 294 2410 An
311 2375 490 2411 Processio
510 2376 668 2422 Spiritus
689 2378 807 2411 sancti
825 2377 972 2422 differat
993 2387 1015 2412 a
1033 2376 1263 2413 Gener-atione

282 2435 374 2470 Filii
391 2437 552 2479 realiter,
578 2436 634 2472 vel
661 2437 772 2472 solum
798 2437 984 2472 secundam
1006 2439 1182 2473 rationem
1201 2439 1260 2472 in-

283 2494 469 2539 telliqendi
490 2495 513 2528 ¹.

290 2603 440 2645 Utrum
473 2605 682 2658 processio
713 2604 893 2659 Spiritus
930 2606 1062 2647 sancti
1095 2606 1262 2648 realiter

238 2675 403 2716 differat
422 2689 446 2716 a
465 2677 739 2728 generatione
758 2676 866 2727 Filii,
889 2690 943 2718 an
963 2678 1100 2718 solum
1117 2691 1263 2719 secun-

238 2747 342 2788 dum
360 2747 567 2788 rationem
584 2748 869 2801 intelligendi3
893 2752 933 2789 et
950 2749 1062 2802 quod
1078 2750 1259 2801 realiter,

236 2819 405 2860 videtur
424 2806 655 2860 :Personae
674 2820 875 2860 differunt
906 2821 1139 2862 secundum
1164 2834 1262 2862 suas

236 2890 541 2941 emanationes,
587 2903 685 2931 cum
722 2903 913 2944 personae
946 2892 1112 2933 realiter
1142 2893 1261 2934 diffe-

236 2964 345 3009 rant,
361 2973 447 3002 non
462 2964 630 3002 tantum
644 2961 996 3014 intellectualiter,
1010 2963 1125 3016 quia,
1142 2965 1261 3005 omni

238 3031 450 3073 intellectu
497 3032 836 3087 circumscripto,
884 3034 1022 3075 adhuc
1071 3038 1262 3076 remanet

236 3101 444 3143 Trinitas:
467 3116 570 3156 ergo
590 3105 890 3156 emanationes,
918 3118 1016 3158 quae
1036 3109 1135 3147 sunt
1162 3119 1260 3160 pro-

239 3173 367 3214 cessio
384 3176 424 3215 et
443 3176 673 3227 generatio,
695 3175 896 3216 differunt
913 3177 1096 3218 realiter.

293 3243 410 3295 Item,
437 3257 533 3298 quae
559 3250 655 3287 sunt
675 3259 699 3287 a
718 3247 895 3287 diversis
914 3248 1142 3302 principiis,
1165 3262 1259 3291 rea-

237 3314 333 3356 liter
353 3315 579 3359 differunt:
610 3318 682 3359 sed
707 3318 922 3371 generatio
951 3322 1013 3360 est
1030 3320 1082 3361 ab
1107 3334 1194 3362 uno
1213 3321 1259 3362 in

282 3451 294 3472 ¹
316 3450 368 3491 Cf.
401 3452 436 3482 S.
467 3450 586 3483 Thom.
606 3462 641 3493 p.
668 3454 706 3493 Ι,
735 3462 767 3494 q.
792 3461 909 3493 nvn,
936 3456 999 3486 art.
1021 3456 1060 3495 35
1083 3456 1222 3497 Scotus,
1246 3458 1255 3488 l

240 3499 346 3539 sent„
367 3497 444 3529 dist.
464 3505 543 3538 21111,
563 3508 596 3539 q.
613 3500 736 3541 unica3
754 3501 866 3542 AEgid.
889 3502 1000 3542 Rom„
1028 3503 1039 3534 Ι
1062 3503 1151 3535 Sent.
1179 3504 1257 3536 dist.

241 3553 318 3586 xm,
347 3554 379 3585 q.
406 3551 453 3584 113
484 3545 683 3579 Franciscus
711 3548 752 3579 de
781 3549 902 3589 Mayr.‚
923 3549 935 3579 1
957 3549 1060 3588 Sent„
1082 3550 1161 3581 dist.
1178 3559 1255 3591 xm,

427 3615 527 3645 Tou.
556 3617 586 3645 1.

2266 239 2344 277 225

1325 320 1492 370 divinis,
1519 320 1726 372 processio
1751 319 1931 373 Spiritus
1957 324 2087 362 sancti
2115 335 2139 363 a
2160 323 2342 375 duobus,

1325 391 1425 442 quia
1437 404 1461 431 a
1478 389 1599 431 Patre
1618 394 1658 431 et
1672 391 1777 432 Filio
1797 403 1807 432 :
1827 404 1930 443 ergo
1949 392 2114 433 realiter
2129 393 2342 437 differunt.

1379 461 1496 512 Item,
1516 463 1750 503 secundum
1769 475 1859 503 rem
1876 465 1916 503 et
1931 463 2166 515 veritatem,
2186 465 2346 518 aliquo-

1325 544 1422 572 rum
1441 535 1502 573 est
1518 533 1774 586 principium
1793 534 1936 575 divina
1955 535 2189 575 substantia
2208 538 2256 575 ut
2274 548 2348 577 vo-

1325 603 1478 654 luntas,
1508 615 1692 656 quorum
1716 617 1803 646 non
1828 608 1889 646 est
1913 606 2167 659 principium
2196 612 2245 650 ut
2274 621 2348 650 na-

1325 676 1435 723 tura,
1459 675 1566 715 sicut
1584 678 1716 727 patet;
1748 677 1848 729 quia
1873 680 2076 719 creaturae
2100 682 2200 721 sunt
2222 694 2247 721 a
2266 682 2348 725 Deo

1326 749 1478 797 agente
1497 758 1571 799 per
1590 747 1766 788 modum
1790 749 2032 801 voluntatis,
2052 764 2137 792 non
2162 765 2236 806 per
2256 767 2347 796 mo-

1327 816 1429 857 dum
1448 819 1612 858 naturae
1634 833 1642 858 :
1665 818 1699 858 si
1721 831 1824 872 ergo
1842 823 2050 873 processio
2070 825 2132 864 est
2154 825 2350 867 volunta-

1327 888 1381 928 tis
1414 901 1488 941 per
1522 889 1698 930 modum
1730 891 1977 942 voluntatis,
2016 896 2233 946 generatio
2275 910 2350 951 per

1329 960 1504 1000 modum
1523 964 1687 1002 naturae
1712 964 1759 1002 ut
1777 966 1955 1016 naturae,
1978 967 2185 1018 processio
2212 971 2253 1010 et
2271 981 2352 1022 ge-

1329 1032 1489 1072 neratio
1507 1032 1674 1073 realiter
1692 1033 1906 1076 differunt.

1384 1102 1503 1153 Item,
1534 1104 1578 1144 in
1604 1104 1792 1157 imagine
1822 1110 1973 1159 creata,
2001 1121 2197 1162 egressus
2216 1112 2351 1165 verbi,

1331 1177 1371 1214 et
1394 1187 1589 1227 egressus
1616 1178 1770 1218 amoris
1793 1178 2132 1232 distinguuntur,
2155 1183 2253 1236 quia
2272 1184 2354 1225 dif-

1331 1246 1472 1287 ferunt
1501 1248 1688 1299 realiter3
1724 1249 1804 1290 hoc
1832 1251 1946 1291 enim
1976 1254 2240 1305 perfectionis
2278 1259 2353 1307 est,

1332 1318 1432 1370 quia
1467 1330 1519 1359 ex
1547 1319 1628 1360 hoc
1657 1320 1815 1362 faciunt
1847 1321 2049 1375 imaginis
2082 1325 2311 1368 trinitatem
2344 1340 2354 1368 :

1332 1390 1404 1430 sed
1423 1391 1660 1431 secundum
1693 1393 1805 1445 quod
1833 1393 2036 1436 differunt
2067 1398 2355 1450 essentialiter,

1333 1461 1412 1501 hoc
1433 1464 1494 1502 est
1513 1462 1838 1516 imperfectionis
1857 1478 1867 1506 ε
1890 1467 1961 1507 sed
1983 1480 2108 1509 omne
2129 1470 2243 1522 quod
2263 1482 2360 1523 per-

1333 1532 1521 1574 fectionis
1545 1537 1620 1586 est,
1642 1537 1888 1588 ponendum
1913 1541 1974 1578 est
1991 1538 2037 1579 in
2054 1540 2208 1581 divinis
2228 1554 2237 1582 ε
2256 1554 2360 1594 ergo

1335 1605 1543 1657 processio
1589 1609 1629 1646 et
1667 1608 1884 1659 generatio
1929 1610 2095 1651 realiter
2139 1612 2359 1666 differunt,

1335 1677 1530 1728 quamvis
1549 1690 1636 1718 non
1657 1680 1943 1722 essentialiter.

1391 1748 1566 1789 Contra:
1604 1753 1641 1790 1.
1676 1749 1798 1791 Pater
1821 1752 1964 1805 spirat,
1996 1755 2036 1794 et
2062 1757 2252 1806 generat.
2277 1757 2363 1797 Aut
2413 1781 2521 1816 Adop-

1336 1831 1439 1871 ergo
1471 1820 1515 1860 in
1545 1823 1756 1873 quantum
1790 1835 1922 1875 unus,
1960 1827 2033 1865 aut
2071 1825 2116 1866 in
2153 1829 2363 1879 quantum
2385 1831 2445 1859 9⁰5·

1336 1891 1491 1943 plures,
1514 1892 1583 1933 vel
1602 1893 1724 1945 plura
1747 1906 1756 1934 ε
1777 1894 1811 1934 ε1
1828 1895 1874 1935 111
1892 1899 2101 1948 quantum
2121 1897 2277 1951 plures,
2299 1899 2365 1940 vel

1336 1963 1471 2015 plura,
1494 1963 1552 2004 sic
1572 1963 1693 2005 Pater
1712 1968 1773 2006 est
1792 1968 2072 2020 compositus3
2108 1969 2142 2009 si
2159 1970 2205 2011 in
2223 1984 2362 2024 quan-

1336 2037 1429 2074 tum
1457 2048 1584 2085 unUS,
1614 2037 1685 2077 sed
1709 2038 1810 2091 quia
1842 2038 1964 2080 Pater
1990 2043 2030 2081 et
2048 2040 2183 2082 Filius
2203 2043 2366 2096 spirant

1336 2106 1380 2146 in
1408 2110 1616 2159 quantum
1637 2121 1788 2161 unum,
1818 2122 1907 2151 non
1932 2115 2032 2152 sunt
2052 2112 2147 2154 duae
2168 2115 2366 2168 spiratio-

1337 2190 1426 2229 nes,
1455 2178 1527 2219 sed
1552 2192 1639 2220 una
1661 2195 1669 2221 ε
1692 2193 1794 2234 ergo
1827 2182 2021 2225 similiter
2041 2184 2076 2225 si
2097 2184 2218 2227 Pater
2237 2187 2367 2240 spirat

1337 2253 1377 2290 et
1406 2254 1582 2302 generat
1611 2252 1655 2292 in
1685 2257 1895 2306 quantum
1926 2269 2087 2309 unum,
2126 2259 2299 2312 spiratio
2327 2263 2367 2301 et

1337 2323 1556 2373 generatio
1579 2327 1641 2365 est
1658 2338 1743 2366 una
1761 2327 1994 2379 productio.

1391 2396 1429 2434 2.
1452 2394 1571 2445 Item,
1594 2397 1830 2438 secundum
1847 2411 1993 2440 omnes
2007 2412 2160 2442 verum
2177 2404 2237 2442 θεῖ
2253 2402 2365 2455 (111οᾶ

1338 2464 1459 2506 Pater
1489 2467 1650 2508 ratione
1678 2469 1960 2511 foecunditatis
1988 2475 2152 2513 naturae
2179 2473 2365 2514 intellec-

1336 2538 1462 2578 tualis
1481 2542 1670 2591 generat,
1693 2541 1856 2583 ratione
1872 2543 2156 2585 foecunditatis
2172 2545 2365 2586 volunta-

1337 2608 1389 2648 tis
1419 2609 1550 2662 spirat
1572 2625 1579 2651 :
1612 2611 1683 2652 sed
1709 2612 1755 2653 in
1779 2613 1862 2655 Deo
1890 2614 2002 2656 idem
2031 2619 2092 2657 est
2108 2616 2301 2658 voluntas
2324 2620 2365 2658 et

1337 2682 1489 2721 natura
1507 2694 1517 2722 :
1539 2695 1656 2735 ergo,
1680 2686 1758 2725 etc.

1391 2756 1429 2793 3.
1458 2753 1575 2805 Item,
1599 2756 1885 2798 emanationes
1912 2757 2045 2798 Patris
2065 2771 2193 2811 penes
2211 2760 2363 2800 termi-

1335 2836 1413 2865 nos
1436 2825 1785 2878 distinguuntur:
1813 2829 1884 2869 sed
1909 2828 2031 2870 Pater
2050 2830 2224 2871 omnino
2249 2831 2362 2873 idem

1335 2898 1486 2947 totum,
1511 2898 1623 2950 quod
1641 2899 1711 2940 dat
1726 2898 1831 2940 Filio
1845 2913 1920 2953 per
1935 2902 2269 2954 generationem,
2292 2903 2362 2944 dat

1336 2967 1510 3020 Spiritui
1530 2973 1672 3011 sancto
1691 2983 1765 3024 per
1782 2972 2118 3024 processionem:
2150 2986 2254 3027 ergo
2274 2974 2360 3028 spi-

1333 3040 1439 3080 ratio
1469 3043 1509 3081 et
1538 3042 1754 3093 generatio
1789 3046 1887 3083 sunt
1919 3044 2093 3087 omnino
2124 3058 2211 3086 una
2243 3058 2358 3087 ema-

1332 3111 1460 3152 natio.

1386 3186 1424 3223 4.
1448 3182 1567 3234 Item,
1592 3183 1671 3224 hoc
1688 3184 1829 3237 ipsum
1846 3187 2082 3228 ostenditur
2099 3201 2173 3242 per
2193 3189 2356 3242 impos-—

1332 3254 1464 3295 sibile.
1499 3253 1542 3295 Si
1576 3254 1795 3307 differunt,
1827 3259 1901 3297 aut
1928 3258 2093 3312 seipsis,
2129 3263 2202 3301 aut
2233 3260 2353 3300 aliis:

1332 3337 1419 3366 non
1438 3325 1598 3378 seipsis,
1619 3326 1718 3379 quia
1736 3328 2024 3371 emanationes
2044 3343 2120 3372 nec
2137 3334 2235 3372 sunt
2252 3344 2277 3372 a
2295 3343 2355 3384 se,

1332 3464 1366 3496 q.
1391 3462 1422 3494 13
1449 3453 1570 3485 Thom.
1597 3454 1751 3496 Argent.,
1773 3455 1785 3487 1
1810 3456 1916 3497 Seni„
1939 3458 2017 3490 dist.
2041 3467 2124 3500 xm,
2142 3468 2175 3500 q.
2193 3467 2218 3500 1,
2233 3460 2296 3491 art.
2312 3461 2356 3502 23

1332 3501 1498 3534 Marsilius
1520 3502 1673 3542 Inguen„
1696 3502 1708 3532 l
1734 3503 1840 3544 Seni„
1861 3514 1893 3546 q.
1915 3513 1985 3546 xvi,
2002 3508 2064 3537 art.
2087 3508 2124 3547 23
2147 3506 2248 3538 Gabr.
2268 3506 2356 3550 mei,

1332 3551 1463 3589 18ent.,
1484 3549 1560 3581 dist.
1578 3557 1653 3589 xur,
1673 3559 1706 3591 q.
1729 3559 1753 3591 1,
1770 3554 1832 3583 art.
1856 3556 1885 3584 1.

2091 3616 2144 3653 15
