2613 3990
87 2553 228 2580 Fundam.

817 230 1067 273 DISTINCT.
1099 229 1272 271 XXXIV,
1303 228 1422 269 ART.
1453 228 1483 268 Ι.
1513 227 1711 277 QUAEST.
1746 228 1816 270 IV.

233 324 346 380 quod
368 328 428 365 est
443 323 673 366 secundum
686 354 696 372 ,
716 322 944 374 importare
964 320 1170 360 rationem
1192 332 1267 372 ap-

238 395 500 448 propriandi.
523 394 565 435 Si
589 394 725 447 primo
746 392 890 441 modo,
914 390 971 429 sic
996 403 1092 430 cum
1113 403 1265 443 appro-

240 466 378 518 priare
408 468 460 506 sit
490 465 659 507 virtutis
688 462 999 515 cognoscentis,
1031 462 1088 501 sic
1114 474 1266 514 appro-

236 536 391 588 priatio
415 540 476 577 est
503 535 734 576 secundum
770 533 1024 573 intellectum
1055 537 1263 573 nostrum.

239 605 282 646 Si
309 610 452 647 autem
482 606 714 649 secundum
743 604 851 645 dicat
881 604 1085 644 rationem
1113 616 1267 656 appro-

238 678 429 730 piiandi,
453 679 511 718 sic
542 690 628 718 uno
655 676 780 716 modo
810 678 871 714 est
899 676 1131 715 secundnm
1152 688 1263 724 rem,

239 749 396 789 scilicet
423 753 631 802 quantum
663 748 712 788 ad
743 746 933 786 ordinem
961 750 1231 787 connotatum
1255 760 1264 797 ;

238 821 319 861 alio
341 821 466 862 modo
495 820 728 860 secundnm
756 818 1035 868 intellectum,
1059 821 1265 870 quantum

237 891 290 932 ad
311 891 612 943 significatum.
632 889 750 930 Unde
769 888 1002 928 intellectus
1021 888 1267 941 appropria-

235 964 308 1002 tur
331 966 502 1016 propter
528 961 785 1002 intellectum
814 975 822 1000 :
846 961 916 1000 sed
945 973 1032 1000 non
1060 960 1172 999 idem
1201 960 1268 998 in-

238 1032 426 1074 tellectus
444 1035 614 1086 propter
635 1044 704 1082 se;
727 1031 797 1071 sed
825 1031 1059 1071 intellectus
1079 1043 1206 1070 sanus
1229 1033 1269 1070 et

238 1103 386 1154 fideliS,
402 1106 572 1156 propter
588 1102 845 1143 intellectum
858 1102 1068 1142 carnalem
1085 1116 1094 1151 ;
1114 1114 1201 1141 non
1221 1104 1269 1141 ut

240 1186 338 1214 cum
358 1187 407 1215 eo
427 1174 661 1224 concordet,
690 1174 759 1214 sed
782 1177 828 1213 ut
851 1175 889 1213 ei
909 1173 1065 1213 obviet.
1087 1171 1138 1212 Et
1158 1173 1266 1222 ideo,

239 1256 337 1285 cum
369 1246 606 1286 intellectus
638 1244 819 1285 carnalis
860 1244 999 1284 credat
1036 1256 1187 1297 parum
1219 1243 1269 1283 de

237 1318 425 1374 potentia
452 1317 497 1356 in
525 1319 662 1369 patre,
695 1315 926 1368 spiritualis
958 1315 1201 1368 appropriat
1233 1314 1271 1354 ei

238 1389 484 1444 potentiam.
509 1387 592 1428 Nec
609 1391 753 1427 tamen
774 1387 1009 1427 intellectus
1032 1390 1091 1426 est
1109 1386 1236 1426 falsus
1259 1400 1267 1425 ·.

239 1464 340 1516 quia
371 1475 458 1503 non
483 1446 690 1513 intelligit
709 1461 804 1513 plus
834 1473 922 1501 esse
941 1461 993 1501 de
1011 1460 1197 1513 potentia
1226 1460 1271 1499 in

241 1533 385 1582 Patre,
407 1536 447 1574 et
466 1532 608 1573 minus
628 1532 671 1571 in
692 1530 813 1571 Filio.
844 1531 886 1571 Si
917 1534 1059 1571 autem
1088 1531 1273 1583 potentia

240 1604 584 1658 appropriaretur
603 1602 708 1643 Filio
723 1634 734 1653 ,
753 1605 857 1642 tunc
876 1602 1111 1642 intellectus
1129 1613 1273 1641 carna-

239 1676 291 1716 lis
310 1676 405 1729 plus
424 1675 610 1715 crederet
630 1685 719 1714 esse
740 1673 784 1713 in
804 1672 908 1713 Filio
934 1687 942 1713 ε
965 1675 1004 1713 et
1024 1673 1116 1713 ideo
1145 1672 1274 1713 falsus

242 1750 304 1789 est
326 1760 335 1788 :
358 1750 398 1788 et
417 1747 476 1787 sic
493 1748 606 1799 patet
624 1745 742 1785 illud.

300 1822 338 1859 3.
370 1818 435 1859 Ad
462 1818 686 1867 ultimum,
722 1816 945 1857 dicendum
978 1815 1089 1868 quod
1120 1828 1272 1869 appro-

246 1891 432 1944 priatum
451 1889 687 1930 secundum
703 1887 746 1928 id
765 1887 879 1940 quod
899 1890 973 1936 est,
998 1887 1115 1939 prius
1134 1891 1195 1928 est
1214 1900 1274 1928 se-

246 1961 434 2002 cundum
462 1961 669 2001 rationem
697 1959 988 2011 intelligendi,
1018 1971 1147 2011 quam
1171 1972 1274 2012 pro-

243 2032 387 2085 prium
410 2046 418 2073 :
437 2031 759 2084 appropriatum
778 2033 921 2070 autem
941 2029 1018 2069 suh
1038 2029 1116 2070 hac
1135 2031 1275 2071 inten-

243 2103 374 2154 tione,
396 2103 666 2155 consequitur
686 2102 896 2142 rationem
912 2101 1072 2154 proprii
1095 2117 1103 2143 :
1133 2106 1173 2143 et
1194 2103 1274 2143 hoc

244 2175 415 2216 nullum
433 2177 495 2216 est
510 2174 827 2215 inconveniens.

592 2326 829 2377 QUAESTIO
860 2326 928 2367 IV.

350 2427 410 2462 An
433 2429 473 2463 in
494 2427 628 2463 divinis
646 2429 695 2463 sit
710 2437 841 2473 ponere
860 2427 1132 2462 translationem
1145 2425 1169 2462 ¹.

300 2527 451 2568 Utrum
470 2527 515 2567 in
532 2527 686 2569 divinis
704 2528 755 2567 sit
767 2539 922 2580 ponere
935 2527 1271 2578 translationem,

248 2603 290 2642 et
308 2601 420 2654 quod
438 2601 511 2650 sic,
530 2601 699 2642 videtur
716 2613 790 2653 per
801 2600 1088 2651 Ambrosium,
1104 2601 1148 2640 in
1165 2600 1274 2641 libro

247 2672 297 2714 de
319 2672 532 2715 Trinitate
546 2673 559 2694 ²
578 2685 592 2711 .·
618 2688 636 2711 «
654 2672 761 2712 Sunt
780 2671 953 2712 nomina
973 2684 1070 2724 quae
1090 2672 1275 2711 transla-

246 2743 332 2783 tive
367 2746 408 2784 et
438 2756 513 2796 per
554 2743 874 2784 similitudinem
912 2743 962 2783 de
1003 2743 1087 2784 Deo
1125 2743 1275 2783 dicun-

246 2815 331 2854 tur.
356 2828 375 2851 »
488 2801 491 2803 ⁵

301 2884 420 2936 Item,
439 2897 515 2938 per
530 2884 792 2937 Dionysium,
815 2884 865 2926 cle
887 2885 1060 2927 Divinis
1077 2885 1274 2927 Nomini-

249 2955 324 2997 bus
357 2971 372 2996 .·
410 2971 429 2995 c(
459 2955 663 3008 Theologi
694 2959 896 3009 tanquam
928 2956 1276 2997 innominabilem

248 3026 383 3067 Deum
395 3027 565 3068 laudant
576 3039 628 3067 ex
640 3027 758 3067 omni
772 3027 945 3068 nomine
961 3043 1000 3068 z»
1019 3028 1086 3068 sed
1103 3028 1182 3068 hoc
1192 3040 1277 3068 non

249 3100 383 3150 potest
406 3109 495 3138 esse
525 3098 608 3138 nisi
635 3110 710 3150 per
734 3099 1050 3139 translationem
1073 3114 1082 3140 z
1105 3111 1207 3152 ergo
1232 3100 1278 3139 in

249 3168 407 3210 divinis
426 3172 487 3210 est
505 3182 661 3222 ponere
680 3170 1012 3211 translationem.

302 3238 406 3280 Item
454 3240 534 3280 hoc
584 3241 752 3282 videtur
790 3242 968 3293 ratione,
1017 3242 1118 3295 quia
1162 3254 1279 3283 sacra

250 3309 467 3364 Scriptura
495 3311 595 3352 dicit
626 3312 760 3354 Deum
787 3313 910 3353 irasci
935 3316 976 3353 et
1007 3313 1146 3354 dolere
1169 3328 1178 3354 :
1208 3313 1279 3354 sed

293 3441 371 3481 1Cf.
392 3441 503 3482 AEgid.
528 3442 640 3482 Rom„
662 3442 674 3473 l
698 3443 802 3482 Seni„
832 3442 908 3474 dist.
932 3450 1051 3483 xxxw,
1082 3452 1115 3483 p.
1137 3443 1180 3483 Il,
1210 3453 1243 3484 q.
1269 3452 1280 3475 1

251 3491 284 3520 et
298 3496 346 3528 113
364 3488 535 3528 Richard.,
556 3489 569 3520 l
591 3488 693 3529 Sem„
715 3490 792 3520 dist.
818 3497 937 3530 xxxiv,
963 3492 1025 3521 art.
1044 3492 1078 3530 3,
1100 3499 1132 3531 q.
1150 3498 1161 3521 1
1181 3493 1214 3522 et
1234 3499 1279 3534 ¹13

251 3535 368 3577 Steph.
389 3535 527 3576 Brulef.,
557 3537 569 3567 l
599 3536 703 3578 Sent„
724 3537 801 3568 dist.
821 3544 947 3577 XXXIV,
967 3546 1000 3578 q.
1022 3545 1076 3578 1v5
1104 3539 1223 3570 Petrus
1239 3538 1281 3571 de

2297 235 2372 272 551

1341 318 1420 358 hoc
1435 330 1521 358 non
1538 320 1673 370 potest
1692 318 1771 358 dici
1788 319 1976 370 proprie:
1998 331 2099 370 ergo
2116 332 2281 361 necesse
2301 326 2361 361 est

1342 389 1452 442 quod
1480 389 1642 429 dicatur
1671 389 1912 429 translative
1942 404 1949 428 ε
1980 390 2049 429 sed
2079 390 2188 430 inter
2218 391 2361 431 omnia

1341 472 1437 512 quae
1455 461 1661 512 contingit
1679 460 1898 500 nominare
1912 492 1921 510 ,
1944 461 2059 500 dolor
2081 465 2119 501 et
2140 462 2202 502 ira
2223 463 2361 503 maxi-

1340 542 1408 570 me
1439 530 1592 570 distant
1622 543 1646 570 a
1675 530 1757 571 Deo
1787 545 1796 571 2
1834 543 1936 583 ergo
1968 531 1999 571 si
2034 532 2126 572 haec
2156 534 2362 586 contingit

1342 602 1581 652 transferre,
1604 605 1643 642 et
1660 602 1803 642 omnia
1820 602 1903 642 alia
1921 603 2108 643 nomina.

1396 671 1522 719 Item,
1544 685 1618 724 per
1642 685 1737 725 quae
1766 673 1973 725 contingit
1996 686 2086 713 rem
2107 675 2359 726 intelligere,

1342 742 1549 794 contingit
1580 747 1620 783 et
1648 744 1885 796 significare
1917 759 1924 784 :
1959 748 1999 784 et
2029 757 2126 797 quae
2159 746 2362 797 contingit

1342 813 1582 864 significare
1598 847 1607 864 ,
1630 815 1837 866 contingit
1865 819 1905 855 et
1923 816 2143 856 nominare
2165 829 2175 856 :
2197 817 2266 857 sed
2290 830 2363 870 per

1342 884 1485 924 omnia
1516 888 1653 925 creata
1686 886 1892 937 contingit
1931 886 2063 927 Deum
2099 887 2360 939 intelligere:

1342 969 1444 1009 ergo
1464 961 1503 998 et
1522 960 1755 1000 nominare.

1397 1028 1474 1070 Sed
1491 1033 1633 1070 contra
1652 1044 1661 1071 ε
1680 1035 1716 1071 1.
1735 1031 1887 1072 Omnes
1899 1033 2204 1084 transferentes,
2221 1046 2365 1074 secun-

1343 1100 1444 1141 dum
1471 1101 1655 1154 aliquam
1685 1103 2007 1144 similitudinem
2038 1105 2318 1145 transferunt3
2352 1121 2360 1146 :

1344 1172 1414 1211 sed
1443 1171 1514 1212 Dei
1537 1174 1586 1212 ad
1614 1177 1850 1213 creaturam
1880 1175 1996 1214 nulla
2026 1178 2086 1215 est
2116 1176 2359 1227 similitudo,

1344 1255 1441 1282 cum
1459 1243 1511 1282 sit
1530 1256 1697 1284 summa
1719 1245 1913 1285 distantia
1935 1260 1943 1285 :
1968 1258 2085 1297 ergo,
2107 1249 2183 1286 etc.

1397 1314 1435 1352 2.
1462 1312 1580 1362 Item,
1606 1314 1837 1356 similitudo
1857 1319 1918 1356 est
1934 1317 2077 1357 relatio
2097 1317 2366 1370 aequiparan-

1344 1384 1438 1424 tiaess
1462 1399 1470 1424 :
1496 1397 1598 1437 ergo
1618 1386 1653 1425 si
1674 1389 1843 1438 propter
1861 1387 2179 1429 similitudinem
2204 1390 2366 1429 contin-

1345 1455 1409 1506 git
1426 1458 1601 1497 nomina
1620 1461 1909 1499 creaturarum
1929 1460 2150 1501 transferre
2169 1461 2220 1502 ad
2241 1461 2365 1502 Crea—

1346 1528 1500 1579 torem,
1524 1530 1614 1581 pari
1642 1530 1803 1569 ratione
1832 1534 1871 1570 et
1901 1543 1922 1571 e
1949 1543 2148 1572 converso
2176 1547 2185 1574 :
2208 1534 2277 1574 sed
2298 1534 2367 1574 illa

1346 1610 1431 1638 non
1450 1600 1760 1641 transferuntur
1781 1613 1792 1641 ε
1810 1614 1913 1654 ergo
1931 1615 2007 1643 nec
2023 1603 2114 1644 ista.

1401 1676 1438 1713 3.
1458 1673 1577 1723 Item,
1597 1675 1825 1716 similitudo
1848 1679 1909 1717 est
1927 1678 2031 1718 ratio
2056 1679 2335 1721 translationis
2354 1695 2363 1720 ε

1347 1756 1449 1796 ergo
1480 1747 1657 1786 nomina
1688 1759 1834 1787 rerum
1866 1748 2005 1800 magis
2030 1749 2113 1790 Deo
2143 1750 2364 1802 similium,

1346 1816 1484 1868 magis
1503 1817 1654 1857 debent
1673 1818 1724 1858 ad
1750 1818 1882 1859 Deum
1907 1820 2121 1860 transferri
2143 1835 2152 1861 z
2174 1821 2272 1862 talia
2291 1835 2368 1862 au-

1346 1888 1432 1927 tem
1469 1891 1567 1928 sunt
1611 1889 1784 1930 nomina
1818 1891 2069 1943 angelorum
2109 1906 2118 1933 :
2153 1904 2256 1945 ergo
2296 1893 2367 1934 illa

1346 1959 1656 2001 transferuntur
1679 1975 1687 2001 :
1710 1962 1914 2014 quaeritur
1939 1975 2042 2015 ergo
2076 1974 2172 2016 quae
2194 1965 2368 2005 nomina

1347 2032 1523 2073 debeant
1541 2034 1768 2085 transferri,
1792 2037 1832 2075 et
1848 2047 1944 2087 quae
1963 2047 2064 2076 non.

1705 2201 2001 2245 CONCLUSIO.

1352 2303 1398 2337 Ut
1429 2302 1597 2338 laudibus
1628 2304 1737 2338 Deam
1765 2306 1939 2350 possimus
1972 2306 2156 2349 eoetollere,
2189 2309 2295 2352 atque
2321 2307 2369 2342 ael

1394 2362 1460 2396 Dei
1484 2363 1720 2406 manitionem
1743 2374 2036 2408 promoveamur,
2062 2367 2262 2402 necessariae
2285 2369 2368 2402 sant

1395 2421 1496 2456 nobis
1518 2422 1771 2458 translationes
1790 2423 1838 2458 ad
1856 2423 1995 2459 divina.

1402 2529 1523 2583 Resp.
1556 2531 1606 2571 ad
1639 2531 1820 2583 Argum.
1847 2531 2076 2574 Dicendum
2102 2535 2215 2586 quod
2241 2535 2368 2587 ratio,

1348 2601 1415 2642 vel
1446 2602 1563 2653 finis,
1585 2603 1869 2644 translationis
1895 2605 2051 2658 duplex
2074 2610 2135 2646 est
2159 2619 2169 2646 ;
2196 2619 2305 2657 una,
2327 2608 2372 2648 in

1349 2686 1433 2726 qua
1451 2677 1511 2714 est
1533 2674 1625 2715 laus
1644 2674 1740 2725 Dei3
1768 2675 1869 2726 alia,
1893 2677 2167 2718 manuductio
2185 2678 2372 2720 intellec-

1349 2748 1417 2784 tus
1449 2745 1595 2785 nostri.
1628 2744 1801 2798 Propter
1828 2747 1997 2788 laudem
2024 2748 2110 2801 Dei,
2141 2751 2373 2791 necessaria

1350 2819 1410 2856 est
1428 2817 1645 2857 translatio
1672 2832 1680 2858 :
1703 2820 1743 2857 et
1759 2818 1961 2870 quoniam
1981 2818 2088 2860 Deus
2104 2822 2289 2862 multum
2311 2826 2372 2864 est

2416 1036 2460 1062 Ad
2476 1045 2523 1071 op-

2385 1086 2446 1113 pos.

2393 2548 2438 2575 Ad
2452 2556 2520 2583 opp.

1348 2888 1585 2939 laudabilis,
1607 2901 1660 2929 ne
1680 2892 1848 2942 propter
1867 2890 2052 2943 inopiam
2070 2893 2373 2935 vocabulorum

1350 2960 1612 3012 contingeret
1633 2961 1785 3000 cessari
1806 2974 1830 3001 a
1856 2961 2000 3013 laude,
2025 2975 2141 3004 sacra
2161 2962 2374 3017 Scriptura

1350 3028 1493 3069 docuit
1508 3029 1682 3069 nomina
1701 3032 1990 3071 creaturarum
2009 3031 2061 3071 ad
2080 3031 2212 3073 Deum
2234 3036 2372 3074 trans-

1351 3100 1451 3140 ferri
1473 3114 1481 3140 :
1505 3103 1545 3140 et
1571 3100 1652 3140 hoc
1673 3100 1720 3140 in
1738 3113 1918 3142 numero
1935 3102 2178 3155 indefinito,
2200 3106 2248 3144 ut
2266 3105 2373 3145 sicut

1353 3171 1489 3211 omnis
1518 3173 1708 3212 creatura
1726 3171 1869 3213 laudat
1888 3172 2020 3214 Deum
2040 3206 2050 3223 ,
2071 3174 2128 3214 sic
2152 3174 2259 3215 Deus
2279 3176 2373 3217 lau-

1352 3242 1475 3282 detur
1491 3254 1544 3282 01(
1562 3242 1678 3283 0111111
1697 3243 1868 3284 nomine
1888 3248 2113 3296 creaturae3
2134 3246 2262 3298 etqui
2285 3259 2372 3287 non

1352 3312 1504 3365 poterit
1520 3325 1607 3354 uno
1626 3313 1798 3355 nomine
1816 3314 1994 3366 laudari,
2010 3318 2212 3368 tanquam
2230 3329 2374 3370 super-

1354 3444 1503 3484 Tarant„
1532 3444 1544 3474 1
1565 3443 1669 3484 Seni„
1691 3443 1767 3476 dist.
1786 3453 1904 3485 xxxiv,
1925 3454 1956 3486 q.
1974 3454 2048 3478 v111.
2063 3464 2104 3470 -
2117 3449 2130 3468 ²
2145 3448 2313 3490 Ambros„
2335 3449 2374 3481 de

1355 3491 1438 3522 Fide
1462 3492 1508 3523 ad
1532 3492 1701 3533 Gratian„
1727 3493 1785 3524 lib.
1804 3494 1844 3525 11.
1859 3512 1899 3516 —
1914 3494 2054 3535 ³Arist.,
2081 3496 2185 3536 Topz'e.
2214 3497 2272 3529 lib.
2292 3499 2317 3529 Ι.
2335 3516 2370 3521 -—

1355 3539 1513 3580 ‘'Averr„
1530 3540 1714 3582 Metaplzys.
1732 3541 1789 3574 lib.
1808 3542 1847 3582 V,
1867 3551 1896 3573 c.
1916 3541 1955 3573 de
1971 3542 2158 3576 Similitud.
