2613 3990
915 252 1044 294 DIST.
1074 252 1233 294 XXXII.
1265 253 1384 295 ART.
1416 253 1448 294 I.
1480 253 1675 303 QUAEST.
1704 255 1735 295 I.

253 347 373 387 catur
391 348 432 386 et
452 345 497 385 in
512 343 789 385 abstractione
806 357 814 383 z
831 354 935 394 ergo
953 354 1050 382 cum
1068 343 1277 395 processio

254 429 340 458 non
361 416 582 458 conveniat
599 414 710 456 Patri
730 417 771 455 et
793 414 898 455 Filio
916 413 962 453 in
982 414 1273 464 abstractione,

253 500 357 540 ergo
376 501 454 529 nec
473 486 798 529 denominative.

616 653 911 698 CONCLUSIO.

252 767 398 801 Patrem
417 767 450 801 et
468 765 603 800 Filium
621 774 656 799 56
678 762 827 807 diligere
850 762 993 807 Spiritu
1016 765 1138 797 sancto
1160 772 1278 797 601166-

300 825 378 860 dere
396 834 592 870 possumus,
612 825 644 858 si
663 822 885 857 dilectionem
913 822 1147 856 notz'onaliter
1166 822 1276 856 intel-

302 885 475 928 liqamus3
497 882 589 928 quod
615 883 648 916 sz'
686 881 925 916 essentialiter
964 891 1039 916 eam
1075 890 1274 923 sumturum,

299 945 413 989 falsus
430 943 596 979 reddetur
614 952 739 977 sermo.

306 1059 428 1112 Resp.
444 1058 496 1098 ad
513 1057 617 1109 Arg.
636 1056 700 1097 Ad
721 1055 1021 1109 praedictorum
1041 1055 1278 1107 intelligen-

252 1132 354 1172 tiam
373 1132 434 1170 est
451 1129 700 1178 notandum,
717 1127 1014 1180 quodquidam
1032 1127 1278 1179 praedictam

251 1201 506 1242 locutionem
525 1199 767 1252 simpliciter
790 1201 1078 1250 negaverunt,
1100 1200 1141 1238 et
1159 1198 1279 1238 dixe-

251 1277 353 1314 runt
386 1285 532 1313 omnes
569 1271 805 1312 consimiles
846 1283 934 1311 esse
976 1272 1219 1310 retractatas
1254 1282 1280 1309 a

251 1346 373 1386 beato
389 1344 630 1396 Augustino
646 1347 690 1383 in
719 1356 795 1383 sua
815 1342 955 1390 simili,
983 1342 1026 1381 in
1052 1342 1131 1381 hac
1162 1341 1277 1381 scili-

253 1421 346 1458 cet:
373 1433 392 1456 «
420 1416 541 1457 Pater
567 1418 628 1456 est
650 1415 814 1467 sapiens
840 1414 1045 1467 sapientia
1071 1414 1231 1466 genita.
1254 1428 1272 1451 n

253 1489 333 1531 Sed
352 1489 442 1530 11666
464 1488 614 1529 50111110
640 1500 725 1528 11011
750 1489 885 1540 potest
904 1490 1011 1526 stare
1027 1519 1038 1537 ,
1066 1486 1167 1539 quia
1193 1498 1285 1527 non.

252 1561 390 1601 solum
407 1572 501 1600 eam
514 1559 612 1600 dicit
625 1558 908 1611 Augustinus,
925 1558 994 1598 sed
1009 1558 1135 1598 etiam
1149 1559 1279 1598 sancti

253 1632 337 1682 alii,
359 1643 544 1684 quorum
572 1630 681 1671 dicta
710 1630 978 1681 Augustinus
1008 1642 1094 1669 non
1123 1632 1278 1670 retrac-

253 1707 312 1744 tat
328 1704 354 1744 ¹.
386 1703 482 1744 Ideo
502 1704 675 1744 fuerunt
707 1702 779 1742 alii
807 1701 879 1754 qui
911 1714 1004 1741 eam
1036 1701 1280 1754 simpliciter

253 1778 564 1823 concesserunt,
592 1774 774 1815 dicentes
793 1773 903 1814 hanc
919 1773 1176 1814 locutionem
1207 1774 1280 1815 de-

253 1847 351 1888 bere
369 1846 549 1898 intelligi
576 1858 651 1899 per
673 1845 1076 1898 appropriationem,
1101 1857 1186 1885 non
1206 1857 1280 1897 per

254 1919 571 1972 proprietatem,
593 1920 641 1957 ut
660 1917 712 1956 sit
735 1928 883 1956 sensus
907 1931 915 1956 :
943 1914 1122 1966 «Pater,
1144 1918 1183 1956 et
1209 1915 1280 1956 Fi-

253 1992 334 2032 lius
351 1990 533 2042 diligunt
552 2002 594 2029 se
611 2001 769 2036 amore,
785 1988 859 2040 qui
874 1988 1169 2040 appropriatur
1187 1987 1281 2040 Spi-

254 2061 357 2103 ritui
389 2063 546 2102 sancto.
579 2075 598 2098 n
635 2059 715 2101 Sed
741 2060 820 2099 ista
849 2059 1000 2099 solutio
1031 2071 1117 2099 non
1148 2062 1281 2112 potest

254 2135 382 2183 stare,
413 2132 514 2184 quia
540 2134 641 2171 tnnc
663 2130 854 2170 similiter
884 2131 976 2170 liaec
1005 2133 1109 2170 65561
1132 2143 1279 2171 601166-

255 2204 390 2245 denda
411 2217 421 2244 :
450 2220 469 2243 ((
500 2203 623 2244 Pater
653 2206 694 2243 et
720 2202 854 2243 Filius
877 2205 975 2242 sunt.
996 2202 1096 2241 boni
1123 2200 1281 2255 Spiritu

254 2278 397 2316 sancto
415 2307 426 2325 ,
462 2287 562 2315 cum
601 2273 776 2326 Spiritui
811 2276 952 2313 sancto
988 2274 1281 2325 approprietur

254 2347 442 2397 bonitas3
465 2357 561 2399 quae
576 2349 719 2386 tamen
737 2344 854 2384 nullo
872 2344 1000 2384 modo
1021 2344 1277 2385 conceditur.

254 2417 390 2470 Igitur
413 2418 550 2470 prima
578 2416 722 2468 opinio
750 2428 836 2456 non
867 2418 1000 2468 potest
1027 2421 1161 2466 stare,
1184 2429 1280 2468 quae

254 2491 497 2544 simpliciter
520 2491 624 2531 tales
639 2490 872 2531 locutiones
891 2493 1034 2541 negat,
1057 2503 1156 2531 cum
1172 2492 1280 2532 mul·

253 2563 385 2616 tiplex
398 2562 622 2602 auctoritas
638 2574 707 2602 eas
726 2561 848 2602 dicat.
867 2560 1069 2602 Similiter
1083 2574 1277 2615 sequens,

254 2646 351 2687 quae
389 2646 457 2674 eas
495 2633 738 2686 simpliciter
776 2633 984 2682 concedit,
1024 2645 1110 2673 non
1148 2637 1282 2686 potest

255 2710 379 2755 stare,
403 2717 501 2745 cum
520 2704 741 2757 multiplex
759 2704 866 2744 ratio
890 2704 1157 2745 contradicat.
1180 2705 1281 2746 Res-

256 2779 316 2816 tat
333 2777 469 2829 igitur
481 2776 639 2828 eligere
653 2775 896 2828 opinionem
912 2776 1110 2826 mediam,
1127 2777 1282 2818 scilicet

255 2848 369 2900 quod
394 2860 481 2888 uno
510 2847 636 2888 modo
663 2846 715 2886 sit
742 2858 866 2897 vera,
895 2847 976 2887 alio
1008 2847 1132 2887 modo
1162 2848 1278 2888 falsa.

256 2919 364 2960 Nam
383 2921 478 2970 hoc,
498 2919 611 2973 quod
625 2922 686 2960 est
698 2918 887 2972 diliqere,
910 2922 1046 2971 potest
1064 2921 1197 2960 teneri
1213 2933 1280 2961 65-

255 2991 498 3042 sentialiter,
519 2991 587 3032 vel
606 2989 886 3030 notionaliter.
909 2989 1152 3031 Secundum
1169 2992 1281 3043 quod

256 3064 424 3102 tenetur
437 3061 723 3111 essentialiter,
739 3061 799 3100 sic
814 3061 913 3100 dicit
925 3061 1155 3102 voluntatis
1169 3074 1281 3102 com-

258 3133 507 3186 placentiam
522 3165 532 3182 ,
554 3145 651 3186 quaa
679 3132 918 3173 communis
943 3135 1004 3172 est
1027 3133 1173 3173 tribus.
1213 3132 1281 3174 Se-

258 3205 448 3245 cundum
470 3205 583 3258 quod
606 3207 774 3245 tenetur
794 3204 1084 3255 notionaliter,
1105 3205 1162 3245 sic
1184 3204 1282 3245 dicit

258 3275 486 3316 voluntatis
520 3276 835 3317 foecunditatem
873 3275 925 3315 ad
967 3276 1281 3328 producendam

259 3359 484 3399 personam
518 3359 571 3387 ex
601 3360 671 3398 se,
708 3358 804 3399 quae
831 3346 1002 3398 quidem
1035 3347 1282 3388 foecunditas

260 3419 397 3459 solum
417 3423 478 3459 est
507 3419 553 3458 in
577 3420 759 3468 duobus,
790 3418 986 3470 quamvis
1009 3419 1206 3459 voluntas
1228 3420 1282 3460 sit

302 3526 311 3546 1
328 3525 399 3557 Lib.
416 3526 442 3556 11
460 3526 614 3561 Retract„
636 3534 664 3555 c.
680 3532 775 3555 xxm.
797 3526 918 3555 Scottis
935 3525 1144 3565 respondens
1161 3526 1203 3557 ad
1219 3527 1282 3566 pri-

258 3583 353 3605 mum
370 3573 573 3614 principale,
593 3580 674 3614 q.1,
694 3573 769 3605 dist.
786 3580 883 3604 xxixii
896 3597 905 3612 ‚
928 3572 1035 3613 inquit
1057 3574 1148 3614 quod
1170 3583 1280 3614 neque

2295 260 2371 297 5117

1351 344 1396 383 in
1423 343 1572 384 tribus.
1594 342 1637 384 Si
1656 355 1759 396 ergo
1778 345 1946 384 tenetur
1965 345 2250 396 essentialiter,
2272 346 2374 386 falsa

1352 418 1413 455 est
1434 415 1603 465 locutio,
1620 416 1720 468 quia
1737 417 1839 455 tunc
1857 415 2046 468 sequitur
2065 416 2174 469 quod
2196 415 2318 456 Pater
2334 420 2374 458 et

1353 486 1484 527 Filius
1501 490 1599 527 sunt
1626 486 1784 539 Spiritu
1809 489 1952 527 sancto
1980 501 1988 527 :
2013 489 2053 527 et
2076 487 2122 527 in
2146 488 2225 528 hoc
2247 500 2374 529 sensu

1353 569 1587 610 pronomen
1605 569 1704 597 cum
1722 558 1853 598 verbo
1871 557 2128 598 construitur
2145 559 2371 610 reciproce.

1353 627 1395 668 Si
1409 631 1550 668 autem
1564 627 1843 678 notionaliter,
1863 639 1964 669 vera
1982 630 2057 677 est,
2073 627 2180 668 sicut
2194 629 2374 680 probant

1351 700 1536 740 rationes
1555 700 1606 740 ad
1622 699 1862 752 oppositum
1885 713 1893 739 :
1911 701 1951 738 et
1971 698 2014 737 111
2032 698 2112 738 1106
2130 710 2256 738 5611511
2275 711 2374 751 pro-

1352 784 1510 813 nomen
1529 772 1785 811 construitur
1812 783 1911 810 cum
1934 770 2066 811 verbo
2092 770 2371 812 retransitive.

1353 843 1469 884 Unde
1495 855 1642 883 sensus
1665 845 1725 882 est
1757 857 1765 882 ε
1790 858 1809 880 «
1830 840 1950 881 Pater
1971 843 2013 880 et
2040 839 2169 880 Filius
2194 840 2378 892 diligunt

1352 927 1410 965 se,
1431 915 1472 955 id
1493 917 1566 965 est,
1589 913 1710 954 Pater
1729 912 1865 964 diligit
1882 911 2057 961 Filium,
2082 913 2123 951 61
2142 910 2275 952 Filius
2294 911 2377 952 Pa-

1352 989 1484 1035 trem3
1508 1000 1527 1022 n
1552 987 1592 1025 et
1613 988 1714 1025 tunc
1732 996 1833 1024 vera
1852 986 1913 1024 est
1927 983 2103 1033 locutio,
2124 983 2224 1035 quia
2241 995 2375 1032 amor,

1353 1058 1430 1111 qui
1461 1061 1522 1097 est
1549 1056 1730 1109 Spiritus
1756 1058 1945 1103 sanetus,
1974 1057 2035 1095 651
2062 1067 2183 1095 amor
2209 1057 2380 1095 nectens

1353 1129 1520 1170 Patrem
1534 1140 1631 1168 cum
1646 1126 1766 1177 Filio,
1786 1129 1826 1166 et
1844 1139 1866 1166 e
1886 1139 2108 1177 converso3
2125 1129 2165 1166 et
2175 1129 2277 1166 tunc
2293 1139 2380 1166 non

1352 1201 1447 1241 licet
1472 1200 1625 1240 inferre
1644 1211 1654 1238 z
1682 1213 1700 1235 <‹
1728 1198 1842 1249 Ergo
1861 1196 1981 1238 Pater
2000 1197 2139 1249 diligit
2157 1210 2199 1237 sc
2219 1197 2379 1250 Spiritu

1351 1275 1507 1312 sancto.
1535 1286 1554 1309 >³

1408 1348 1447 1394 1,
1467 1345 1491 1382 ⁶2
1511 1346 1551 1383 et
1577 1344 1614 1382 3.
1639 1341 1702 1382 Ex
1719 1341 1800 1381 hoc
1821 1342 1964 1392 patent
1986 1339 2067 1379 tria
2093 1340 2244 1392 prima.
2274 1339 2380 1380 Nam

1354 1414 1545 1467 primum
1575 1412 1760 1466 procedit
1790 1411 2024 1451 secundum
2055 1411 2168 1463 quod
2201 1410 2380 1464 diligere

1354 1489 1522 1527 tenetur
1542 1484 1832 1528 essentialiter.
1856 1482 2100 1523 Secundum
2120 1475 2247 1523 etiam
2265 1483 2380 1523 simi-

1353 1560 1447 1600 liter
1473 1572 1483 1599 t
1510 1571 1611 1599 nam
1641 1568 1785 1610 sapere
1804 1569 1890 1597 non
1919 1556 2070 1597 dicitur
2098 1557 2380 1608 notionaliter,

1355 1634 1462 1674 sicut
1483 1632 1660 1684 delevere
1671 1646 1685 1676 ;
1706 1631 1776 1671 sed
1790 1631 1858 1671 vel
1875 1633 1937 1671 est
1956 1642 2198 1681 commune,
2220 1630 2288 1671 vel
2307 1643 2384 1684 ap-

1355 1704 1634 1758 propriatum.
1650 1702 1840 1743 Tertium
1853 1701 2060 1749 similiter,
2077 1701 2177 1753 quia
2195 1702 2384 1754 procedit

1354 1775 1586 1817 secundum
1620 1774 1734 1827 quod
1764 1773 1959 1826 obliquus
1989 1773 2246 1813 construitur
2276 1775 2382 1814 reci-

1354 1859 1499 1901 proce,
1523 1852 1563 1887 et
1579 1849 1681 1886 tunc
1704 1845 1882 1898 ditmare
1902 1846 2068 1884 tenetur
2088 1844 2379 1885 essentialiter.

1407 1922 1446 1958 4.
1470 1918 1532 1958 Ad
1548 1918 1649 1958 illud
1668 1917 1781 1970 quod
1799 1916 1998 1969 objicitur
2018 1915 2131 1968 quod
2153 1928 2236 1956 non
2256 1917 2384 1968 possit

1354 1991 1488 2032 teneri
1511 1989 1796 2038 notionaliter3
1830 1987 2155 2039 intelligendum
2181 1990 2241 2028 est
2269 1988 2381 2040 quod

1354 2064 1461 2104 sicut
1486 2060 1703 2114 generatio
1733 2059 1952 2112 dupliciter
1972 2060 2105 2111 potest
2130 2058 2379 2110 significari,

1355 2148 1442 2176 uno
1462 2134 1586 2175 modo
1604 2136 1651 2174 111
1670 2132 1768 2173 dicit
1789 2131 2118 2179 emanationem,
2140 2130 2221 2170 alio
2250 2130 2376 2171 modo

1354 2209 1402 2246 ut
1428 2206 1525 2246 dicit
1559 2205 1735 2246 modum
1762 2202 1988 2243 emanandi
2014 2201 2281 2254 superaddita
2307 2214 2382 2241 ex-

1354 2277 1590 2330 pressione3
1612 2278 1652 2316 et
1672 2275 1808 2328 primo
1828 2273 1953 2314 modo
1974 2285 2048 2326 per
2073 2273 2154 2312 hoc
2176 2273 2379 2321 verbum,

1353 2358 1567 2401 9611611116,
1607 2346 1789 2387 secundo
1820 2345 1944 2385 modo
1970 2356 2045 2396 per
2074 2343 2155 2384 hoc
2179 2344 2379 2392 verbum,

1354 2419 1509 2468 dicere,
1529 2419 1812 2471 significatur3
1836 2416 1893 2456 sic
1912 2419 1951 2456 et
1971 2414 2142 2468 spiratio
2162 2414 2382 2467 dupliciter

1354 2495 1487 2544 potest
1507 2489 1738 2543 significari
1757 2502 1767 2529 :
1786 2488 1922 2542 primo
1939 2487 2077 2535 modo,
2096 2498 2171 2538 per
2189 2486 2270 2526 hoc
2289 2497 2383 2525 ver-

1353 2563 1479 2611 bum,
1503 2561 1615 2614 quod
1638 2564 1699 2601 est
1719 2561 1884 2612 spirare
1896 2575 1913 2605 ;
1932 2557 2116 2598 secundo
2146 2557 2287 2605 modo,
2307 2569 2380 2609 per

1354 2635 1435 2674 hoc
1466 2634 1662 2683 verbum,
1697 2631 1808 2685 quod
1844 2632 1905 2671 est
1936 2629 2131 2682 diliqere.
2167 2628 2381 2677 Quemad—

1356 2707 1531 2748 modum
1548 2706 1662 2747 enim
1677 2705 1813 2746 dicere
1827 2705 2026 2755 importat
2045 2701 2378 2754 generationem,

1355 2784 1394 2820 et
1406 2780 1582 2820 ulterius
1597 2778 1824 2832 quamdam
1841 2774 2153 2828 expressionem
2165 2773 2275 2813 circa
2290 2785 2383 2826 per-

1354 2863 1516 2901 sonam,
1538 2851 1596 2890 sio
1613 2853 1653 2890 et
1671 2849 1861 2901 [liliqere.
1884 2846 2002 2887 Unde
2021 2845 2128 2886 sicut
2147 2844 2286 2886 dicere
2305 2845 2381 2884 im-

1354 2923 1491 2974 portat
1506 2923 1649 2960 actum
1666 2917 1911 2971 generandi,
1935 2919 1975 2957 et
1994 2915 2172 2963 dicendi,
2194 2914 2284 2955 sive
2305 2926 2381 2954 ex-

1354 2992 1578 3045 primendi,
1595 2994 1635 3031 et
1647 2990 1807 3030 ratione
1821 2995 1938 3029 actus
1949 2986 2127 3036 dicendi,
2141 2985 2229 3026 sive
2243 2987 2381 3038 expri-

1354 3064 1511 3114 mendi,
1534 3063 1686 3104 dicitur
1706 3074 1715 3101 z
1741 3077 1759 3099 (ι
1780 3060 1900 3100 Pater
1918 3072 1960 3100 se
1979 3059 2077 3099 dicit
2088 3057 2242 3107 Verbo,
2254 3071 2272 3093 »
2300 3056 2380 3096 hoc

1355 3138 1430 3186 est,
1449 3134 1623 3175 dicendo
1637 3166 1646 3182 ,
1667 3133 1756 3173 sive
1775 3130 2051 3184 exprimendo
2077 3130 2252 3182 generat
2267 3126 2379 3167 Ver-

1358 3208 1462 3247 bum
1480 3239 1490 3256 ,
1511 3206 1578 3246 vel
1608 3203 1849 3257 generando
1867 3201 2055 3243 Verbum
2073 3232 2082 3249 ,
2114 3212 2157 3240 se
2177 3198 2379 3251 exprimit

1353 3277 1517 3327 Verbo;
1546 3276 1665 3316 sicin
1681 3274 1915 3328 proposito,
1943 3273 2116 3325 diliqere
2137 3273 2278 3310 actum
2296 3269 2380 3308 im-

1354 3351 1493 3401 portat
1511 3346 1800 3395 connectendi,
1820 3345 1909 3386 sive
1930 3341 2224 3389 concordandi,
2241 3343 2281 3380 61
2301 3340 2380 3393 spi-

1355 3420 1503 3470 randi,
1525 3422 1567 3460 et
1585 3419 1746 3460 ratione
1766 3420 1883 3458 actus
1903 3413 2174 3457 connectendi
2192 3412 2345 3453 dicitur
2366 3427 2374 3451 :

1354 3536 1437 3567 pure
1458 3526 1695 3565 essentialiter,
1727 3534 1837 3566 neque
1864 3522 2080 3555 notionaliter
2104 3522 2248 3552 tenetur.
2281 3518 2379 3556 Quod

1357 3575 1457 3606 etiam
1478 3575 1584 3616 tangit
1604 3576 1637 3607 S.
1654 3575 1891 3606 Bonaventura
1910 3570 2119 3611 respondens
2139 3568 2181 3599 ad
2194 3567 2321 3608 penult.
