2613 3990
69 3027 197 3056 Antithe-

216 256 268 294 98

577 362 875 408 CoNCLUSlO.

216 474 281 509 Dei
300 482 444 513 nomen,
478 470 664 506 secumlmn
690 471 802 502 artem
824 465 992 511 quuendo
1005 492 1015 510 ,
1049 474 1117 500 non
1137 461 1241 497 habet

313 531 474 578 plurale,
499 540 557 565 nec
575 537 756 575 possumus
773 526 885 561 <licere
904 525 1022 570 plures
1041 525 1142 560 Deos.

268 629 330 670 Ad
361 628 662 682 prtedictorum
700 622 1024 674 intelligentiam
1061 623 1122 661 est
1159 631 1239 659 no-

214 700 391 740 tandum
409 732 418 749 ,
456 697 568 751 quod
596 697 675 736 hoc
702 705 858 734 nomen
875 725 884 742 ,
917 693 1024 734 Deus
1041 724 1050 742 ,
1089 690 1240 731 (licitur

213 772 451 825 tripliciter,
473 769 626 810 scilicet
650 781 658 808 :
682 765 996 818 nuncupative,
1024 763 1236 816 adoptive,

213 842 478 883 naturaliter.
508 839 659 881 Primis
684 837 851 879 duobus
871 836 1006 877 modis
1024 834 1240 888 plurifica—

212 916 283 955 tur
308 929 317 964 ;
338 915 449 954 unde
478 911 702 966 Apostolus
724 911 732 932 ¹
764 924 771 949 ι
797 908 1018 961 Siquidem
1043 909 1143 948 sunt
1172 905 1241 946 de'z‘

212 985 358 1036 multi,
383 989 418 1026 ec
460 984 627 1026 domini
659 982 797 1024 multi.
828 980 908 1021 Sed
941 979 1063 1020 tertio
1097 977 1236 1027 modo,

211 1069 320 1106 110113
353 1055 454 1107 quia
499 1055 557 1095 sic
585 1055 665 1095 hoc
701 1064 883 1101 nomen,
914 1051 1044 1099 Deus,
1076 1047 1240 1100 signifi·

211 1131 275 1167 cat
306 1126 495 1167 divinam
531 1128 729 1166 naturam
776 1136 874 1164 cum
910 1120 1238 1170 conditionibus,

210 1213 394 1254 quarum
420 1200 683 1241 collectiones
712 1197 968 1251 impossibile
994 1197 1056 1236 est
1083 1194 1129 1234 in
1157 1193 1240 1234 alio

209 1271 394 1325 reperire
412 1286 420 1312 :
440 1274 480 1312 et
497 1271 605 1319 ideo,
624 1270 733 1310 sicut
746 1280 903 1310 nomen
918 1266 1140 1321 proprium
1153 1277 1241 1306 non

209 1343 335 1384 habet
369 1344 530 1397 plurale
568 1343 803 1384 secundum
842 1344 975 1382 artem
1011 1339 1238 1392 loquendo,

209 1413 269 1454 sic
298 1426 375 1455 nec
406 1426 563 1455 nomen
588 1413 676 1454 Dei.

264 1490 302 1528 -l.
336 1485 400 1526 Ad
439 1485 545 1526 illud
578 1496 683 1537 ergo
722 1483 836 1537 quod
872 1482 1096 1536 objicitur,
1128 1480 1240 1535 quod

209 1558 321 1612 apud
353 1557 552 1599 Hehraeos
577 1557 705 1597 hahet
733 1554 918 1609 plurale,
940 1553 1054 1607 quod
1072 1555 1134 1594 est
1154 1553 1241 1593 Ile-

209 1629 335 1679 loim;
372 1628 628 1678 dicendum,
665 1627 780 1680 quod
818 1626 934 1667 modi
971 1624 1241 1677 significandi

210 1712 297 1741 non
314 1704 482 1741 tantum
506 1698 732 1752 requirunt
747 1697 936 1738 diversos
956 1696 1104 1737 modos
1124 1695 1241 1736 intel-

208 1771 368 1824 ligendi
400 1771 643 1824 generales,
666 1769 737 1810 sed
766 1768 895 1809 etiam
927 1768 1074 1809 modos
1095 1767 1241 1820 expri-

209 1842 352 1883 mendi
372 1854 382 1882 z
405 1842 607 1895 quoniam
627 1853 730 1893 ergo
747 1840 828 1893 ipsi
843 1839 1001 1881 hahent
1021 1839 1238 1891 articulos,

209 1916 250 1954 et
268 1913 414 1954 modos
432 1912 699 1966 exprimendi
717 1911 906 1953 diversos
933 1911 1003 1965 (a),
1034 1923 1142 1964 quos
1164 1923 1242 1951 nos

208 1997 294 2027 non
324 1986 554 2035 habemus;
589 1984 682 2025 ideo
704 1983 766 2023 illi
785 1985 964 2036 possunt
985 1983 1138 2033 (110010,
1163 1982 1235 2024 sed

209 2070 288 2100 nos
322 2070 425 2100 non.

263 2134 303 2172 2.
327 2131 391 2171 Ad
408 2129 514 2170 illud
540 2127 653 2181 quod
683 2127 910 2179 objicitur,
945 2127 1055 2180 quod
1089 2139 1242 2169 verum

208 2202 503 2256 praesupponit
533 2212 778 2252 congruum
796 2212 805 2251 ;
847 2199 1096 2251 dicendum,
1128 2200 1241 2253 quod

208 2275 366 2328 duplex
377 2277 438 2315 est
448 2271 744 2323 incongruitas
761 2285 769 2310 ε
790 2283 877 2311 una
893 2273 953 2311 est
968 2283 1021 2311 ex
1036 2271 1241 2311 discohae-

209 2347 345 2388 rentia
353 2344 654 2398 adjacentium,
666 2345 738 2383 ut:
758 2341 956 2382 «Catonis
969 2345 1029 2383 est
1040 2358 1049 2393 3
1061 2357 1079 2380 ›)
1096 2343 1177 2383 alia
1189 2356 1241 2384 ex

210 2418 532 2461 discohaerentia
552 2416 844 2457 intellectuum
868 2415 935 2469 (b),
961 2419 1009 2456 ut
1029 2429 1127 2457 cum
1144 2416 1242 2457 (lici-

209 2494 295 2542 tur,
317 2491 464 2533 Plures
493 2490 624 2532 Petri.
658 2487 800 2528 Prima
826 2488 1120 2540 incongruitas
1138 2488 1243 2529 tollit

209 2564 429 2605 veritatem
449 2565 489 2603 et
501 2562 724 2602 falsitatem
742 2575 751 2610 ;
775 2561 960 2602 secunda
977 2573 1078 2602 vero
1094 2561 1243 2602 incon-

211 2637 374 2689 gruitas
422 2635 549 2676 habet
597 2633 820 2674 falsitatem
869 2635 1157 2687 conjunctam.
1193 2633 1244 2674 Et

211 2707 319 2759 ideo,
342 2707 442 2761 quia
472 2719 548 2760 per
569 2705 842 2758 negationem
864 2707 1108 2747 removetur
1128 2705 1244 2746 falsi-

212 2781 287 2829 tas,
309 2782 350 2820 et
369 2778 508 2820 Sancti
528 2777 693 2818 malunt
711 2777 830 2830 loqui
850 2789 964 2826 vere,
988 2789 1119 2830 quam
1139 2789 1242 2830 pro—

213 2851 433 2904 prietatem
461 2849 668 2891 sermonis
696 2861 866 2890 servare
895 2851 935 2889 et
959 2849 1077 2902 loqui
1097 2849 1240 2889 minus

214 2934 337 2973 vere3
371 2922 464 2963 ideo
494 2923 655 2974 negant
685 2920 828 2974 plures
857 2919 976 2960 Deos.
1012 2919 1152 2961 Potest
1179 2923 1242 2961 ta-

215 3005 313 3034 men
335 2993 413 3034 dici
431 2993 558 3046 quod,
577 2991 775 3046 quamvis
793 2992 883 3032 haec
909 3003 1012 3042 vos,
1039 2991 1130 3042 Dii,
1155 3003 1245 3031 non

215 3066 269 3106 sit
285 3077 370 3105 vox
389 3064 674 3116 significativa
689 3063 923 3104 secundum
944 3066 1079 3104 artem
1100 3066 1141 3103 et
1163 3063 1242 3103 im-

214 3137 488 3192 positionem;
510 3139 651 3177 tamen
671 3138 732 3176 est
759 3147 844 3176 vox
876 3135 1159 3187 significativa
1191 3147 1244 3175 ex

215 3208 599 3251 accommodatione
613 3220 730 3258 usus,
747 3210 796 3248 ut
806 3207 881 3249 olli
897 3219 973 3260 pro
992 3207 1084 3254 im,-
1098 3210 1137 3248 et
1151 3207 1243 3248 ideo

215 3283 393 3336 generat
426 3280 577 3321 salsum
609 3280 870 3320 intellectum
897 3278 1173 3330 affirmativa,
1204 3281 1245 3319 et

214 3353 416 3407 negativa
434 3363 586 3393 verum
604 3365 612 3391 :
630 3351 828 3403 quamvis
846 3362 933 3391 11011
947 3350 1240 3402 grammatice.

262 3485 488 3525 ¹100r.,v111‚
506 3484 579 3514 5.—
592 3482 607 3503 ²
623 3481 676 3522 Cf.
692 3481 855 3513 Alexand.
869 3481 1012 3522 Mensis,
1027 3491 1060 3522 p.
1075 3483 1085 3513 Ι
1099 3507 1108 3522 ,
1121 3491 1154 3523 q.
1171 3490 1242 3522 Lix,

216 3534 387 3573 memb.3,
408 3534 500 3564 arud
527 3533 560 3562 et
576 3531 614 3569 2;
637 3530 671 3562 S.
686 3530 820 3570 Thom„
842 3530 917 3570 1›.l‚
937 3540 970 3570 q.
987 3537 1106 3571 xxxix,
1128 3532 1190 3562 art.
1205 3531 1242 3570 43

218 3584 337 3615 Petrus
352 3581 393 3613 de
414 3579 588 3621 Tarant.,l
611 3578 716 3619 Sent.,
733 3577 810 3609 dist.
826 3585 871 3618 1ν,
892 3586 926 3618 q.
941 3585 986 3608 vi.

983 241 1395 287 SENFENTIARUM
1425 235 1523 284 LlB.
1553 243 1584 284 l.

1378 336 1400 372 3
1438 336 1478 373 et
1512 336 1550 373 4.
1582 331 1644 373 Ad
1680 331 1783 372 illud
1820 332 1932 384 quod
1967 332 2187 384 objicitur,
2226 333 2340 387 quod

1311 403 1579 455 principium
1606 401 1683 443 uni
1714 401 1790 442 soli
1823 401 2046 451 convenit,
2073 403 2264 445 similiter
2297 407 2339 446 et

1311 474 1515 527 pltoenioe;
1531 474 1774 522 dicendum,
1790 473 1904 526 quod
1924 475 2150 517 convenire
2169 477 2245 517 uni
2261 477 2339 519 soli

1315 549 1375 586 est
1401 547 1620 599 tripliciter
1643 560 1650 585 :
1675 548 1748 586 aut
1767 546 1882 585 enim
1905 548 1967 586 est
1992 546 2093 599 quia
2111 547 2343 600 imponitur

1315 629 1472 658 nomen
1491 630 1515 658 a
1535 618 1670 658 forma
1690 617 2059 670 immultiplicahili
2074 649 2084 667 ,
2105 620 2155 658 ut
2173 617 2219 658 in
2243 630 2344 671 pro-

1314 688 1416 740 priis
1434 689 1694 739 nominibus,
1718 691 1758 729 ct
1777 689 1834 729 sic
1852 689 1960 729 tollit
1978 689 2262 742 pluralitatem
2280 702 2342 742 re,

1314 765 1355 799 et
1373 759 1783 812 consignificatione3
1806 763 1880 801 aut
1907 760 2143 813 imponitur
2163 773 2188 801 a
2206 761 2344 802 forma

1315 843 1410 883 quae
1446 834 1543 871 nata
1577 833 1638 871 est
1671 831 1992 882 communicari,
2022 832 2220 884 quamvis
2252 844 2345 873 non

1315 904 1657 945 communicetur
1676 907 1845 957 propter
1862 904 2274 957 determinationem,
2294 907 2343 946 ut

1314 975 1466 1016 dicitur
1492 976 1760 1028 principium
1793 980 2117 1027 c›·ecztm·armn,·
2143 979 2218 1017 aut
2246 988 2347 1030 pro-

1313 1050 1406 1099 pter
1434 1048 1643 1089 desectum
1662 1048 1851 1088 materiae
1867 1081 1876 1098 ‚
1898 1051 1945 1089 ut
1967 1049 2179 1101 phoenix:
2198 1051 2239 1090 et
2263 1048 2347 1089 tale

1313 1118 1422 1159 tollit
1447 1119 1732 1172 pluralitatem
1759 1119 1995 1160 secundum
2030 1131 2141 1168 rem,
2172 1130 2259 1160 non
2281 1130 2347 1159 se-

1315 1191 1504 1232 cundum
1554 1190 1990 1243 consignificationem
2010 1202 2022 1242 3
2062 1190 2163 1243 quia
2214 1191 2349 1244 potest

1315 1261 1628 1314 consignificari
1653 1261 1747 1302 talis
1778 1261 1914 1302 forma
1930 1293 1940 1311 ,
1961 1262 2010 1302 ut
2039 1262 2174 1313 potest
2198 1259 2347 1301 multi-

1315 1333 1463 1387 plicari
1481 1345 1556 1387 per
1578 1332 1809 1386 supposita.

1661 1487 1897 1539 QUAESTIO
1928 1487 1995 1530 IV.

1339 1599 1401 1634 Αη
1421 1599 1482 1634 hoc
1495 1608 1642 1641 nomen,
1663 1599 1770 1643 Deus,
1788 1608 1856 1644 pro
1872 1606 2027 1643 persona
2046 1599 2246 1642 supponat,
2267 1596 2324 1632 vel

1702 1665 1767 1701 pro
1784 1657 1920 1690 natura
1932 1651 1959 1689 2.

1370 1770 1426 1810 De
1454 1769 1741 1823 suppositione
1765 1768 1898 1821 hujus
1922 1765 2107 1809 nominis
2125 1798 2135 1818 ,
2158 1767 2267 1808 Deus
2275 1781 2293 1814 ;
2309 1767 2350 1807 et

1315 1841 1524 1894 quaeritur
1549 1843 1697 1882 utrum
1732 1840 1813 1880 hoc
1840 1851 1997 1880 nomen
2015 1871 2025 1888 ,
2056 1838 2169 1880 Deus
2185 1870 2195 1889 ,
2228 1838 2279 1879 de
2305 1849 2349 1879 se

1315 1915 1525 1966 supponat
1543 1924 1782 1966 personam,
1799 1911 1868 1953 vel
1881 1913 2097 1951 naturam.
2118 1908 2237 1959 Quod
2258 1922 2350 1963 per-

1316 1996 1480 2036 sonam,
1498 1983 1668 2025 videtur
1681 1996 1756 2037 per
1775 1983 1879 2024 illud
1895 1981 2109 2023 Ambrosii
2128 1981 2174 2035 (c)
2196 1982 2351 2024 :Bene-

1315 2056 1437 2099 dicat
1453 2066 1529 2099 nos
1552 2058 1683 2106 Deus⁵
1707 2056 1819 2097 Deus
1839 2058 2015 2098 noster:
2036 2053 2257 2097 benedicat
2275 2065 2352 2097 nos

1315 2128 1456 2180 Deus‚·
1474 2126 1725 2168 Ambrosius
1743 2139 1753 2166 ε
1775 2141 1794 2164 <‹
1811 2125 1939 2166 Trina
1959 2125 2031 2166 Dei
2052 2126 2254 2178 professio
2272 2127 2352 2166 tri-

1315 2200 1492 2240 nitatem
1524 2199 1680 2240 indicat
1711 2209 1994 2251 personarum
2019 2211 2028 2237 ;
2051 2210 2070 2234 ))
2096 2208 2222 2249 ergo,
2250 2208 2349 2236 cum

1316 2270 1426 2312 Deus
1459 2271 1512 2311 sit
1539 2271 1599 2310 ihi
1631 2270 1719 2310 sine
1751 2269 1978 2322 adjuncto,
2006 2268 2055 2309 [le
2081 2280 2124 2309 se
2149 2268 2351 2322 supponit

1315 2355 1560 2396 personam.

1370 2413 1473 2454 Item
1509 2413 1672 2454 ratione
1709 2412 1907 2465 objicitur
1944 2411 2002 2452 sic
2025 2410 2144 2452 :Hoc
2174 2423 2348 2463 110111011,

1316 2485 1449 2533 homo,
1472 2484 1673 2538 supponit
1692 2496 1769 2537 pro
1791 2483 1910 2524 omni
1930 2495 1980 2524 eo
1995 2515 2004 2533 ,
2031 2483 2100 2523 cui
2128 2482 2236 2523 inest
2263 2482 2351 2523 hu-

1317 2557 1498 2598 manitas
1532 2571 1540 2597 :
1577 2568 1706 2609 ergo,
1740 2568 1764 2596 a
1801 2554 1954 2606 simili,
1989 2556 2030 2595 et
2059 2554 2140 2594 hoc
2174 2565 2348 2605 nomen,

1318 2628 1447 2678 Deus,
1467 2626 1669 2680 supponit
1683 2638 1759 2680 pro
1777 2625 1894 2667 omni
1909 2637 1973 2676 00,
1988 2625 2054 2666 0111
2071 2624 2181 2666 inest
2193 2624 2348 2665 deitas:

1318 2700 1389 2741 sed
1408 2700 1488 2740 hoc
1506 2702 1567 2740 est
1585 2710 1767 2752 persona
1789 2713 1797 2739 :
1823 2709 1942 2750 ergo,
1964 2700 2042 2738 etc.

1372 2771 1491 2822 Item,
1513 2771 1594 2812 hoc
1619 2783 1778 2811 nomen
1796 2803 1805 2821 ‚
1827 2770 1952 2820 Deus,
1978 2768 2190 2821 signifieat
2215 2768 2350 2809 deita-

1317 2846 1403 2885 tem
1434 2844 1480 2883 in
1510 2842 1775 2884 concretione
1796 2857 1804 2884 :
1828 2842 1901 2883 sed
1919 2840 2089 2882 nonnisi
2111 2839 2156 2880 in
2178 2852 2350 2882 concre-

1317 2916 1432 2957 tione
1471 2916 1524 2957 ad
1556 2915 1851 2969 suppositum,
1887 2914 2001 2968 quod
2038 2916 2101 2954 est
2135 2925 2345 2966 persona:

1319 2988 1389 3028 secl
1404 2988 1614 3029 terminus
1627 2990 1848 3028 concretus
1869 2986 2040 3041 proprie
2059 2985 2259 3038 supponit
2272 2997 2349 3039 pro

1319 3072 1383 3109 eo,
1408 3063 1602 3113 respectu
1625 3061 1748 3113 cujus
1768 3059 1970 3112 importat
1990 3058 2192 3106 formam,
2216 3058 2263 3096 ut
2283 3058 2350 3098 al-

1319 3132 1417 3173 bum
1448 3132 1588 3184 magis
1619 3131 1789 3184 proprie
1817 3129 2018 3184 supponit
2046 3140 2122 3182 pro
2155 3140 2200 3169 re
2227 3127 2345 3179 alba,

1318 3216 1447 3258 quam
1471 3215 1547 3257 pro
1566 3203 1703 3244 forma
1723 3217 1731 3243 z
1755 3214 1874 3254 ergo,
1894 3203 1971 3242 etc.

1372 3275 1524 3316 Contra
1546 3288 1554 3314 :
1580 3273 1819 3314 Pronomen
1838 3272 1965 3313 refert
1977 3282 2068 3311 rem
2085 3283 2162 3324 pro
2176 3269 2347 3324 proprio

1317 3347 1534 3401 supposito
1560 3361 1569 3387 z
1598 3347 1671 3388 sed
1702 3358 1800 3388 cum
1833 3344 1990 3386 dicitur
2022 3358 2031 3384 ε
2070 3359 2089 3382 a
2124 3342 2348 3384 Benedicat

1360 3480 1404 3520 (ιι)
1427 3477 1555 3522 Heloz'm
1568 3477 1657 3518 apud
1679 3476 1841 3508 Hebraeos
1860 3474 2045 3506 concordat
2056 3473 2189 3515 plurali,
2201 3473 2345 3515 perinde

1317 3537 1356 3559 ac
1378 3525 1607 3567 5101101011.-
1624 3524 1667 3566 (b)
1695 3524 1788 3556 Edit.
1818 3523 1893 3554 Ven.
1921 3523 2014 3564 1753,
2040 3522 2270 3564 intellectum,
2288 3519 2348 3553 sed

1316 3574 1478 3607 mendose.
1491 3590 1532 3596 -
1549 3573 1585 3615 (c)
1607 3571 1735 3614 Supple
1754 3580 1857 3611 super
1873 3570 1953 3602 illud
1974 3570 2065 3603 Psal.
2083 3578 2177 3612 val,
2193 3571 2224 3601 8.

2397 1772 2444 1800 Ad
2459 1780 2508 1809 op-

2393 1822 2454 1850 pos.

2397 3280 2506 3307 Funda-

2366 3325 2469 3350 menta.
