2570 3986
41 1094 83 1117 tes
101 1088 183 1116 disci-

187 279 238 317 22
814 271 855 312 S.
886 266 1291 311 BONAVENTIJRAE
1320 265 1373 307 ΙΝ
1404 265 1685 308 PROLOGUM

190 365 442 408 simulatam
465 364 666 423 pietatem
688 361 809 406 omni
830 361 1063 406 verborum
1084 356 1308 402 mendacio
1325 356 1505 416 impiam
1520 355 1725 410 reddunt,
1746 355 1865 398 falsa}
1883 353 2090 397 doctrinm
2105 352 2315 396 institutis

193 442 297 485 fidei
319 441 591 485 sanctitatem
612 453 890 498 corrumpere
917 437 1165 490 molientes,
1190 434 1450 493 (aeriumque
1465 433 1744 493 pruriqc'nem
1764 435 1776 457 ¹
1800 431 1881 476 sub
1907 430 2081 474 novello
2108 430 2177 474 sui
2205 429 2315 473 desi-

193 519 303 564 derii
325 519 526 575 dogmate
547 517 644 561 aliis
664 517 932 573 ingerentes,
955 514 1030 574 qui
1048 549 1057 569 ,
1081 511 1348 557 contentioni
1367 512 1604 566 studentes,
1627 516 1774 554 contra
1795 509 2021 553 veritatem
2042 507 2133 552 sine
2152 507 2313 552 foedere

193 596 374 641 bellant.
397 596 515 639 Inter
534 595 626 638 veri
647 608 836 653 namque
859 592 1154 645 assertionem,
1177 595 1218 633 et
1237 588 1384 648 placiti
1404 588 1697 632 defensionem
1718 587 1917 647 pertinax
1941 600 2090 645 pugna
2108 589 2184 641 est,
2207 585 2313 630 dum

195 690 239 718 se
260 679 300 718 et
320 673 480 717 veritas
499 677 631 727 tenet,
655 677 696 715 et
716 686 758 714 se
778 671 981 714 voluntas
1000 668 1158 712 erroris
1179 672 1341 710 tuetur.

255 751 425 795 Ilorum
446 750 581 807 igitur
601 754 641 792 et
664 748 753 791 Deo
781 747 988 791 odibilem
1017 744 1240 789 ecclesiam
1266 749 1487 799 evertere,
1510 749 1639 803 atque
1665 757 1740 787 ora
1769 742 1961 802 oppilare
1979 776 1990 798 ,
2013 757 2067 785 ne
2096 741 2216 786 virus
2244 757 2318 785 ne-

198 829 349 889 quitice
369 829 415 871 111
433 827 540 871 01105
562 825 784 870 effundere
804 830 982 884 queant,
1001 829 1042 867 et
1055 824 1281 867 lucernam
1302 821 1497 865 veritatis
1516 822 1562 865 in
1583 820 1844 865 carmela-bro
1866 824 1877 844 ²
1896 821 2086 864 exaltare
2105 819 2317 874 volentes,

199 907 245 951 in
265 907 410 951 labore
432 905 598 959 multo,
630 918 678 946 ac
698 903 856 946 sudore
882 902 962 945 hoc
989 901 1223 955 volumen,
1255 899 1343 942 Deo
1368 904 1625 958 praestante,
1655 897 1954 957 compegimus
1981 913 2034 941 ex
2062 896 2321 941 testimoniis

49 1005 181 1034 nationes
201 984 391 1029 veritatis
410 983 455 1026 in
474 987 687 1026 aeternum
708 979 918 1035 fundatis,
940 979 984 1022 111
1007 983 1196 1038 quatuor
1220 976 1355 1020 libros
1382 976 1634 1020 distinctum
1659 993 1667 1019 :
1691 976 1738 1019 in
1756 990 1844 1035 quo
1865 975 2081 1034 majorum
2104 974 2319 1034 exempla,

53 1055 153 1075 morell
160 1061 169 1066 ·

201 1062 530 1120 doctrinamque
548 1058 758 1118 reperies;
782 1058 828 1100 in
846 1073 950 1116 quo,
969 1071 1044 1116 per
1064 1054 1293 1099 dominicae
1316 1053 1418 1098 fidei
1437 1054 1649 1098 sinceram
1672 1053 1998 1113 professionem,
2017 1052 2205 1112 viperea}
2224 1052 2323 1096 doc-

42 1131 181 1201 Paufficff
206 1142 327 1185 trinas
349 1137 693 1183 fraudulentiam
714 1135 1003 1195 prodidimus,
1026 1133 1194 1177 aditum
1213 1132 1562 1176 demonstrandae
1581 1131 1776 1176 veritatis
1790 1130 2022 1190 complexi,
2040 1145 2116 1174 nec
2131 1129 2323 1189 periculo

60 1217 163 1292 funiffu}
203 1219 348 1278 impiae
368 1216 645 1277 professionis
665 1214 839 1269 incerti,
864 1218 1100 1272 temperato
1121 1211 1235 1255 inter
1253 1216 1493 1269 utrumque
1515 1209 1811 1252 moderamine
1832 1213 2016 1252 utentes.
2050 1207 2200 1251 Sicubi
2221 1222 2324 1250 vero

43 1301 186 1369 ῑὲζζὴζῐιζῗίξ
206 1312 360 1357 parum
382 1311 466 1340 vox
484 1300 632 1338 nostra
659 1292 883 1347 insonuit,
907 1307 995 1335 11011
1023 1307 1047 1334 0
1077 1289 1268 1349 paternis
1295 1287 1487 1332 discessit
1512 1287 1742 1330 limitibus.
1776 1305 1797 1328 «
1818 1286 1916 1330 Non
1943 1286 2079 1344 igitur
2102 1285 2228 1328 debet
2255 1284 2326 1327 hic

43 1392 185 1462 {2323ss
204 1375 325 1418 labor
344 1373 549 1432 cuiquam
570 1372 723 1431 pigro,
746 1369 815 1415 vel
836 1369 1027 1412 multum
1054 1367 1178 1411 docto
1204 1366 1344 1411 videri
1364 1365 1639 1425 superfluus,
1662 1379 1763 1408 eum
1785 1364 1934 1407 multis
1961 1363 2160 1423 impigris
2179 1397 2188 1418 ,
2212 1362 2326 1406 mul-

205 1453 345 1512 tisque
367 1452 571 1506 indoctis,
593 1450 706 1494 inter
733 1464 843 1509 quos
863 1448 992 1492 etiam
1014 1452 1054 1491 et
1076 1446 1210 1501 mihi,
1233 1445 1288 1489 sit
1307 1444 1573 1488 necessarius
1591 1446 1604 1467 ³
1619 1479 1631 1496 ,
1655 1441 1779 1486 brevi
1805 1441 2030 1486 volumine
2060 1441 2326 1500 complicans

204 1532 383 1575 Patrum
405 1528 675 1584 Sententias,
699 1527 904 1587 appositis
925 1541 1076 1570 eorum
1098 1523 1383 1580 testimoniis,
1404 1528 1454 1566 ut
1474 1538 1563 1566 non
1591 1521 1645 1565 sit
1673 1535 1842 1565 necesse
1866 1519 2082 1579 qua->renti
2109 1519 2326 1563 librorum

203 1608 560 1652 numerositatem
581 1607 799 1661 evolvere,
821 1604 893 1649 cui
918 1603 1123 1660 brevitas,
1146 1602 1264 1663 quod
1290 1601 1523 1661 quceritur,
1547 1600 1674 1644 offert
1696 1599 1788 1642 sine
1811 1598 1975 1642 labore.
1998 1598 2049 1640 In
2078 1597 2159 1641 hoc
2180 1602 2327 1641 autem

205 1692 386 1731 tractatu
416 1701 505 1729 non
537 1686 683 1728 solum
712 1684 835 1743 pium
867 1683 1070 1726 lectorem
1085 1717 1095 1737 ,
1119 1681 1192 1725 sed
1211 1680 1342 1724 etiam
1369 1679 1561 1722 liberum
1585 1682 1871 1722 correctorem
1896 1675 2116 1730 desidero,
2140 1675 2329 1719 maxime

205 1765 281 1809 ubi
301 1764 518 1824 profunda
538 1768 737 1808 versatur
758 1761 951 1806 veritatis
970 1759 1169 1820 quaestio,
1192 1773 1291 1818 (111εο
1313 1753 1481 1801 utinam
1503 1761 1565 1800 tol:
1584 1755 1762 1800 haberet
1782 1754 2049 1810 inventores,
2073 1757 2180 1813 quot
2202 1752 2332 1796 habet

202 1842 552 1887 contradictores.
575 1841 634 1885 [t
653 1846 799 1883 autem
821 1839 938 1898 quod
959 1837 1196 1898 quaeritur,
1217 1836 1389 1880 facilius
1418 1839 1640 1890 occurrat,
1664 1832 1838 1889 titulos,
1862 1831 2024 1891 quibus
2051 1830 2330 1889 singulorum

200 1921 416 1966 librorum
435 1918 625 1979 capitula
642 1917 993 1975 distinguuntur,
1014 1913 1320 1975 praemisimus.

459 2081 733 2125 EXPOSthO
763 2079 965 2124 TEXTUS

365 2191 548 2234 Cupientes
579 2191 707 2233 aliquid
739 2191 780 2222 de
810 2189 969 2231 penuria,
1003 2191 1067 2221 etc.

653 2299 794 2323 DIVISIO.

254 2371 388 2413 Totali
403 2371 510 2412 libro
529 2369 750 2424 praemittit
767 2368 966 2420 Magister
981 2366 1228 2419 Prologum,

201 2446 245 2486 in
268 2457 354 2497 quo
376 2443 513 2495 tangit
541 2454 689 2483 causas
717 2440 903 2494 suscepti
932 2439 1090 2493 Operis.
1114 2437 1233 2479 Divi-

201 2517 315 2558 ditur
334 2519 478 2557 autem
504 2515 550 2555 in
573 2514 678 2555 duas
707 2516 860 2567 partes.
889 2512 936 2553 In
956 2511 1095 2565 prima
1113 2512 1231 2564 parte

201 2589 319 2642 ponit
335 2588 532 2637 rationes,
555 2600 652 2640 quae
674 2588 902 2627 moverunt
920 2585 1062 2638 ipsum
1079 2583 1131 2625 ad
1153 2595 1234 2635 ag-

202 2661 484 2714 grediendum
509 2671 696 2713 praesens
722 2658 970 2710 negotium,
998 2656 1088 2697 sive
1108 2668 1229 2709 opus.

203 2733 250 2774 ln
266 2733 463 2783 secunda,
483 2731 666 2772 rationes
680 2743 776 2784 qum
792 2730 946 2771 debent
963 2741 1134 2770 movere
1153 2728 1233 2769 dis-

202 2805 234 2846 ci
242 2805 361 2858 pulos
378 2805 430 2845 ad
447 2803 634 2856 benigne
653 2802 929 2852 audiendum,
949 2801 1058 2841 circa
1070 2801 1200 2841 finem
1221 2815 1229 2841 ;

201 2877 253 2918 In
289 2887 369 2930 quo
397 2876 634 2929 majorum,
667 2877 763 2925 etc.,
795 2873 868 2914 ubi
899 2872 1046 2926 incipit
1076 2872 1233 2925 alloqui

202 2949 426 2990 auditores.
450 2948 592 2988 Prima
611 2959 708 3001 pars
722 2946 923 2987 dividitur
938 2945 1116 2995 induas,
1132 2943 1234 2998 quia

202 3021 361 3074 duplex
379 3021 485 3061 ratio
505 3022 640 3074 potest
658 3031 830 3061 movere
851 3017 1036 3071 aliquem
1053 3017 1106 3058 ad
1126 3028 1233 3070 opus

201 3093 456 3143 faciendum,
471 3093 624 3134 scilicet
634 3104 755 3134 amor
767 3091 884 3142 boni,
902 3090 1101 3131 etodium
1113 3089 1230 3131 mali.

202 3165 345 3207 Primo
368 3177 472 3218 ergo
495 3165 612 3218 ponit
630 3165 814 3206 rationes
832 3164 1022 3216 sumptas
1044 3174 1097 3202 ex
1115 3164 1234 3215 parte

201 3239 358 3281 amoris
378 3238 499 3288 boni,
521 3238 677 3279 scilicet
696 3237 911 3278 catholicae
933 3235 1134 3278 veritatis.
1157 3235 1231 3276 Se-

201 3311 340 3353 cundo
362 3323 416 3352 ex
436 3312 553 3364 parte
582 3310 668 3351 odii
694 3310 817 3361 mali,
840 3309 995 3351 scilicet
1018 3308 1231 3349 haereticze

201 3383 434 3437 pravitatis,
447 3383 526 3424 ibi:
545 3382 1135 3435 01111111οῑ3ηοηαὶηόῑῃαῒηαε,
1150 3382 1228 3421 etc.

202 3454 344 3497 Prima
380 3467 478 3509 pars
514 3454 642 3496 habet
677 3457 862 3506 quatuor
899 3452 1142 3507 particulas.
1183 3451 1231 3492 In

246 3563 257 3584 ¹
275 3564 299 3594 ll
322 3563 473 3601 Timolh„
496 3570 541 3603 lv,
561 3564 641 3594 3.—
659 3562 820 3600 2.h'atllt.,
843 3570 878 3601 v,
909 3564 959 3596 llj,
980 3579 1013 3583 -
1032 3562 1044 3584 9
1061 3562 1109 3593 lix
1131 3563 1228 3602 Aug„

205 3611 264 3644 lib.
288 3613 327 3644 lll
356 3611 394 3643 cle
416 3611 551 3651 Trz'uz't„
579 3611 613 3644 111
636 3610 821 3644 Ρῖοωςιυίῡ.

1306 2077 1444 2132 prima
1462 2076 1600 2129 tangit
1618 2087 1789 2117 causam
1812 2073 2081 2124 excitantem,
2100 2075 2141 2115 01
2158 2074 2251 2115 haec
2271 2077 2333 2116 est

1306 2149 1565 2190 desiderium
1592 2147 1823 2196 mercedi5‚
1854 2148 1896 2188 et
1929 2158 2024 2199 spes
2053 2146 2224 2196 auxilii,
2253 2147 2334 2188 sub

1306 2222 1502 2275 exemplo
1519 2221 1663 2263 viduae
1678 2252 1688 2270 ,
1712 2221 1754 2260 et
1776 2218 1976 2273 parabola
1995 2217 2264 2260 Samaritani.
2288 2218 2335 2260 In

1306 2294 1491 2335 secunda
1526 2293 1646 2347 ponit
1677 2303 1851 2333 causam
1887 2290 2202 2340 retrahentem,
2238 2303 2336 2344 quae

1307 2366 1465 2420 duplex
1496 2368 1580 2415 051,
1613 2364 1767 2405 seilicet
1793 2362 1948 2404 laboris
1975 2362 2260 2411 immensitas,
2296 2365 2338 2403 et

1306 2438 1478 2492 propria
1499 2436 1738 2487 infirmitas,
1759 2436 1819 2477 ibi
1841 2449 1850 2476 :
1878 2435 2056 2478 Delectat*
2075 2445 2166 2485 7208,
2188 2438 2265 2477 etc.
2289 2434 2336 2475 ln

1306 2510 1429 2551 tertia
1458 2509 1578 2563 ponit
1604 2520 1777 2549 causam
1808 2507 2140 2561 propellentem3
2174 2509 2215 2547 et
2244 2506 2338 2547 haec

1307 2585 1369 2623 est
1387 2581 1501 2622 zelus
1523 2581 1666 2634 ipsum
1696 2579 1945 2630 accendens,
1967 2578 2025 2619 ibi
2048 2593 2057 2619 ι
2084 2579 2216 2626 Quam
2239 2579 2336 2620 vin-

1307 2655 1365 2696 cz'c
1388 2653 1522 2697 zelus.
1552 2652 1600 2693 In
1623 2653 1773 2705 quarta
1797 2650 1917 2704 ponit
1944 2662 2117 2691 causam
2151 2649 2339 2703 compel-

1307 2726 1486 2777 lentem,
1516 2726 1557 2766 et
1580 2722 1909 2778 prcevalentem,
1938 2721 1996 2762 ibi
2029 2735 2038 2762 :
2067 2721 2163 2763 Non
2190 2721 2338 2763 valen-

1309 2805 1392 2851 tes,
1413 2801 1510 2849 etc.;
1540 2800 1580 2838 et
1605 2797 1698 2838 haec
1722 2798 1784 2837 est
1802 2794 1946 2849 petitio
1965 2795 2145 2835 fratrum
2174 2794 2338 2836 studio-

1308 2884 1469 2923 sorum,
1486 2870 1641 2924 quibus
1655 2881 1740 2909 non
1755 2870 1890 2922 potest
1903 2866 1997 2920 quis
2010 2867 2110 2920 jure
2127 2866 2334 2917 resistere,

1308 2944 1380 2985 sed
1397 2943 1582 2998 quodam
1602 2941 1727 2983 modo
1746 2939 1983 2982 necessario
2002 2940 2164 2992 oportet
2181 2938 2337 2980 collum

1309 3018 1530 3071 subjicere.

1561 3147 1716 3185 DUBIA
1750 3144 2076 3183 LlTTERALlA.

1746 3266 1837 3296 DUB.
1868 3264 1896 3293 Ι.

1338 3358 1428 3399 Opus
1449 3356 1535 3388 ultra
1554 3354 1643 3387 vires
1661 3355 1793 3387 nostras
1813 3360 1913 3394 agere
1929 3350 2220 3393 praesumpsimus,
2241 3351 2328 3397 01041

1361 3450 1437 3490 Hic
1455 3448 1654 3502 objicitur
1676 3460 1687 3488 ε
1706 3443 1987 3498 PraesumptIO
2007 3444 2070 3484 051
2086 3444 2331 3497 peceatum:

1306 3535 1410 3575 ergo
1427 3520 1629 3576 peccavit.

1359 3595 1481 3648 ltesp.
1500 3591 1582 3635 Est
1611 3590 1883 3646 praesumptio
1910 3586 2173 3639 confidentiae
2199 3585 2249 3628 de
2270 3584 2335 3627 di-
