2613 3990
1089 297 1341 340 DISTINCT.
1374 296 1424 337 ΙΙ.
2268 300 2318 338 49

196 394 334 435 Tertio
361 394 596 435 secundum
618 391 728 445 quod
758 389 933 440 credita,
956 391 996 429 et
1014 387 1223 429 intellecta

196 466 498 507 rationabiliter
547 467 588 506 et
633 461 832 503 catholice
875 460 926 511 (a)
969 459 1223 512 exprimitur

198 537 353 588 (infra,
380 538 564 578 distinct.
600 546 711 584 xxn,
739 533 836 575 Post
868 531 1075 584 proedtcta
1101 530 1222 572 nobis

195 609 490 651 disserendam
516 606 685 649 videtur
712 604 763 646 de
791 604 1013 646 nominum
1041 602 1223 644 (liversi-

197 681 316 734 tate).
352 680 402 721 Et
426 682 538 733 patet
569 677 670 718 ordo
701 691 708 717 :
740 676 858 729 prius
875 675 990 716 enim
1019 678 1059 715 et
1081 674 1224 716 verius

198 756 259 793 est
290 764 383 793 eam
420 750 615 800 credere,
652 760 783 801 quam
807 747 1070 798 intelligere3
1101 745 1225 786 multi

197 824 311 865 enim
335 822 510 864 credunt
539 821 716 874 quinon
745 818 992 871 intelligunt
1014 830 1024 858 ε
1049 821 1089 858 et
1107 817 1225 870 prius

198 895 388 936 similiter
407 895 469 934 est
492 892 750 944 intelligere,
777 902 907 944 quam
931 901 1124 931 sermone
1150 901 1225 930 ex-

197 967 394 1020 primere.
439 963 582 1005 Prima
627 975 746 1017 pars,
791 962 945 1003 scilicet
991 961 1226 1003 secundum

198 1037 312 1091 quod
328 1035 527 1086 creditur,
562 1035 748 1076 continet
774 1035 1026 1087 praesentem
1051 1033 1225 1074 distinc-

196 1110 355 1150 tionem
379 1123 388 1149 :
411 1111 451 1148 et
467 1107 670 1161 quoniam
686 1105 862 1147 materia
888 1109 949 1146 est
967 1105 1225 1154 difficillima,

198 1181 336 1233 primo
369 1179 488 1229 ponit
523 1179 699 1219 modum
739 1178 1011 1231 procedendi,
1046 1177 1228 1218 secundo

199 1264 300 1293 vero
327 1251 555 1304 exequitur
588 1250 661 1303 (ibi
698 1264 706 1290 z
735 1250 1024 1303 Proponamus
1056 1260 1149 1302 erqo
1180 1250 1229 1291 in

197 1322 412 1374 mediam).

253 1395 357 1436 Item
395 1395 534 1448 prima
570 1406 667 1446 pars
707 1393 833 1434 habet
866 1395 951 1434 tres
987 1394 1140 1446 partes.
1181 1393 1230 1434 In

200 1467 351 1521 prima,
373 1466 591 1520 praemisso
611 1465 819 1518 prooemio
837 1464 886 1505 de
914 1465 1113 1518 mysterio
1132 1464 1229 1505 Tri-

200 1539 341 1580 nitatis
377 1542 418 1579 et
453 1537 645 1588 Unitatis,
684 1537 824 1589 tangit
860 1537 1036 1577 modum
1073 1536 1230 1589 agendi

205 1611 428 1664 (Quoniam
444 1609 561 1652 debet
585 1619 669 1651 esse
690 1620 784 1650 cum
806 1608 1036 1659 modestia,
1059 1609 1227 1660 timore,

202 1685 241 1725 et
273 1682 533 1735 diliyentt'a),
567 1681 828 1734 praemittens
863 1681 1090 1722 materiam
1121 1681 1230 1722 circa

204 1767 333 1807 quam
355 1766 481 1806 agere
497 1753 689 1794 intendit.
718 1753 765 1793 In
785 1753 983 1805 secunda,
1005 1753 1231 1807 subJungit

203 1828 482 1869 intentionem
511 1828 784 1868 scribentium
816 1828 866 1869 de
889 1827 1093 1869 Trinitate
1114 1827 1196 1879 (ibi
1219 1842 1228 1868 t

208 1900 358 1942 Omnes
382 1905 523 1942 autem
546 1899 746 1942 catholici
769 1899 1053 1953 tractatores).
1074 1899 1229 1951 Tertio,

203 1972 339 2023 tangit
352 1971 540 2012 ordinem
560 1971 631 2022 (ihi
647 1984 657 2012 z
675 1972 878 2014 Creteram
897 1977 943 2014 ut
956 1973 1004 2014 tn
1017 1973 1157 2025 primo
1174 1973 1231 2014 lt-

205 2043 304 2096 bro).
328 2042 474 2084 Modus
493 2043 702 2085 scribendi
719 2044 770 2085 de
783 2043 986 2085 Trinitate
1004 2044 1125 2085 debet
1144 2056 1232 2085 esse

203 2114 403 2155 fundatus
423 2127 551 2168 supra
567 2115 826 2157 intellectum
846 2115 959 2167 fidei,
979 2119 1019 2156 et
1033 2128 1133 2156 cum
1145 2128 1233 2157 mo-

202 2185 333 2227 destia
351 2189 392 2227 et
409 2187 576 2239 timore,
591 2190 761 2241 propter
772 2187 1025 2241 periculum.
1050 2187 1231 2229 Intentio

203 2257 480 2299 scribentium
499 2258 550 2300 de
565 2257 768 2300 Trinitate
786 2262 862 2309 est,
891 2259 1005 2313 quod
1026 2259 1163 2309 Pater,
1192 2262 1233 2301 et

203 2329 350 2382 Filius,
371 2333 409 2372 et
429 2331 608 2385 Spiritus
619 2335 788 2373 sanctus
801 2335 900 2373 sunt
918 2335 1003 2373 tres
1022 2343 1229 2386 personae,

205 2405 246 2442 et
263 2415 378 2444 unus
392 2403 514 2445 Deus.
539 2396 647 2445 Ordo
667 2404 876 2445 scribendi
896 2408 978 2455 est,
993 2404 1132 2458 primo
1157 2417 1233 2458 per

205 2475 476 2516 auctoritates
493 2476 710 2517 ostendere
734 2476 971 2525 veritatem,
990 2475 1138 2517 deinde
1159 2488 1233 2529 per

205 2547 387 2589 rationes
406 2550 446 2589 et
464 2560 678 2600 congruas
700 2548 1011 2589 similitudines.
1033 2548 1233 2589 Similiter

205 2619 389 2660 secunda
403 2631 514 2679 pars,
536 2619 582 2660 in
593 2633 677 2673 qua
690 2620 890 2673 Magister
909 2620 1232 2662 auctoritatibus

204 2702 335 2732 sacrae
364 2690 593 2744 Scripturae
612 2692 793 2733 intendit
810 2692 1028 2734 ostendere
1047 2691 1232 2733 Trinita-

202 2764 290 2803 tem
314 2765 355 2804 et
371 2762 582 2805 Unitatem
595 2796 605 2816 ,
625 2764 753 2806 habet
771 2765 876 2806 duas
897 2767 1051 2818 partes,
1080 2776 1233 2806 secun-

203 2834 308 2875 dum
327 2835 440 2888 quod
457 2847 576 2877 sacra
585 2836 802 2890 Scriptura
813 2837 940 2878 habet
958 2837 1064 2878 duas
1077 2840 1230 2890 parteS,

204 2905 360 2947 scilicet
376 2905 561 2960 Novum,
580 2911 621 2949 et
636 2908 762 2949 Vetus
783 2907 1114 2950 Testamentum.
1136 2908 1233 2950 Ideo

203 2977 342 3030 primo
367 2979 546 3020 ostendit
570 2979 650 3021 hoc
677 2992 752 3034 per
777 2980 1045 3022 auctoritates
1073 2980 1234 3023 Veteris

204 3047 472 3102 Testamenti,
483 3051 632 3093 deinde
645 3063 719 3104 per
731 3052 999 3093 auctoritates
1011 3051 1119 3093 Novi
1133 3052 1206 3106 (ibi
1221 3067 1230 3094 ε

205 3120 328 3164 Nunc
347 3133 444 3165 vero
458 3127 554 3176 post
570 3124 817 3166 testimonia
828 3155 841 3175 ,
858 3124 950 3177 etc.)
966 3124 1016 3165 Et
1029 3124 1233 3177 quoniam

206 3190 333 3234 Vetus
348 3193 664 3237 Testamentum
681 3196 786 3237 duas
804 3195 930 3238 habet
948 3200 1100 3250 partes,
1123 3197 1235 3238 scili-

208 3266 271 3304 cet
289 3264 444 3318 Legem
456 3299 466 3317 ,
486 3269 528 3308 et
546 3267 789 3321 Prophetas,
805 3267 850 3308 in
869 3268 1024 3321 quibus
1039 3269 1142 3310 fides
1158 3281 1234 3310 ex-

207 3334 399 3387 plicatur,
422 3337 516 3380 ideo
538 3340 719 3381 ostendit
745 3339 883 3393 primo
906 3353 981 3394 per
993 3340 1233 3382 testimonia

208 3403 359 3458 Legis3
380 3410 561 3451 secundo
575 3423 650 3464 per
661 3411 902 3453 testimonia
926 3411 1233 3466 Prophetarum

212 3476 299 3529 (ihi
338 3489 349 3518 :
381 3479 456 3522 Ille
485 3483 615 3525 ettam
644 3485 863 3526 maximus
890 3484 1232 3538 prophetarum).

125 3596 131 3605 1
207 3546 351 3590 Prima
365 3549 520 3593 iterum
533 3566 644 3607 pars,
665 3555 711 3596 in
726 3561 811 3609 qua
838 3555 989 3609 probat
1011 3569 1088 3610 per
1117 3557 1235 3599 testi-

251 3632 297 3675 (a)
313 3633 377 3666 Ed.
403 3634 478 3669 Ven.
497 3637 575 3668 1753
596 3637 692 3671 habet
712 3640 898 3683 catholicae,
916 3639 974 3673 sed
991 3640 1152 3674 mendose.

418 3705 518 3738 ΤΟΜ.
549 3707 579 3738 1.

1298 385 1442 428 monia
1457 384 1596 437 Legis,
1614 385 1719 426 duas
1734 384 1861 425 habet
1870 387 2008 438 partes
2029 386 2189 438 :primo
2205 388 2319 428 enim

1296 458 1445 512 probat
1477 456 1666 498 essentiae
1701 456 1928 507 unitatem3
1959 458 2143 499 secundo
2172 457 2320 500 Unita-

1296 532 1382 570 tem
1402 528 1555 579 simul,
1580 530 1621 568 et
1639 527 1889 569 Trinitatem
1911 527 1986 580 (ibi
2009 541 2019 569 ;
2041 529 2321 572 Personarum

1297 611 1458 655 qaoque
1484 599 1806 654 pluralitatem).
1834 599 2034 641 Similiter
2056 599 2126 641 illa
2151 613 2247 654 pars
2273 602 2322 643 de

1294 672 1545 714 testimoniis
1566 673 1870 727 prophetarum
1883 672 2009 713 habet
2033 672 2137 714 duas
2158 675 2321 725 partes:

1297 744 1342 785 in
1362 744 1501 798 prima
1530 745 1678 798 probat
1700 744 1892 786 essentiae
1916 743 2143 794 unitatem,
2166 747 2206 785 et
2224 757 2323 798 per—

1298 828 1501 857 sonarum
1517 815 1803 869 pluralitatem
1819 816 1864 857 in
1880 815 2119 867 communi3
2142 816 2325 857 secundo

1299 900 1401 930 vero
1423 887 1655 941 specialiter
1674 887 1853 928 ostendit
1873 887 1970 929 Filii
1989 887 2324 941 generationem,

1301 962 1341 1001 et
1364 959 1544 1013 Spiritus
1567 959 1700 1000 sancti
1722 960 2031 1013 processionem
2054 960 2132 1013 (ibi
2154 975 2162 1002 z
2185 960 2329 1003 David

1301 1042 1462 1084 qaoque
1484 1035 1686 1074 aeternam
1702 1031 1810 1074 Ftttz·
1827 1033 2178 1085 generationem).
2200 1031 2329 1073 Simi-

1301 1102 1396 1143 liter
1425 1103 1496 1143 illa
1524 1115 1642 1156 pars,
1675 1103 1720 1143 in
1751 1115 1836 1156 qua
1863 1103 2012 1157 probat
2039 1116 2114 1158 per
2141 1104 2327 1145 auctori-

1302 1177 1406 1215 tates
1422 1173 1531 1216 Novi
1553 1173 1833 1225 Testamenti,
1862 1175 1990 1216 habet
2019 1175 2124 1217 duas
2148 1178 2287 1229 partes
2318 1191 2326 1217 :

1303 1246 1441 1299 primo
1472 1246 1588 1287 enim
1624 1247 1772 1300 probat
1801 1259 1876 1301 per
1911 1246 2200 1299 auctoritates,
2242 1247 2332 1290 sive

1303 1330 1379 1371 per
1417 1317 1656 1359 testimonia
1699 1318 1798 1360 Jesu
1837 1318 2009 1370 Christi;
2045 1318 2228 1361 secundo
2256 1331 2333 1373 per

1303 1389 1571 1431 auctoritates
1592 1391 1880 1443 apostolorum
1901 1391 1977 1445 (ibi
1999 1405 2008 1432 ε
2030 1391 2214 1434 Joannes
2235 1402 2334 1445 quo—

1303 1462 1445 1513 quein
1465 1463 1664 1515 epistola,
1681 1464 1775 1514 etc).
1796 1463 2076 1504 Auctoritates
2092 1496 2102 1515 ,
2124 1467 2165 1505 et
2182 1475 2333 1505 earum

1304 1533 1623 1586 explanationes
1639 1567 1649 1586 ,
1675 1537 1715 1576 et
1733 1546 1965 1585 numerUS,
1988 1536 2028 1576 et
2046 1534 2331 1587 diversitateS,

1305 1604 1406 1645 satis
1429 1607 1574 1659 patent
1600 1606 1647 1647 in
1670 1605 1823 1648 littera.

1601 1756 1734 1793 DUBIA
1759 1756 2019 1793 LITTERALIA
2027 1783 2035 1792 .

1750 1882 1840 1912 DUB.
1864 1882 1893 1910 1.

1516 1967 1764 2008 Purgatissimis
1777 1968 1950 2001 mentibus
1967 1968 2127 2002 cernitur.

1359 2052 1534 2095 Videtur
1551 2055 1630 2095 hoc
1647 2055 1757 2096 male
1774 2055 1910 2097 dicere
1921 2088 1931 2106 ,
1948 2057 2048 2110 quia
2064 2056 2184 2098 nulla
2197 2068 2334 2108 mens,

1306 2125 1410 2166 dum
1438 2128 1500 2166 est
1525 2125 1569 2166 in
1594 2126 1683 2178 via,
1708 2127 2013 2185 purgatissima
2039 2129 2123 2179 est,
2147 2128 2217 2169 sed
2246 2131 2338 2169 tan-

1304 2198 1397 2238 tum
1419 2197 1462 2237 in
1481 2197 1631 2251 patria.

1366 2268 1488 2323 Resp.
1526 2269 1789 2322 Dicendum,
1830 2270 1944 2323 quod
1984 2282 2129 2323 mens,
2167 2271 2221 2313 ad
2257 2270 2338 2314 hoc

1305 2341 1419 2394 quod
1445 2340 1580 2382 Deum
1609 2341 1920 2395 contempletur
1945 2343 2146 2396 perfecte,
2176 2343 2338 2396 indiget

1305 2413 1484 2465 purgari
1528 2413 1667 2466 quoad
1712 2413 1973 2455 intellectum
2014 2416 2054 2455 et
2091 2414 2289 2456 affectum
2324 2427 2335 2456 z

1305 2484 1400 2525 ideo
1437 2483 1535 2526 dicit
1563 2495 1637 2537 per
1661 2483 1887 2536 justitiam
1912 2485 2040 2538 fidei,
2072 2486 2115 2528 id
2147 2489 2230 2538 est,
2263 2500 2337 2540 per

1305 2556 1434 2596 fidem
1462 2567 1559 2608 quae
1589 2556 1686 2596 facit
1705 2557 1873 2609 justum
1891 2557 1936 2597 in
1966 2570 2119 2611 opere:
2139 2561 2179 2599 et·
2202 2571 2277 2611 per
2295 2571 2339 2600 se

1305 2630 1464 2680 purgat
1488 2627 1773 2680 intellectum3
1802 2628 1874 2670 sed
1895 2629 2083 2682 Justitia,
2118 2630 2335 2672 affectum.

1307 2697 1536 2753 Utriusque
1551 2703 1695 2741 autem
1710 2701 1976 2754 purgationis
1992 2701 2147 2755 triplex
2162 2704 2224 2743 est
2240 2713 2338 2755 gra-

1306 2770 1400 2811 dus.
1437 2770 1545 2812 Nam
1581 2772 1817 2813 intellectus
1852 2775 2064 2826 purgatus
2108 2775 2198 2825 est,
2236 2786 2335 2815 cum

1306 2841 1565 2884 abstrahitur
1598 2856 1624 2884 a
1655 2844 1924 2886 sensibilibus
1956 2844 2194 2898 speciebus3
2229 2857 2336 2898 pur-

1307 2913 1462 2967 gatior,
1491 2927 1590 2956 cum
1616 2915 1849 2957 mundatur
1876 2928 1901 2957 a
1924 2915 2198 2969 phantasticis
2228 2916 2336 2958 ima-

1307 2984 1505 3038 ginibus3
1531 2987 1884 3039 purgatissimus,
1906 2999 2006 3028 cum
2025 3000 2051 3028 a
2070 2987 2256 3041 physicis
2272 3000 2338 3029 ra-

1306 3056 1509 3098 tionibuS.
1544 3057 1705 3099 Gradus
1736 3058 2003 3111 purgationis
2031 3059 2208 3101 affectus
2240 3062 2339 3101 sunt

1306 3127 1375 3168 isti
1398 3143 1407 3170 ;
1429 3131 1638 3182 purgatus
1657 3132 1719 3170 est
1738 3129 1928 3181 affectus,
1948 3143 2048 3172 cum
2068 3131 2300 3173 mundatur
2314 3144 2338 3172 a

1308 3199 1452 3253 culpa3
1492 3200 1728 3253 purgatior,
1766 3213 1867 3242 oum
1893 3215 1919 3243 a
1946 3202 2138 3256 sequela3
2171 3215 2336 3256 purga-

1306 3271 1514 3323 tissimus,
1534 3285 1632 3313 cum
1650 3273 1703 3313 ab
1723 3273 1941 3316 occasione
1963 3274 2064 3326 (hoc
2082 3278 2225 3316 autem
2244 3286 2339 3328 pos-

1307 3342 1425 3384 sibile
1444 3346 1506 3384 est
1535 3343 1627 3384 fieri
1653 3344 1698 3384 in
1725 3344 1796 3387 via
1819 3359 1827 3386 ε
1851 3345 1944 3387 ideo
1970 3346 2069 3387 dicit
2098 3345 2333 3399 Magister:

1309 3414 1639 3468 Purgatisst'mz‘s
1671 3416 1904 3469 mentibus,
1938 3417 2069 3471 etc.);
2103 3419 2145 3460 et
2179 3417 2225 3458 in
2257 3417 2339 3459 hoc

1309 3488 1422 3528 statu
1438 3486 1617 3528 idoneus
1636 3491 1699 3530 est
1723 3488 2016 3543 contemplari.
