2613 3990
230 241 307 278 410

227 327 370 367 munis
392 341 401 367 ι
421 327 492 367 sed
512 330 655 368 tamen
673 327 780 368 alius
798 326 949 367 modus
966 328 1251 368 communita-

228 397 278 436 tis
298 400 357 437 est
377 397 421 437 in
438 399 637 449 essentia,
662 400 702 438 et
722 409 926 450 persona3
949 401 990 438 et
1008 399 1081 451 huj
1091 411 1139 439 us
1164 398 1252 450 sig-

227 481 331 509 num
369 472 430 509 est
466 470 579 522 quod
612 470 875 522 plurificatur
920 482 1124 522 persona,
1166 482 1251 510 non

227 540 405 580 essentia
429 555 437 580 z
468 540 701 581 diti'ercntia
728 542 870 580 autem
897 542 1253 581 communitatum

227 611 466 652 differenter
511 612 713 664 accipitur
750 624 774 651 a
804 611 996 652 diversis.
1042 612 1251 661 Quidam²

228 683 343 722 enim
363 683 509 724 dicunt
538 683 650 736 quod
683 673 904 735 dupliciter
931 683 1140 735 contingit
1171 683 1253 723 ali-

230 755 335 808 quid
354 768 440 796 esse
458 768 698 806 commune,
721 755 875 795 scilicet
894 755 1126 796 secundum
1147 756 1255 808 posi-

232 826 409 876 tionem,
432 831 471 867 01,
502 826 739 867 secundum
766 827 1050 879 privationem
1077 839 1254 867 :secun-

233 898 336 937 dum
367 898 630 950 positionem,
654 898 799 938 dicunt
827 898 985 938 animal
1017 911 1104 939 esse
1135 911 1254 939 com-

234 982 363 1009 mune
395 969 445 1009 ad
474 969 706 1020 hominem,
736 973 776 1010 et
807 970 996 1020 asinum3
1020 971 1256 1011 secundum

232 1042 512 1093 privationem
544 1055 659 1092 vero,
693 1046 741 1082 ut
768 1055 852 1083 uon
872 1043 1028 1083 animal
1055 1046 1115 1083 est
1147 1055 1258 1084 com-

232 1125 359 1153 111000
388 1113 439 1153 ad
471 1114 651 1166 lapidem
684 1117 724 1154 et
753 1114 803 1154 ad
836 1115 1020 1166 lignum.
1044 1114 1094 1154 Et
1113 1115 1259 1155 dicunt

230 1184 341 1236 quod
362 1185 644 1225 communitas
672 1185 907 1226 secundum
927 1186 1178 1238 positionem
1197 1189 1259 1226 est

232 1257 275 1296 111
294 1260 444 1297 natura
464 1261 503 1297 et
523 1260 716 1306 essentia,
742 1260 781 1297 et
801 1258 844 1297 in
867 1258 1040 1298 nomine
1057 1258 1138 1299 hoc
1168 1258 1258 1311 sig-

231 1328 456 1379 nificante,
479 1330 761 1369 communitas
782 1341 882 1369 vero
907 1330 1142 1370 secundum
1172 1330 1259 1383 pri-

232 1400 443 1440 vationem
474 1404 535 1441 est
565 1401 611 1441 in
639 1413 831 1453 persona,
854 1401 954 1453 quia
981 1401 1135 1442 dicitur
1165 1414 1258 1454 per-

231 1484 335 1512 sona
353 1472 473 1525 quasi
494 1472 922 1521 incommunicabilis,
945 1473 986 1513 id
1007 1476 1083 1524 est,
1105 1485 1259 1513 secun-

231 1543 335 1583 dum
356 1543 637 1596 privationem
657 1544 988 1584 communitatis.
1014 1544 1095 1584 Alii
1115 1545 1261 1586 dicunt

232 1615 343 1667 quod
363 1615 518 1667 duplex
539 1619 600 1656 est
629 1616 911 1656 communitas
932 1628 943 1656 ε
973 1616 1173 1669 quaedam
1194 1629 1260 1657 se-

232 1685 421 1726 cundum
456 1686 659 1727 unitatem
692 1690 858 1727 naturae
887 1687 1112 1738 absolutae,
1141 1699 1262 1740 (11101-

232 1757 328 1797 dam
371 1759 607 1799 secundum
639 1759 962 1799 similitudinem
999 1759 1261 1800 habitudinis

232 1832 500 1881 comparatae.
530 1829 822 1870 Communitas
855 1830 1093 1870 secundum
1126 1830 1261 1871 unita-

232 1903 317 1940 tem
346 1904 512 1941 naturae
541 1901 743 1942 absolutae
761 1933 771 1950 ,
805 1904 865 1942 est
898 1902 1141 1942 humanitas
1177 1913 1262 1943 res-

231 1974 354 2024 pectu
375 1971 486 2012 Petri
518 1975 559 2013 et
579 1972 721 2023 Pauli,
743 1973 845 2026 quia
875 1986 961 2014 una
982 1976 1136 2014 natura
1163 1974 1260 2014 uni-

230 2043 406 2083 versalis
424 2044 636 2097 reperitur
655 2044 702 2084 111
731 2045 948 2097 utrisque;
977 2045 1262 2087 communitas

238 2127 336 2155 vero
367 2116 602 2156 secundum
640 2116 963 2157 similitudinem
1000 2117 1261 2158 habitudinis

230 2186 394 2238 relatae,
418 2190 479 2228 est
498 2188 567 2228 illa
587 2200 684 2241 quae
716 2188 949 2229 attenditur
979 2189 1023 2228 in
1052 2190 1261 2229 consimili

230 2259 473 2311 operatione
487 2292 497 2309 ,
522 2260 631 2301 sicut
655 2261 804 2301 modus
824 2260 1000 2313 regendi
1021 2261 1261 2301 communis

230 2333 291 2370 est
312 2334 477 2372 naturae
498 2333 551 2373 ad
571 2333 803 2385 regendam
822 2345 992 2384 navem,
1015 2336 1055 2373 et
1083 2333 1261 2374 doctoris

230 2402 282 2443 ad
302 2404 510 2455 regendas
524 2404 701 2456 50110105,
721 2405 820 2457 quia
837 2407 1016 2458 uterque
1033 2417 1121 2445 11011
1140 2405 1262 2446 debet

231 2487 319 2515 esse
339 2478 448 2515 sorte
468 2508 478 2526 ,
504 2476 574 2516 sed
594 2479 683 2517 art-e
704 2476 878 2529 peritus.
902 2476 952 2517 Et
974 2476 1138 2529 primus
1163 2477 1260 2530 qui-

233 2546 328 2586 dem
360 2547 510 2587 modus
528 2548 758 2588 attenditur
789 2547 835 2587 in
867 2549 1071 2598 essentia3
1105 2561 1261 2589 secun-

233 2618 311 2658 dus
330 2631 430 2659 vero
457 2619 688 2659 attenditur
719 2620 765 2660 in
795 2632 988 2672 persona.
1021 2619 1129 2660 Nam
1162 2632 1260 2673 per-

232 2702 335 2729 sona
366 2689 518 2730 dicitur
547 2691 669 2743 quasi
703 2692 957 2744 proprietate
980 2691 1189 2742 distincta,
1222 2694 1262 2732 et

231 2760 286 2800 ita
307 2761 404 2801 dicit
427 2762 722 2803 habitudinem
742 2763 794 2803 ad
820 2763 1142 2815 proprietatem,
1165 2775 1262 2815 quae

232 2833 462 2873 consimilis
479 2837 539 2874 est
559 2834 603 2873 in
635 2834 823 2887 qualibet
850 2847 1142 2887 personarum.
1168 2834 1261 2875 Non

232 2900 345 2940 enim
357 2901 469 2952 dicit,
487 2905 696 2954 quantum
711 2905 772 2942 est
785 2902 835 2943 de
852 2915 910 2951 se,
933 2915 1066 2943 unam
1082 2903 1261 2943 formam

232 2973 483 3021 naturalem,
514 2974 594 3013 nisi
628 2975 674 3014 in
702 2974 901 3027 obliq1103
924 2975 995 3015 sed
1025 2975 1263 3016 substantia

232 3044 321 3084 sive
340 3045 518 3084 essentia
537 3046 634 3085 dicit
650 3047 844 3096 sormam,
869 3049 908 3086 et
927 3048 1125 3086 naturam
1145 3047 1263 3086 abso-

232 3117 366 3156 lutam
386 3117 429 3156 in
449 3128 534 3168 qua
551 3117 881 3158 communicant.
901 3117 985 3158 Alii
1005 3118 1153 3158 dicunt
1173 3120 1260 3159 ter—

231 3188 289 3228 tio
312 3188 449 3237 modo,
471 3188 584 3240 quod
609 3188 767 3241 duplex
786 3191 848 3229 est
866 3189 1170 3240 communitas,
1201 3190 1261 3230 rei

232 3259 408 3309 scilicet,
433 3262 474 3299 et
491 3259 666 3299 rationis
689 3274 697 3299 :
720 3260 800 3310 rei,
819 3260 927 3301 sicut
941 3260 1183 3301 universale
1210 3261 1263 3301 ad

233 3330 491 3382 singularia,
525 3330 699 3370 rationis
730 3343 852 3381 vero,
882 3331 991 3372 sicut
1019 3332 1162 3384 aliqua
1191 3332 1261 3372 in-

232 3401 362 3441 tentio
381 3403 548 3454 accepta
566 3401 618 3441 ab
639 3401 781 3442 anima
800 3403 1034 3443 secundum
1053 3403 1261 3444 consimi-

231 3472 316 3513 lem
335 3473 512 3514 modum
542 3472 773 3526 accipiendi
798 3487 807 3514 :
829 3475 870 3514 et
887 3474 945 3514 sic
971 3474 1053 3515 hoc
1073 3487 1231 3517 nomen
1249 3507 1259 3525 ‚

277 3557 287 3579 ¹
303 3556 376 3588 Hoc
395 3559 488 3588 tenet
505 3557 612 3597 Scot.,
633 3557 710 3589 dist.
725 3565 827 3588 xxm.

982 238 1397 281 SENTENTIARUM
1424 241 1522 282 LlB.
1554 242 1585 282 l.

1326 329 1619 381 individuum,
1642 333 1702 372 est
1724 342 1952 371 0011110000
1971 331 2204 372 secundum
2222 333 2347 374 ratio-

1325 413 1423 441 nem
1444 402 1495 441 ad
1516 402 1687 444 Petrum
1705 406 1746 443 et
1763 403 1815 443 ad
1838 401 2032 442 Paulum.
2058 401 2198 443 Primo
2216 405 2340 445 modo

1326 471 1471 512 dicunt
1489 475 1712 514 essentiam
1734 486 1821 514 esse
1841 485 2114 513 communem
2133 487 2143 523 3
2167 475 2347 516 secundo

1327 544 1452 584 modo
1489 545 1632 586 dicunt
1664 559 1752 587 esse
1793 557 2066 586 communem
2099 558 2347 598 personam,

1327 615 1428 666 quia
1447 615 1527 656 1100
1547 617 1644 657 (11011
1662 630 1839 670 persona
1857 617 1899 656 in
1919 616 2087 665 divinis,
2111 617 2222 669 quod
2240 617 2349 657 indi-

1328 686 1506 726 viduum
1525 686 1570 726 in
1590 689 1804 729 creaturis.
1824 687 1978 729 Omnes
1996 689 2139 727 autem
2153 687 2218 727 isti
2237 689 2351 729 modi

1327 757 1505 807 dicendi,
1537 758 1571 797 si
1601 758 1845 811 diligentius
1877 758 2158 809 attendamus,
2195 772 2350 800 conve-

1327 828 1490 869 nientes
1515 832 1634 880 sunt,
1669 832 1710 870 et
1740 831 1898 883 sumpti
1927 833 2028 870 sunt
2054 842 2109 870 ex
2139 830 2352 881 signitica-

1328 899 1441 940 tione
1461 900 1592 953 hujus
1614 901 1812 953 nominis,
1834 902 1948 954 quod
1967 905 2027 942 est
2047 913 2239 954 persona,
2266 902 2354 943 sive

1329 983 1382 1010 cx
1401 971 1678 1013 distinctione.
1703 972 1886 1013 Persona
1911 973 2027 1013 enim
2057 973 2156 1013 dicit
2187 973 2353 1014 incom-

1330 1042 1585 1083 municabile
1602 1043 1836 1084 secundum
1854 1044 2076 1094 rationem,
2100 1047 2141 1084 et
2157 1044 2238 1085 hoc
2255 1045 2356 1086 dicit

1330 1113 1611 1165 privationem
1653 1114 1984 1154 communitatis.
2027 1114 2208 1156 Persona
2249 1115 2356 1156 ulte-

1330 1185 1433 1235 rius,
1455 1185 1555 1237 quia
1583 1185 2106 1226 incommunicabilitatem
2134 1186 2260 1227 habet
2288 1199 2356 1226 ra-

1331 1255 1443 1295 tione
1477 1257 1569 1308 ejus
1603 1256 1716 1308 quod
1750 1256 1894 1296 subest
1934 1256 2176 1308 proprietati
2209 1257 2358 1297 distin-

1331 1327 1507 1379 guendi,
1529 1327 1627 1368 dicit
1645 1327 1939 1368 habitudinem
1959 1327 2011 1368 ad
2031 1329 2329 1380 proprietatem
2344 1361 2354 1378 ‚

1332 1398 1439 1438 sicut
1466 1410 1541 1451 per
1563 1411 1722 1440 nomen
1743 1399 1997 1452 hypostasis,
2019 1398 2180 1440 Rursus
2213 1412 2266 1440 ex
2293 1400 2359 1441 1115

1331 1469 1512 1510 habetur
1536 1470 1648 1523 quod
1674 1483 1855 1523 persona
1879 1470 1999 1523 ponit
2028 1470 2138 1510 circa
2164 1472 2359 1524 supposi-

1332 1543 1441 1590 tum,
1458 1542 1508 1582 de
1526 1554 1612 1595 quo
1632 1542 1785 1583 dicitur
1801 1541 2082 1582 intentionem
2096 1542 2358 1594 subjiciendi,

1333 1615 1373 1652 et
1392 1626 1477 1653 non
1498 1613 1755 1666 praedicandi
1780 1614 1830 1655 de
1851 1613 2060 1666 pluribus.
2095 1613 2146 1654 Et
2162 1613 2221 1654 ita
2251 1616 2362 1666 patet

1333 1684 1447 1736 quod
1476 1684 1526 1725 de
1546 1685 1708 1725 ratione
1732 1684 1799 1724 sui
1819 1685 2004 1724 nominis
2029 1684 2228 1738 importat
2247 1697 2360 1726 com-

1333 1756 1676 1797 municabilitatis
1695 1757 1979 1810 privationem
1993 1789 2003 1806 ,
2024 1760 2065 1797 et
2084 1757 2363 1798 intentionem

1332 1828 1522 1868 rationis.
1549 1828 1600 1869 Et
1626 1828 1727 1880 quia
1744 1828 2028 1869 communitas
2048 1828 2140 1880 ejus
2158 1828 2363 1881 accipitur

1333 1899 1571 1939 secundum
1589 1899 1798 1940 rationem
1821 1898 2022 1948 nominis,
2045 1899 2137 1939 ideo
2162 1898 2362 1952 importat

1334 1971 1686 2012 communitatem
1717 1972 1950 2012 secundum
1984 1971 2285 2024 privationem,
2322 1974 2362 2012 et

1333 2043 1666 2096 proportionem,
1690 2042 1779 2083 sive
1796 2042 2055 2094 analogiam,
2078 2044 2118 2082 et
2136 2042 2358 2084 rationem.

1333 2114 1492 2155 Tamen
1517 2114 1628 2154 inter
1655 2126 1803 2154 omnes
1822 2114 1901 2154 hos
1920 2113 2067 2154 modos
2088 2113 2252 2154 medius
2272 2127 2362 2154 ma-

1334 2187 1400 2239 gis
1416 2187 1576 2227 accedit
1594 2187 1646 2227 ad
1663 2189 1860 2227 naturam
1881 2186 1957 2237 rei,
1990 2186 2091 2239 quia
2108 2198 2257 2227 revera
2276 2187 2361 2240 pri-

1333 2259 1448 2298 vatio
1468 2258 1539 2298 illa
1556 2258 1601 2298 in
1624 2269 1803 2311 persona
1821 2257 1962 2310 magis
1985 2260 2047 2298 est
2064 2257 2213 2310 positio
2233 2269 2362 2310 quam

1333 2329 1533 2382 privatio.
1572 2329 1735 2369 Rursus
1771 2329 1955 2369 nominis
1990 2328 2167 2369 intentio
2209 2329 2361 2369 funda-

1334 2403 1529 2441 mentum
1555 2403 1596 2441 et
1622 2400 1807 2441 radicem
1829 2400 1956 2441 habet
1973 2400 2018 2440 in
2044 2412 2105 2440 re.
2132 2400 2363 2440 Conceden-

1335 2472 1398 2512 da:
1432 2484 1535 2524 ergo
1568 2475 1669 2513 sunt
1699 2472 1882 2512 rationes
1914 2472 2027 2525 quod
2058 2483 2237 2524 persona
2264 2471 2362 2513 dicit

1335 2556 1565 2584 commune
1584 2544 1629 2583 in
1649 2543 1819 2584 divinis.

1389 2619 1427 2655 1.
1447 2615 1513 2656 Ad
1532 2615 1632 2655 illud
1657 2615 1770 2667 quod
1788 2614 2001 2666 objicitur,
2025 2615 2135 2667 quod
2152 2614 2363 2668 plurifica-

1335 2690 1432 2737 tur;
1457 2688 1548 2739 jam
1580 2689 1693 2738 patet
1722 2686 1966 2739 responsio,
2001 2686 2103 2738 quia
2126 2685 2363 2726 universale

1335 2756 1435 2796 dicit
1461 2755 1811 2796 communitatem
1830 2756 2067 2796 secundum
2087 2754 2337 2808 positionem
2351 2787 2360 2804 ,

1335 2832 1376 2870 et
1395 2830 1628 2870 secundum
1647 2829 1854 2869 unitatem
1870 2832 2050 2880 naturae,
2071 2832 2111 2869 et
2129 2828 2363 2869 secundum

1336 2913 1451 2952 rem,
1484 2913 1571 2941 non
1604 2900 1744 2940 solum
1775 2901 2011 2942 secundum
2042 2900 2250 2941 rationein
2281 2912 2290 2939 :
2324 2890 2385 2939 etv

1336 2973 1539 3026 quoniam
1574 2984 1753 3025 persona
1784 2972 1864 3013 1100
1893 2972 2018 3013 010(10
2046 2983 2134 3012 000
2166 2972 2365 3024 importat

1336 3045 1704 3094 communitatem,
1726 3044 1820 3085 ideo
1835 3056 1923 3084 non
1941 3045 2003 3084 est
2020 3042 2276 3084 universale.
2295 3042 2327 3082 N
2334 3042 2365 3082 i-

1335 3116 1568 3157 hilominus
1585 3118 1728 3156 tamen
1751 3115 1857 3156 ratio
1875 3126 1963 3155 non
1982 3113 2092 3154 vaiet
2109 3126 2118 3165 3
2141 3114 2241 3166 quia
2262 3114 2363 3154 uni-

1336 3188 1498 3230 versale
1542 3187 1807 3240 plurificatur
1823 3219 1834 3237 ,
1879 3189 1919 3227 et
1965 3197 2065 3226 vere
2112 3188 2364 3227 numeratur

1337 3263 1506 3314 propter
1514 3272 1660 3300 veram
1669 3259 2115 3311 additionem,propter
2128 3270 2257 3310 quam
2270 3271 2364 3299 con-

1335 3330 1520 3371 trahitur
1541 3330 1593 3371 ad
1614 3329 1884 3371 individuum
1899 3360 1908 3378 ,
1934 3330 1974 3369 01
1992 3328 2062 3368 1110
2080 3340 2260 3381 persona
2277 3341 2364 3370 non

1336 3403 1450 3444 addit
1468 3414 1597 3454 supra
1615 3402 1855 3452 essentiam,
1878 3400 2097 3454 quoniam,
2116 3402 2164 3440 ut
2182 3400 2362 3453 praedic-

1336 3477 1428 3515 tum
1445 3476 1521 3523 051,
1543 3486 1630 3513 0011
1649 3476 1712 3514 051
1730 3471 1939 3513 distinctio
1958 3471 2004 3511 in
2023 3471 2178 3513 divinis
2195 3484 2270 3526 per
2288 3471 2361 3512 ad-

1336 3545 1567 3597 ditionem„
1588 3545 1659 3586 sed
1685 3556 1760 3598 per
1792 3543 2002 3596 originem
2026 3557 2035 3584 :
2063 3543 2156 3585 ideo
2184 3554 2363 3597 persona
