2613 3990
970 323 1258 366 DICTINCTIO
1289 323 1354 366 IV.
1388 322 1504 364 ΛΒΤ.
1538 322 1625 364 ΠΝ.
2313 326 2365 364 93

247 417 309 456 est
337 426 437 457 vera
460 427 470 456 ε
499 416 684 458 «Omnis
711 416 838 457 homo
871 417 933 455 est
964 414 1117 464 homo;
1145 429 1164 452 »
1188 426 1266 455 nec

248 488 329 527 stat
341 486 469 528 simul
483 499 557 541 pro
574 487 782 541 pluribus,
804 485 884 526 nisi
905 485 1212 526 confundatur:
1230 487 1270 526 et

248 557 340 598 ideo
353 557 446 599 haec
460 559 635 600 est‘faisa
651 571 660 599 :
678 574 697 597 «
711 557 846 598 Homo
860 558 921 597 est
934 556 1073 597 omnis
1086 556 1229 606 homo,
1245 569 1264 592 ›>

248 629 348 682 quia
366 642 444 671 nec
472 631 634 671 ratione
666 627 929 681 Supponendi
963 629 1025 667 est
1043 639 1168 677 vera,
1193 638 1271 667 nec

247 713 323 754 per
339 701 617 751 identitatem3
635 713 712 741 nec
728 701 790 741 est
808 699 921 740 idem
939 698 984 738 in
1003 698 1176 738 homine
1193 709 1270 738 na—

247 775 345 815 tura
362 776 403 815 et
422 786 488 815 res
506 776 684 815 naturae.

669 887 759 915 DUB.
790 886 849 915 vl.

290 963 375 997 Satis
392 966 441 995 est
459 962 648 996 Christiano
668 970 784 994 rerum
799 962 987 993 creatarum
1006 969 1155 1000 causam,
1172 962 1234 991 etc.

302 1046 474 1088 Videtur
496 1045 634 1086 dicere
657 1044 831 1094 falsum3
854 1043 1058 1097 quoniam
1078 1046 1151 1084 aut
1173 1043 1272 1083 dicit

248 1118 357 1160 satis
375 1119 580 1169 quantum
609 1115 660 1156 ad
690 1116 834 1165 finem,
853 1118 893 1155 et
923 1114 981 1154 sic
1013 1117 1074 1154 est
1101 1113 1268 1161 falsum,

249 1188 348 1242 quia
376 1188 509 1228 multa
530 1187 611 1228 alia
641 1189 804 1239 oportet
836 1186 1026 1232 credere3
1054 1188 1127 1226 aut
1164 1186 1273 1227 scitis

249 1263 457 1314 quantum
478 1259 531 1299 ad
560 1258 792 1309 scientiam,
822 1260 862 1298 et
883 1257 984 1298 illud
1002 1256 1193 1297 similiter
1212 1259 1274 1297 est

247 1332 422 1380 falsum,
444 1330 544 1384 quia
573 1342 797 1383 nunquam
819 1329 949 1369 scitur
973 1341 1026 1369 ex
1050 1328 1129 1369 1100
1149 1340 1274 1368 causa

247 1403 307 1444 rei
327 1403 596 1444 sufficienter.

301 1473 424 1527 Resp.
457 1473 686 1514 Dicendum
704 1504 713 1522 ,
743 1473 856 1525 quod
885 1471 1136 1522 intelligitur
1163 1472 1273 1513 satis

249 1547 459 1598 quantum
479 1545 531 1586 ad
559 1544 776 1585 scientiam
807 1554 893 1583 non
925 1541 1182 1594 quamlibet,
1203 1541 1274 1581 sed

249 1616 526 1657 necessariam
545 1616 598 1657 ad
614 1616 810 1656 salutem.

665 1748 754 1776 DUB.
786 1747 861 1776 VII.

478 1819 567 1851 Deus
588 1820 683 1851 Pater
704 1828 739 1850 se
757 1818 899 1850 alterum
918 1816 1045 1857 genuit.

307 1902 480 1945 Videtur
508 1903 618 1943 male
643 1903 829 1955 jungere
858 1901 929 1941 illa
956 1900 1065 1951 duo,
1106 1899 1207 1952 quia
1233 1911 1276 1941 se

255 1973 352 2015 dicit
378 1973 666 2015 omnimodam
693 1973 978 2020 identitatem,
1012 1975 1052 2012 et
1084 1971 1276 2021 alterum,

255 2045 539 2087 diversitatem
555 2058 565 2096 3
582 2048 622 2086 et
638 2045 696 2086 sic
713 2047 812 2086 sunt
830 2043 1034 2096 opposita,
1052 2045 1092 2083 et
1111 2043 1181 2083 illa
1200 2055 1278 2096 op-

253 2116 389 2169 posita
407 2116 690 2169 implicantur.
716 2116 759 2156 Si
786 2115 897 2156 dicas
918 2115 1031 2167 quod
1056 2126 1193 2154 unum
1214 2115 1277 2154 di-

253 2187 409 2229 minuit
428 2188 478 2229 de
497 2188 641 2239 altero⁷
663 2199 809 2241 quaero
828 2187 946 2239 quid,
966 2189 1006 2227 et
1025 2186 1076 2227 de
1096 2198 1196 2239 quo.

307 2258 428 2312 Resp.
450 2259 679 2300 Dicendum
704 2263 732 2308 ¹,
754 2259 868 2311 quod
891 2258 1096 2310 oppositio
1124 2258 1279 2298 directa

253 2330 503 2383 intelligitur
536 2342 702 2383 semper
743 2330 853 2370 circa
897 2330 1008 2370 idem
1029 2344 1037 2370 :
1076 2328 1278 2382 quoniam

253 2414 358 2454 ergo
374 2402 419 2442 in
438 2402 593 2444 divinis
609 2402 736 2443 simul
754 2404 816 2442 est
833 2401 1027 2442 identitas
1045 2401 1089 2441 in
1109 2405 1276 2451 natura,

254 2476 295 2514 et
320 2474 464 2515 alietas
492 2474 537 2514 in
560 2473 792 2527 supposito,
814 2476 855 2513 et
882 2474 962 2513 hoc
988 2473 1077 2514 sine
1108 2475 1279 2527 opposi-

254 2544 389 2596 tione3
410 2545 504 2586 ideo
520 2557 674 2586 nomen
693 2545 935 2595 identitatiS,
959 2548 999 2585 et
1018 2545 1211 2596 alietatis⁷
1233 2546 1279 2585 in

255 2628 450 2657 sermone
465 2629 553 2658 uno
570 2617 781 2658 uniuntur
795 2649 804 2667 ‚
825 2616 914 2656 sine
937 2616 1197 2669 oppositione
1227 2617 1280 2657 ad

254 2689 484 2743 singularis
497 2690 612 2732 modi
631 2689 958 2743 expressionem.

660 2816 750 2845 DUB.
782 2816 873 2846 VIII.

256 2895 367 2936 Pater,
379 2896 416 2926 ut
426 2893 568 2926 haberet
578 2893 697 2926 Filium
711 2893 751 2925 de
767 2893 890 2933 seipso,
902 2902 973 2924 non
986 2892 1107 2924 minuit
1118 2892 1279 2933 seipsum.

309 2976 483 3019 Videtur
510 2977 648 3019 dicere
676 2977 852 3028 falsum,
885 2977 986 3029 quia
1014 2977 1117 3017 illud
1149 2989 1282 3029 argu-

258 3054 449 3091 mentum
460 3050 571 3091 valet
583 3064 591 3090 2
603 3049 870 3101 Quicumque
884 3049 942 3089 sic
958 3051 1134 3100 generat
1143 3061 1281 3089 unum

258 3122 410 3173 filium,
432 3125 480 3163 ut
497 3133 584 3162 non
600 3121 731 3174 possit
755 3120 938 3172 amplius
956 3133 1176 3172 generare,
1199 3120 1283 3160 mi-

260 3194 406 3235 nuitur
427 3194 520 3247 ejiis
550 3193 735 3246 potentia
758 3207 766 3233 ε
797 3193 868 3233 sed
894 3192 952 3233 sic
971 3195 1032 3233 est
1055 3192 1099 3232 in
1128 3191 1248 3232 Patre
1269 3204 1279 3232 :

261 3273 377 3314 ergo.

313 3333 435 3387 Resp.
464 3335 583 3385 Quod
612 3336 716 3377 illud
742 3348 893 3377 verum
918 3339 1000 3387 est,
1024 3336 1058 3376 si
1078 3348 1283 3388 generare

262 3404 444 3446 alterum
463 3407 515 3448 sit
533 3408 755 3460 potentiae3
777 3407 848 3448 sed
867 3407 994 3460 quod,
1011 3419 1098 3448 uno
1117 3407 1281 3460 genito,

307 3512 318 3534 ¹
332 3513 382 3545 lta
401 3511 510 3554 Α1οΧ.,
528 3514 585 3546 ubi
601 3525 712 3556 supra.
724 3533 766 3538 —
783 3515 798 3536 2
812 3514 992 3555 Porphyr.,
1012 3514 1047 3546 in
1064 3524 1093 3546 c.
1113 3514 1152 3546 cle
1167 3515 1281 3556 differ.

307 3581 351 3625 (a)
367 3582 482 3625 Suppl.
503 3583 583 3616 hoc.
598 3602 637 3608 —
656 3585 702 3627 (b)
723 3587 802 3618 Coet.
822 3585 901 3620 edit.
924 3586 1053 3619 Sortes.
1071 3604 1112 3610 --
1127 3586 1164 3628 (c)
1189 3585 1283 3618 Edit.

271 3631 346 3665 Veri.
369 3630 634 3675 improprietate,
652 3633 811 3668 mendose.

1344 413 1527 454 alterum
1552 411 1682 466 possit
1703 423 1909 465 generare
1928 412 2003 462 (a),
2019 411 2119 452 dicit
2138 411 2366 464 imperfec-

1345 485 1505 525 tionem
1529 483 1727 536 potentiae
1748 483 1794 523 in
1817 482 2079 535 generando⁷
2099 481 2199 535 quia
2216 494 2269 523 ex
2284 482 2365 523 hoc

1344 555 1584 597 ostenditur
1597 555 1709 608 quod
1730 567 1818 596 non
1837 557 1975 595 totum
1997 554 2108 594 dedit
2125 553 2219 593 uni.

1768 698 1859 727 DUB.
1890 698 1949 726 IX.

1347 777 1396 809 De
1415 785 1450 808 se
1469 776 1612 808 alterum
1631 783 1666 806 se
1693 773 1827 815 genuit,
1849 783 1919 806 non
1934 773 2048 814 utique
2068 773 2211 805 alterum
2241 775 2348 806 Deum
2360 797 2372 814 ,

1644 823 1701 854 sed
1722 822 1862 853 alteram
1880 830 2076 862 personam.

1401 908 1614 958 Quaeritur
1651 910 1798 948 utrum
1834 907 1999 948 dicatur
2033 906 2171 958 magis
2207 906 2374 960 proprie

1347 981 1545 1030 alterum,
1567 979 1635 1020 vel
1664 979 1798 1021 alium
1816 993 1830 1019 .·
1855 978 2023 1018 videtur
2050 977 2161 1031 quod
2182 977 2372 1028 alterum,

1347 1052 1445 1104 quia
1475 1051 1683 1092 minorem
1706 1050 1805 1091 dicit
1831 1049 2139 1099 diversitatem,
2164 1048 2265 1102 quia
2294 1048 2375 1089 So-

1347 1126 1479 1163 crates
1513 1122 1561 1175 (b)
1589 1122 1740 1163 dicitur
1759 1121 1863 1161 alter
1888 1132 1913 1160 a
1941 1132 1983 1160 se
2007 1134 2015 1160 :
2047 1119 2117 1160 sed
2144 1119 2189 1159 in
2220 1119 2376 1160 divinis

1348 1194 1526 1235 minima
1543 1197 1604 1234 est
1619 1193 1854 1234 diversitas.
1880 1190 1960 1232 Sed
1981 1193 2150 1232 contra:
2172 1190 2376 1231 Differen-

1348 1267 1420 1306 tise
1439 1265 1713 1306 accidentales
1734 1264 1892 1305 faciunt
1912 1263 1991 1303 dici
2009 1265 2191 1305 alterum
2207 1275 2219 1301 :
2237 1261 2308 1303 sed
2329 1261 2375 1301 in

1349 1337 1506 1378 divinis
1522 1336 1693 1377 nullum
1715 1338 1776 1375 est
1797 1334 1988 1375 accidens
2006 1348 2013 1375 :
2031 1345 2134 1386 crgo
2148 1345 2235 1374 non
2254 1331 2377 1373 debet

1349 1408 1429 1448 dici
1448 1408 1640 1449 (illerum.

1405 1479 1523 1530 Item,
1541 1479 1712 1520 videtur
1726 1478 1838 1531 quod
1852 1481 2055 1518 neutrum
2072 1478 2178 1518 bene
2192 1476 2373 1517 dicatur.

1351 1550 1391 1591 Si
1411 1551 1525 1590 enim
1545 1551 1795 1591 differentiae
1813 1549 2106 1590 substantiales
2125 1548 2284 1598 faciunt
2296 1547 2377 1588 dici

1351 1621 1489 1670 aliud,
1505 1624 1546 1661 et
1563 1621 1835 1661 accidentales
1849 1621 2049 1668 alterumn
2063 1631 2161 1660 cum
2174 1622 2376 1659 neutrum

1351 1693 1469 1734 cadat
1488 1693 1531 1733 111
1566 1692 1745 1743 divinis,
1768 1695 1971 1732 neutrum
1999 1691 2166 1732 videtur
2195 1702 2283 1731 esse
2314 1689 2379 1730 di-

1351 1765 1547 1805 cendum.

1406 1836 1528 1889 Resp.
1551 1836 1780 1876 Dicendum
1805 1835 1918 1888 quod
1935 1866 1945 1885 ,
1967 1834 2067 1887 quia
2089 1833 2211 1874 Pater
2239 1833 2378 1873 differt

1351 1920 1376 1948 a
1395 1907 1501 1948 Filio
1526 1910 1566 1948 et
1585 1908 1628 1947 in
1647 1906 1877 1960 supposito,
1902 1909 1943 1946 et
1968 1906 2012 1946 in
2032 1905 2285 1959 proprietate
2307 1904 2376 1957 (c);

1352 1979 1444 2020 ideo
1472 1982 1607 2033 potest
1637 1978 1718 2019 dici
1755 1979 1884 2029 alius,
1912 1980 1953 2018 et
1988 1979 2123 2030 potest
2150 1977 2229 2017 dici
2252 1975 2375 2018 alter.

1353 2050 1447 2103 Sed,
1469 2052 1671 2105 quoniam
1689 2051 1921 2104 proprietas
1935 2049 2005 2089 illa
2017 2061 2104 2089 non
2122 2048 2269 2089 accidit
2282 2059 2378 2100 per-

1353 2135 1491 2173 sonae,
1522 2123 1614 2163 ideo
1646 2122 1785 2173 magis
1810 2121 1977 2175 proprie
2005 2120 2158 2161 dicitur
2178 2119 2306 2161 alius.
2329 2117 2381 2159 Et

1353 2195 1453 2247 quia
1472 2194 1595 2236 aliud
1612 2194 1780 2247 respicit
1799 2192 2081 2246 suppositum,
2107 2192 2220 2233 alius
2232 2202 2379 2232 essen-

1352 2267 1481 2317 tiam3
1512 2266 1604 2306 ideo
1624 2266 1824 2318 recipitur
1843 2264 1901 2304 ihi
1918 2264 2031 2306 alius
2050 2264 2095 2304 in
2122 2262 2377 2311 masculino,

1352 2351 1437 2379 non
1457 2341 1600 2379 tamen
1618 2336 1742 2379 aliud
1761 2336 1805 2376 in
1826 2339 1993 2377 neutro.

1578 2482 1899 2528 ARTiCULUS
1932 2481 2157 2526 UNICUS.

1407 2617 1470 2658 Ad
1490 2615 1816 2667 intelligentiam
1839 2626 1989 2655 eorum
2008 2626 2105 2667 quae
2127 2613 2265 2665 tangit
2292 2612 2380 2654 Ma-

1354 2687 1485 2740 gister
1499 2688 1543 2727 in
1556 2686 1754 2740 praesenti
1767 2685 1889 2726 distin
1896 2685 2047 2736 ctione,
2069 2687 2252 2738 quatuor
2265 2696 2382 2737 quae-

1353 2762 1534 2800 runtur:
1560 2759 1718 2810 primo,
1740 2761 1888 2798 utrum
1907 2757 2000 2798 haec
2019 2756 2175 2797 locutio
2200 2756 2252 2796 sit
2277 2768 2381 2797 con-

1355 2830 1539 2871 cedenda
1566 2830 1611 2870 in
1636 2829 1809 2879 divinis,
1837 2844 1856 2867 <‹
1878 2828 1986 2869 Deus
2006 2828 2155 2880 genuit
2179 2827 2333 2878 Deum3
2357 2841 2376 2865 »

1354 2902 1565 2950 secundo,
1606 2904 1754 2941 utrum
1791 2900 1931 2941 unitas
1965 2898 2156 2939 essentiae
2191 2898 2383 2939 admittat

1354 2972 1465 3013 lianc
1516 2972 1770 3013 locutionem
1788 3002 1799 3022 ,
1850 2987 1869 3010 «
1904 2971 2013 3011 Deus
2052 2970 2204 3022 genuit
2248 2970 2381 3011 alium

1356 3044 1510 3095 Deum,
1531 3058 1550 3082 n
1574 3044 1640 3085 vel
1668 3059 1687 3082 a
1705 3043 1814 3084 Deus
1833 3045 1894 3082 est
1913 3041 2019 3082 alius
2037 3054 2062 3081 a
2081 3040 2185 3092 Deo;
2207 3055 2226 3079 1)
2259 3041 2381 3082 tertio

1356 3115 1566 3168 quaeritur
1600 3115 1651 3155 de
1684 3114 1992 3167 significatione
2016 3113 2146 3166 hujus
2172 3114 2379 3163 nominis,

1357 3193 1454 3242 Dii,
1484 3195 1634 3232 utrum
1653 3191 1845 3232 videlicet
1873 3191 2149 3243 grammatice
2173 3192 2383 3244 possimus

1356 3265 1494 3305 dicere
1518 3263 1658 3316 plures
1679 3264 1803 3307 Deos,-
1824 3265 1973 3315 quarto
1993 3266 2034 3303 et
2051 3263 2201 3304 ultimo
2221 3263 2383 3316 quaeri—

1357 3339 1427 3376 tur
1460 3336 1511 3376 de
1542 3334 1830 3388 suppositione
1860 3334 1974 3375 illius
2003 3335 2211 3384 nominis,
2243 3336 2377 3380 Deus,

1357 3410 1504 3448 utrum
1535 3408 1745 3460 supponat
1772 3418 1850 3460 pro
1879 3418 2077 3460 persona⁷
2110 3406 2179 3447 vel
2210 3417 2286 3459 pro
2316 3416 2380 3446 es-

1357 3478 1505 3520 sentia.
