2613 3990
99 2871 209 2899 funda-

67 2917 172 2941 menta.

231 264 282 301 82

230 351 292 389 est
309 346 569 401 principium
587 345 772 396 essendi,
794 344 875 385 nisi
896 344 1033 385 forma
1054 344 1250 384 substan-

229 418 362 470 tialis,
388 418 433 458 in
461 417 633 459 homine
668 431 676 456 ε
704 427 809 468 ergo
833 415 1019 468 potentia
1046 418 1086 456 et
1115 415 1253 455 forma

230 489 514 531 substantialis
533 491 631 529 sunt
651 486 763 527 idem
782 486 826 525 in
851 486 1099 526 substantia.

283 565 322 602 4.
346 561 471 609 Item,
494 561 654 600 ratione
674 557 920 598 ostenditur.
943 556 1057 598 Sicut
1078 556 1254 597 materia

229 633 365 686 prima
384 636 444 673 est
472 631 616 672 omnia
638 633 735 670 nata
761 629 945 681 recipere
967 632 977 652 ¹
1000 641 1075 681 per
1093 628 1253 669 verita-

228 707 314 744 tem
330 736 340 755 ,
379 704 435 743 sic
471 702 611 742 anima
645 699 879 740 secundum
914 698 1250 739 similitudinem.

228 774 309 816 Sed
327 776 340 796 '³
357 773 540 827 potentia
562 770 914 823 inateriaepi·i11]a¹.
928 801 939 818 ,
960 771 1152 821 respectu
1169 769 1255 808 sor-

228 858 399 886 marum
418 843 804 897 suscipiendarum,
828 853 916 881 non
935 840 1074 881 differt
1099 851 1174 892 per
1195 852 1256 881 es-

228 917 404 958 sentiam
421 916 472 956 ab
490 916 605 968 ipsa:
624 926 727 966 ergo
744 912 935 953 similiter
954 911 1122 952 videtur
1139 911 1253 964 quod

227 987 425 1041 potentiae
448 986 615 1026 animm.
640 983 834 1024 Probatio
857 983 1050 1023 minoris.
1073 982 1117 1023 Si
1139 982 1253 1023 enim

227 1072 303 1112 per
315 1058 537 1099 essentiam
554 1057 760 1107 differret,
784 1059 857 1096 aut
872 1058 979 1096 esset
996 1055 1249 1104 substantia,

227 1134 301 1171 aut
328 1130 549 1171 accidens:
571 1141 660 1169 ΠοΠ
686 1127 896 1178 accidens,
923 1126 1024 1179 quia
1044 1126 1251 1167 antecedit

227 1215 399 1244 omnem
412 1203 592 1243 formam
605 1204 645 1242 et
656 1212 783 1241 omne
791 1199 1001 1249 accidens;
1016 1199 1049 1239 si
1061 1200 1252 1239 substan-

227 1274 305 1324 tia,
328 1277 400 1315 aut
426 1286 528 1325 ergo
557 1272 750 1323 materia,
771 1274 844 1312 aut
874 1271 1009 1311 forma
1035 1271 1104 1325 (a).
1134 1270 1256 1312 Prae-

226 1349 353 1397 terea,
372 1347 406 1386 si
424 1346 607 1386 differret
621 1378 630 1396 ,
651 1345 763 1385 illius
779 1346 887 1384 essct
905 1344 1081 1384 materia
1098 1356 1253 1397 capax.

280 1422 318 1460 5.
340 1419 459 1469 Item,
483 1419 616 1459 fornia
630 1415 895 1458 accidentalis
909 1428 995 1455 non
1012 1418 1071 1456 est
1091 1415 1252 1469 simpli-

227 1491 313 1532 cior
341 1491 478 1531 forma
505 1488 770 1530 substantiali
794 1501 803 1528 :
839 1487 910 1527 sed
937 1488 1123 1540 potentia
1151 1499 1252 1540 ope-

225 1563 347 1604 randi
367 1575 452 1603 non
469 1561 607 1601 differt
621 1574 645 1601 a
665 1560 801 1600 forma
820 1559 1089 1610 accidentali,
1109 1562 1253 1611 utpote

226 1635 414 1687 potentia
439 1632 703 1674 calefaciendi
739 1644 824 1672 non
853 1631 991 1671 differt
1016 1643 1090 1684 per
1116 1643 1258 1671 essen-

226 1708 328 1749 tiam
346 1721 370 1748 a
384 1708 604 1757 caliditate,
620 1719 695 1746 nec
716 1705 902 1759 potentia
922 1705 1190 1746 illuminandi
1204 1705 1257 1745 ab

225 1780 316 1834 ipsa
334 1781 428 1821 luce
450 1794 459 1821 ε
483 1791 586 1831 ergo
617 1777 809 1818 similiter
842 1777 1022 1828 videtur,
1045 1777 1159 1830 quod
1180 1789 1259 1818 nec

225 1855 414 1909 potentia
433 1855 588 1895 anima}
608 1853 660 1893 ab
680 1852 771 1906 ipsa
788 1852 944 1892 amma.

279 1930 319 1968 G.
343 1927 462 1978 Item,
481 1925 593 1980 quod
610 1925 688 1966 nni
715 1927 776 1965 est
795 1924 1001 1974 accidens,
1026 1924 1135 1965 nulli
1153 1924 1256 1965 sub-

224 1999 378 2041 stantia
407 2001 468 2039 est
489 2002 503 2023 ³
528 2012 537 2039 ι
569 1998 641 2038 sed
676 1997 767 2037 istae
804 1996 1003 2050 potentias
1041 1998 1140 2037 sunt
1177 1996 1258 2049 ipsi

224 2072 379 2113 animae
395 2070 691 2112 substantiales
714 2083 723 2109 :
749 2080 852 2120 ergo
870 2080 957 2109 non
973 2070 1073 2109 sunt
1093 2068 1130 2108 ei
1147 2067 1256 2108 acci-

224 2140 424 2191 dentales,
446 2143 487 2181 et
511 2152 586 2193 per
614 2150 876 2191 consequens
904 2150 992 2178 non
1017 2140 1116 2177 sunt
1149 2137 1260 2178 acci-

224 2213 366 2254 dentia
381 2225 391 2253 :
407 2224 511 2264 ergo
530 2213 631 2252 sunt
651 2210 889 2251 substantia
906 2223 915 2260 ;
936 2211 1096 2250 constat
1115 2211 1259 2250 autem

224 2283 340 2337 quod
355 2295 441 2324 non
458 2282 552 2332 alia,
577 2294 707 2334 quam
725 2280 882 2321 anima.
906 2278 1102 2320 Probatio
1121 2281 1257 2320 mino-

223 2355 303 2405 ris3
324 2355 426 2408 quia
445 2354 589 2395 anima
609 2352 824 2394 rationalis
844 2351 1052 2392 sensibilis
1069 2353 1110 2392 et
1123 2363 1259 2403 vege-

223 2426 364 2467 tabilis
378 2426 423 2466 in
440 2425 616 2466 homine
631 2437 717 2466 non
735 2424 835 2465 dicit
853 2423 1138 2464 diversitatem
1158 2423 1257 2463 snb-

224 2498 494 2548 stantiarum,
517 2497 587 2538 sed
607 2496 893 2550 potentiarum
923 2510 930 2536 :
964 2507 1068 2547 ergo
1099 2497 1260 2536 constat

225 2570 339 2624 quod
352 2570 398 2610 in
417 2569 592 2611 homine
611 2569 701 2609 istae
716 2568 980 2618 differentiae,
997 2567 1253 2620 vegetabile,

225 2641 436 2693 sensibile,
458 2640 678 2690 rationale,
700 2639 969 2693 accipiuntur
990 2652 1015 2680 a
1034 2639 1257 2692 potentiis:

227 2716 268 2754 et
284 2712 533 2767 hujusmodi
553 2711 802 2753 differenti-ze
822 2714 923 2752 sunt
941 2710 1255 2752 substantiales:

227 2797 332 2838 ergo
352 2788 392 2826 et
411 2784 611 2838 potentiae
633 2796 643 2824 :
664 2796 783 2836 ergo,
805 2786 883 2824 etc.

282 2857 432 2898 Contra
445 2872 454 2898 :
468 2856 738 2909 Augustinus
750 2856 763 2876 ⁶
776 2855 964 2907 assignat
979 2855 1260 2896 differentiam

227 2929 428 2981 imaginis
443 2930 595 2969 creatae
611 2927 663 2968 ad
681 2926 931 2967 Trinitatem
950 2927 1082 2976 illam,
1106 2926 1261 2967 scilicet

227 3000 473 3051 increatam,
495 3000 596 3053 quia
623 2999 669 3039 in
693 2998 764 3039 illa
791 2997 995 3039 Trinitate
1020 2998 1180 3039 habens
1199 3000 1261 3039 est

228 3071 271 3112 id
291 3071 405 3125 quod
425 3071 620 3123 habetur,
639 3070 709 3111 hic
728 3073 871 3111 autem
899 3070 1060 3111 habens
1091 3082 1179 3111 non
1200 3073 1261 3110 est

229 3143 270 3184 id
290 3143 403 3196 quod
422 3143 601 3184 habetur
625 3158 633 3183 :
666 3155 769 3195 ergo
798 3142 832 3183 si
853 3143 995 3183 anima
1023 3142 1149 3183 habet
1176 3145 1261 3183 tres

230 3203 455 3268 potentias,
475 3227 579 3266 ergo
599 3215 874 3256 essentialiter
893 3227 981 3255 non
999 3217 1061 3255 est
1078 3214 1176 3255 illae.

284 3288 404 3337 Item,
427 3286 652 3339 Dionysius
673 3290 685 3310 ⁵
706 3286 804 3326 dicit
839 3286 954 3339 quod
989 3286 1035 3326 in
1069 3286 1258 3339 quolibet

230 3363 368 3402 creato
387 3358 589 3400 differunt
608 3358 700 3398 haec
722 3358 818 3407 tria,
836 3358 1084 3409 substantia,
1105 3358 1256 3410 virtuS,

277 3493 288 3515 ¹
308 3493 423 3533 Arist.‚
442 3491 480 3524 cle
508 3490 639 3529 Gener„
659 3489 718 3521 lib.
743 3489 785 3529 ΙΙ,
812 3492 960 3521 context.
984 3491 1016 3521 2.
1036 3507 1077 3513 -
1100 3489 1112 3508 ²
1140 3489 1259 3530 Arist„

230 3540 363 3582 physic.
380 3539 439 3571 lib.
453 3539 510 3580 lv,
531 3539 682 3570 context.
704 3538 805 3568 15.—
824 3536 837 3557 ³
851 3537 964 3577 Arist„
994 3536 1126 3578 Plzysz‘c.
1146 3536 1208 3568 lib.
1229 3537 1257 3577 l,

232 3590 380 3622 context.
401 3590 452 3620 27.
471 3603 511 3611 —
533 3586 545 3608 Β
563 3587 609 3618 De
630 3585 761 3624 Trinit„
784 3584 842 3616 lib.
861 3585 931 3625 XV,
951 3594 980 3616 c.
1007 3593 1082 3617 xxti
1101 3587 1134 3618 et
1154 3591 1256 3624 xxm,

991 251 1402 295 SENTENTIARUM
1430 234 1528 295 Lm.
1562 254 1593 295 1.

1326 346 1367 384 et
1385 344 1570 397 operatio
1592 358 1602 386 ε
1628 356 1731 398 ergo
1760 345 1806 386 in
1836 343 1981 387 anima
2010 344 2214 389 differunt
2242 348 2350 390 sub-

1326 415 1478 456 stantia
1494 419 1535 457 et
1552 417 1769 470 potentiae.

1380 486 1484 528 Item
1516 487 1714 528 Boetius⁶
1738 503 1746 529 :
1770 487 1817 528 In
1850 488 2039 541 quolibet
2065 493 2202 531 creato
2229 490 2354 532 diffe-

1326 561 1428 599 runt
1445 571 1529 612 quo
1549 561 1635 610 est,
1658 562 1699 601 et
1728 560 1841 613 quod
1869 562 1952 611 est,
1970 560 2059 601 sive
2082 561 2184 614 quid
2215 564 2295 611 est,
2313 565 2356 604 et

1328 644 1416 673 esse
1441 647 1448 673 :
1481 645 1586 686 ergo
1616 634 1832 686 similiter,
1875 635 1962 675 imo
2002 634 2137 676 multo
2180 635 2329 678 fortius
2341 669 2352 689 ,

1328 704 1442 756 quod
1461 707 1596 757 potest
1612 707 1653 745 et
1669 718 1754 759 quo
1773 708 1926 759 potest.

1383 775 1500 827 Item,
1522 777 1758 818 rationibus
1776 763 2011 819 ostenditur
2029 777 2088 819 sic
2115 790 2125 819 :
2151 777 2254 828 Quae
2273 779 2356 820 dif-

1327 847 1469 903 ferunt
1482 860 1655 900 genere,
1672 849 1873 890 differunt
1887 850 2077 899 essentia,
2092 852 2133 890 et.
2146 862 2286 891 unum
2303 851 2354 892 de

1328 918 1458 959 altero
1478 931 1564 960 non
1583 921 1838 972 praedicatur
1857 921 2132 963 essentialiter
2158 936 2167 963 ε
2190 922 2262 963 sed
2279 933 2357 975 po-

1327 988 1470 1029 tentia:
1484 991 1525 1029 et
1541 989 1685 1030 anima
1697 993 1795 1030 sunt
1809 990 2056 1043 hujusmodi
2069 1004 2078 1042 ;
2099 991 2201 1044 quia
2212 990 2357 1032 anima

1329 1063 1391 1101 est
1408 1060 1453 1100 in
1471 1072 1627 1113 genere
1659 1062 1904 1103 substantia]
1918 1094 1928 1114 ,
1947 1062 2019 1103 sed
2038 1063 2238 1115 potentiae
2258 1065 2358 1104 sunt

1330 1132 1374 1171 in
1391 1132 1574 1172 secunda
1591 1132 1727 1185 specie
1745 1133 1972 1186 qualitatis,
1994 1133 2149 1175 scilicet
2175 1137 2358 1176 natura-

1328 1203 1380 1244 lis
1395 1203 1593 1256 potentiae
1616 1218 1624 1244 :
1648 1216 1766 1256 ergo,
1791 1207 1868 1245 etc.

1384 1275 1503 1325 Item,
1520 1276 1592 1316 illa
1609 1288 1794 1329 quorum
1806 1289 1944 1318 unum
1957 1280 2019 1319 est
2029 1280 2148 1319 extra
2159 1278 2357 1329 alterum,

1330 1348 1532 1390 differunt
1552 1348 1823 1389 essentialiter
1843 1353 1884 1390 et
1903 1350 2233 1392 substantialiter
2256 1367 2264 1392 :
2286 1352 2357 1393 sed

1331 1422 1468 1463 virtus
1486 1421 1703 1474 egreditur
1718 1421 1994 1462 substantiam
2006 1454 2018 1472 ‚
2041 1423 2142 1476 quia
2160 1427 2359 1476 operatur

1330 1493 1376 1533 in
1397 1493 1611 1546 obiectum
1629 1493 1742 1546 quod
1759 1495 1820 1533 est
1838 1496 1983 1534 extra:
2005 1494 2076 1534 sed
2102 1494 2358 1547 impossibile

1331 1567 1392 1605 est
1410 1565 1523 1617 quod
1542 1567 1739 1618 operetur
1758 1565 1832 1605 ubi
1849 1577 1935 1605 non
1947 1567 2009 1605 est
2025 1577 2034 1605 :
2050 1565 2084 1605 si
2098 1577 2202 1618 ergo
2220 1566 2358 1607 virtus

1331 1640 1393 1677 est
1411 1637 1485 1678 ubi
1505 1641 1719 1690 operatur,
1743 1640 1783 1678 et
1801 1639 2000 1690 operatur
2024 1639 2144 1678 extra
2160 1637 2359 1678 substan-

1330 1708 1432 1747 tiam
1451 1708 1689 1760 quuslibet,
1712 1721 1815 1761 ergo
1842 1709 1979 1750 virtus
1998 1709 2216 1761 egreditur
2233 1712 2357 1750 extra

1331 1780 1611 1820 substantiam
1633 1793 1642 1820 :
1666 1793 1784 1833 ergo,
1802 1784 1879 1821 etc.

1386 1849 1506 1900 Item,
1528 1851 1579 1892 ad
1598 1851 1680 1892 hoc
1698 1855 1760 1892 est
1775 1853 1857 1892 alia
1875 1852 1982 1893 ratio
2006 1867 2014 1893 τ
2038 1854 2137 1906 quia
2155 1853 2190 1893 si
2210 1853 2358 1895 eadem

1331 1935 1407 1976 per
1443 1924 1668 1964 essentiam
1703 1927 1842 1965 essent
1879 1925 2022 1966 anima
2056 1927 2098 1966 et
2138 1926 2359 1978 potentiae,

1331 2007 1469 2035 unum
1496 2007 1584 2036 non
1614 1995 1982 2049 multiplicaretur,
2017 1996 2098 2037 nisi
2127 1997 2363 2038 secundum

1332 2067 1727 2121 multiplicationem
1741 2068 1915 2109 alterius
1931 2083 1938 2109 :
1956 2071 1997 2110 et
2009 2068 2082 2119 sic,
2106 2081 2205 2110 cum
2222 2082 2361 2110 unum

1331 2142 1497 2180 tantum
1517 2140 1569 2180 sit
1588 2140 1745 2190 anima,
1764 2141 1938 2181 haberet
1955 2142 2123 2181 tantum
2142 2153 2276 2181 unam
2289 2153 2363 2194 po-

1331 2213 1506 2254 tentiam
1527 2228 1536 2255 :
1559 2214 1629 2255 sed
1643 2214 1723 2255 hoc
1743 2217 1805 2255 est
1823 2214 1976 2256 falsum
1997 2227 2007 2257 ε
2031 2227 2150 2268 ergo,
2171 2218 2248 2256 etc.

1694 2377 1992 2421 CONCLUSIO.

1332 2488 1505 2523 Potentiae
1539 2489 1670 2523 animoe
1707 2491 1790 2524 sunt
1825 2488 2084 2524 substantiales
2097 2514 2108 2532 ‚
2138 2490 2173 2524 et
2202 2489 2287 2524 sunt
2317 2489 2360 2523 in

1380 2548 1495 2584 eodem
1514 2558 1636 2593 genere
1650 2559 1717 2595 per
1734 2548 1986 2594 reductionem,
2002 2550 2123 2594 inquo
2143 2551 2193 2584 est
2206 2549 2333 2584 anima
2349 2558 2360 2582 .·

1379 2618 1450 2643 non
1466 2610 1550 2644 sunt
1568 2612 1687 2644 tamen
1706 2608 1850 2644 omnino
1870 2608 1963 2644 idem
1976 2618 2043 2655 per
2062 2609 2263 2644 essentiam.

1387 2715 1508 2769 ROSP·
1521 2716 1574 2757 ad
1590 2716 1696 2768 Arg.
1720 2715 1785 2756 Ad
1798 2715 2101 2769 praedictorum
2115 2714 2364 2766 intelligen-
2396 2713 2523 2744 Potentia

2383 2755 2520 2785 natm-alls

1331 2787 1435 2828 tiam
1454 2787 1691 2828 notandum
1712 2790 1787 2839 est,
1810 2787 1923 2841 quod
1945 2787 2134 2841 potentia
2155 2786 2362 2827 naturalis
2393 2796 2515 2843 zrtpu'a'-

1332 2859 1487 2901 dicitur
1504 2859 1739 2912 tripliciter.
1772 2858 1915 2900 Primo
1937 2859 2088 2909 modo,
2109 2859 2237 2912 prout
2263 2857 2363 2898 dicit
2382 2838 2522 2908 {ffifflm'

1333 2930 1510 2971 modum
1527 2929 1733 2971 existendi
1756 2930 1963 2972 naturalis
1981 2929 2180 2983 potentiae
2195 2928 2240 2969 in
2262 2927 2366 2968 sub-

1328 3003 1455 3054 Jecto,
1469 3002 1704 3043 secundum
1720 3015 1850 3056 quem
1867 3002 2022 3044 dicitur
2049 3002 2288 3054 subJectum
2303 3000 2368 3041 fa-

1333 3073 1425 3125 cile,
1441 3073 1510 3114 vel
1528 3073 1711 3125 difficile,
1731 3074 1784 3115 ad
1803 3074 1964 3127 aliquid
1980 3073 2201 3126 agendum
2221 3085 2231 3114 :
2248 3074 2290 3114 et
2307 3071 2365 3112 sic

1331 3144 1538 3185 naturalis
1558 3145 1743 3197 potentia
1761 3145 1860 3186 dicit
1879 3145 2057 3186 modum
2073 3143 2305 3198 qualitatis,
2327 3145 2369 3184 et

1333 3218 1396 3256 est
1414 3216 1669 3268 generaliter
1691 3217 1736 3256 in
1756 3216 1939 3257 secunda
1967 3216 2104 3269 specie
2132 3214 2364 3268 qualitatis,

1333 3287 1381 3325 ut
1400 3287 1514 3337 patet
1538 3297 1636 3325 cum
1665 3285 1833 3334 dicitur,
1857 3296 2005 3325 cursor
2035 3287 2076 3326 et
2107 3283 2364 3337 pugillator,

1333 3368 1517 3408 quorum
1538 3360 1773 3410 utrumque
1793 3356 1891 3398 dicit
1910 3356 2168 3406 facilitatem,
2185 3366 2284 3408 quae
2302 3364 2366 3392 se-

1333 3442 1368 3465 n.
1393 3435 1431 3465 42
1451 3436 1485 3465 ct
1500 3435 1552 3466 43.
1578 3452 1613 3457 —
1630 3436 1704 3466 ⁵De
1723 3427 1803 3466 cml.
1830 3433 1938 3474 Hier„
1955 3443 1985 3466 c.
2017 3442 2076 3475 XI,
2107 3433 2196 3466 circa
2218 3429 2309 3463 med.
2323 3444 2364 3452 —

1333 3481 1346 3502 θ
1366 3481 1476 3522 Boet.,
1501 3481 1736 3522 devHebdom„
1754 3481 1794 3513 de
1815 3481 1949 3522 Trinit„
1967 3491 1998 3514 c.
2017 3482 2069 3514 An
2088 3487 2182 3512 omne
2204 3476 2292 3521 quod
2312 3477 2361 3509 est

1335 3528 1452 3561 bonum
1465 3530 1528 3568 stt,
1549 3529 1639 3562 circa
1653 3528 1797 3571 princip.

1377 3582 1418 3622 (a)
1434 3582 1514 3615 Coet.
1535 3582 1618 3615 edit.
1637 3582 1760 3616 forma.
