2613 3990
78 488 184 518 Solutio

45 531 174 558 aliorum.

72 948 182 984 Impro-

40 989 115 1017 bario
139 998 182 1017 so-

54 1031 180 1059 lationis.

57 1072 167 1099 Solutio

41 1115 168 1150 propria.

744 280 871 322 DlST.
901 279 1005 321 XIX.
1037 278 1192 320 PART.
1225 278 1257 319 Ι.
1288 277 1408 318 ART.
1440 277 1471 317 Ι.
1503 274 1702 326 QUAEST.
1734 275 1801 316 IV.

206 368 316 420 talis,
340 369 572 410 secundum
600 370 713 423 quod
731 370 829 411 dicit
845 368 1028 410 Hilarius
1041 401 1052 420 ,
1075 370 1116 409 et
1137 367 1226 408 Ma-

205 441 335 494 gister
352 440 512 481 inducit
530 441 573 481 in
591 441 742 482 littera.

258 515 295 552 1.
312 512 377 553 Ad
387 512 491 553 illud
506 525 607 565 ergo
622 512 733 565 quod
751 511 960 564 obiicitur,
978 510 1089 564 quod
1106 510 1226 551 Pater

202 586 263 624 est
280 583 326 623 in
342 583 462 633 Filio,
484 587 525 624 et
542 583 670 624 Filius
689 583 734 622 in
751 582 887 633 Patre,
910 594 1013 634 ergo
1032 581 1152 621 Pater
1166 584 1226 621 est

201 654 248 694 in
284 667 348 706 se;
384 655 530 696 dicunt
562 654 735 707 quidam
769 653 882 706 quod
919 656 1226 705 argumentum

200 725 398 767 nonvalet.
414 756 424 776 ,
442 725 541 778 quia
560 726 749 765 mutatur
763 724 966 764 habitudo
987 725 1094 777 ejus,
1114 724 1226 777 quod

200 800 261 838 est
288 799 359 849 in;
385 798 485 851 quia
503 798 549 837 in
568 809 654 838 uno
675 796 772 836 dicit
787 796 1084 836 habitudinem
1108 796 1225 848 prin-

200 869 342 923 cipiati
357 869 408 909 ad
428 868 684 922 principium
697 899 707 917 ,
730 868 774 907 in
797 867 877 908 alia
895 870 1037 908 autem
1057 867 1225 908 habitu-

201 941 343 982 dinem
379 939 575 993 principii
615 939 666 980 ad
708 939 1025 992 principiatum.
1068 938 1228 979 Tamen

201 1011 305 1052 illud
325 1023 411 1052 non
429 1013 592 1064 oportet
611 1010 761 1061 dicere,
786 1010 900 1062 quia,
922 1010 1029 1050 sicut
1040 1011 1056 1062 j
1064 1022 1131 1050 am
1152 1022 1228 1062 pa-

200 1082 323 1134 tebit,
356 1083 405 1124 in
433 1094 520 1122 non
549 1081 648 1122 dicit
680 1081 892 1122 diversam
916 1080 1225 1121 habitudinem.

201 1153 285 1194 Nec
305 1156 444 1194 lamen
464 1153 674 1206 sequitur,
702 1154 835 1193 immo
858 1155 918 1193 est
937 1152 1127 1192 accidens
1145 1152 1224 1202 ihi,

200 1237 249 1265 eo
275 1225 388 1278 quod
414 1227 463 1267 in
487 1227 604 1265 notat
630 1225 941 1265 distinctionem
959 1256 968 1273 ‚
999 1225 1105 1264 sicut
1125 1223 1227 1264 acci-

199 1296 303 1337 dens
326 1299 387 1337 est
410 1297 482 1337 hic
505 1309 516 1336 :
550 1313 568 1335 (ι
589 1296 735 1337 Petrus
759 1299 820 1337 est
845 1296 994 1336 similis
1015 1295 1166 1346 Paulo,
1188 1298 1229 1335 θῖ

201 1366 358 1408 Paulus
370 1366 504 1418 Petro,
516 1380 625 1420 ‘ergo
640 1367 787 1408 Petrus
801 1370 860 1408 est
875 1367 1027 1407 similis
1041 1366 1162 1407 Petro
1178 1381 1186 1407 2
1203 1382 1221 1404 »

198 1439 254 1479 ita
274 1441 315 1479 et
334 1439 379 1479 in
397 1439 610 1492 proposito
630 1439 969 1490 intelligendum.

252 1513 291 1551 ⁶2.
325 1510 389 1551 Ad
416 1510 521 1551 illud
553 1510 666 1563 quod
701 1510 899 1562 objicitur
926 1524 933 1550 :
963 1525 980 1547 «
1015 1508 1229 1562 Simplicia

199 1581 327 1622 simul
350 1581 572 1622 existentia
598 1581 917 1622 confunduntur
946 1580 991 1620 in
1019 1593 1180 1630 unum3
1203 1596 1222 1617 n

199 1653 425 1694 dicendum
459 1653 573 1706 quod
607 1653 712 1693 illud
748 1665 901 1693 verum
932 1656 1017 1701 est,
1058 1652 1228 1705 quando

198 1724 406 1778 simplicia
443 1725 601 1765 habent
636 1723 842 1775 distingui
879 1736 1007 1776 penes
1044 1723 1147 1763 illud
1184 1723 1229 1763 in

199 1808 283 1849 quo
311 1799 432 1847 sunt,
455 1796 563 1837 sicut
592 1797 776 1848 punctus
796 1798 836 1836 et
865 1796 1007 1836 unitas
1034 1796 1086 1836 ab
1111 1807 1160 1836 eo
1182 1795 1227 1835 in

198 1880 284 1921 quo
301 1869 382 1918 est3
402 1867 471 1908 sed
489 1867 658 1920 quando
681 1866 827 1919 seipsis
844 1866 1170 1918 distinguuntur
1188 1869 1229 1907 et

198 1939 244 1979 in
277 1939 422 1992 seipsis
455 1937 865 1987 substantificantur‚
900 1940 1002 1978 tunc
1032 1937 1229 1990 quamvis

197 2010 281 2050 sint
299 2009 427 2050 simul
443 2041 452 2059 ‚
473 2021 560 2050 non
581 2009 921 2059 confunduntur,
949 2011 990 2049 et
1010 2008 1111 2048 tales
1130 2011 1230 2049 sunt

196 2081 442 2134 hypostases
466 2081 640 2121 divinae.
657 2079 707 2121 Et
726 2080 802 2133 huj
811 2093 859 2120 us
875 2080 1010 2120 simile
1028 2079 1228 2132 quamvis

197 2152 376 2205 perfecte
409 2164 497 2193 non
529 2151 659 2205 possit
697 2151 743 2191 in
781 2153 975 2191 creatura
1014 2150 1225 2201 inveniri,

196 2225 341 2264 tamen
371 2223 595 2277 Dionysius
623 2224 633 2245 ¹
662 2222 782 2276 ponit
814 2222 1061 2275 exemplum
1084 2222 1128 2262 in
1156 2222 1228 2262 lu-

198 2295 404 2346 minibus,
440 2307 537 2348 quae
573 2295 709 2336 multa
740 2297 840 2334 sunt
871 2294 917 2334 in
952 2294 1100 2335 eodem
1132 2307 1228 2334 aere

197 2365 416 2407 inconfusa
434 2378 444 2406 ε
461 2369 502 2406 et
513 2366 645 2419 hujus
659 2366 834 2418 signum
848 2368 922 2415 θεῖ,
943 2365 1043 2418 quia
1059 2366 1227 2418 quando

197 2437 408 2478 luminare
427 2437 634 2486 aufertur,
649 2437 778 2476 trahit
796 2436 943 2476 lumen
961 2449 1103 2486 suum,
1121 2436 1228 2476 nihil

197 2509 247 2550 de
267 2509 359 2550 aliis
377 2508 620 2549 convellens
642 2523 651 2549 ε
672 2510 713 2549 et
732 2507 839 2548 ratio
859 2508 993 2560 hujUs
1012 2511 1094 2556 est,
1124 2508 1228 2560 quia

196 2579 362 2620 lumina
379 2579 423 2619 in
450 2591 546 2620 aere
564 2591 651 2619 non
678 2579 1002 2631 distinguuntur
1032 2591 1160 2631 penes
1186 2579 1227 2620 id

197 2651 243 2692 in
261 2663 362 2704 quo.

251 2726 290 2764 3.
311 2722 377 2763 Ad
404 2722 508 2763 illud
526 2722 639 2775 quod
665 2722 882 2775 objicitur,
906 2722 1018 2775 quod
1048 2722 1227 2763 essentia

196 2807 282 2835 non
315 2793 436 2835 estin
464 2793 644 2834 essentia
670 2794 750 2834 nisi
775 2805 849 2846 per
875 2793 1097 2846 illapsum,
1120 2796 1223 2844 etc.;

197 2866 421 2907 dicendum
441 2865 554 2919 quod
577 2877 665 2906 non
684 2866 745 2906 est
764 2864 900 2905 simile
913 2896 922 2914 ‚
948 2864 1050 2917 quia
1069 2865 1144 2905 ubi
1167 2868 1229 2906 est

197 2937 475 2978 essentiarum
496 2937 717 2978 diversitas
730 2969 740 2987 ,
761 2936 798 2976 si
822 2949 909 2976 una
928 2939 990 2977 est
1007 2936 1051 2976 in
1072 2936 1200 2977 altera
1213 2969 1224 2988 ,

197 3011 360 3061 oportet
379 3009 493 3061 quod
511 3021 600 3050 una
619 3008 671 3048 sit
687 3007 829 3060 aliquo
851 3007 976 3048 modo
1000 3007 1228 3048 materialis

196 3080 338 3130 alteri;
360 3080 432 3121 sed
447 3081 649 3133 quoniam
665 3091 857 3133 personae
873 3079 1088 3127 differunt,
1113 3079 1228 3120 salva

197 3152 389 3192 essentiae
409 3151 584 3210 unitate,
605 3163 693 3192 una
713 3153 773 3191 est
792 3150 836 3190 in
853 3150 949 3200 alia,
969 3150 1067 3203 quia
1086 3163 1226 3191 essen-

196 3223 255 3263 tia
282 3223 412 3264 unius
443 3225 504 3263 est
536 3222 716 3264 essentia
744 3221 916 3262 alterius
939 3236 947 3262 :
977 3223 1017 3262 et
1041 3221 1099 3261 ita
1120 3221 1229 3262 sicut

197 3295 310 3336 idem
327 3307 414 3335 non
430 3295 615 3337 illabItur
633 3295 727 3346 sibi,
753 3294 811 3334 ita
824 3293 967 3334 nullus
986 3295 1120 3346 potest
1139 3304 1227 3333 esse

198 3366 254 3407 ihi
274 3367 463 3420 illapsus.

252 3440 292 3478 4.
314 3437 376 3478 Ad
398 3437 502 3479 illud
521 3438 632 3491 quod
652 3437 876 3492 quaerstur,
898 3437 1001 3490 quid
1020 3438 1228 3490 significet

244 3545 255 3567 ¹
270 3545 369 3577 Dion.
390 3547 572 3586 Areopag„
599 3544 639 3576 cle
656 3546 734 3578 Div.
754 3546 868 3578 Nom..
895 3554 968 3586 cap.
990 3552 1028 3585 11,
1047 3554 1082 3587 p.
1103 3548 1115 3579 1
1139 3545 1227 3578 circa

201 3593 293 3626 med.
307 3612 348 3619 —
365 3594 378 3616 ²
397 3594 433 3626 S.
446 3593 568 3626 Thom.
584 3593 746 3626 convenit
765 3602 842 3626 cum
863 3594 898 3626 S.
918 3593 1046 3626 Bonav.

2247 276 2318 315 331

1299 367 1379 407 hoc
1397 366 1509 420 quod
1530 368 1591 406 est
1611 377 1699 406 esse
1718 365 1761 405 in
1782 363 1925 413 Patre3
1947 363 2173 403 dicendum
2192 363 2322 416 quod,

1299 438 1407 478 sicut
1426 436 1558 477 sancti
1580 437 1768 476 innuunt
1781 467 1791 484 ‚
1813 435 1921 475 sicut
1940 433 2102 486 aequale
2122 432 2219 473 dicit
2236 445 2325 473 res-

1301 511 1470 561 pectum
1494 507 1730 548 secundum
1752 506 1958 546 unitatem
1989 503 2232 557 quantitatis
2247 535 2257 553 ,
2285 506 2326 543 et

1300 579 1435 619 simile
1463 578 1698 619 secuudum
1717 577 1925 617 unitatem
1944 574 2156 628 qualitatis
2172 605 2182 621 ,
2213 573 2243 613 si
2253 574 2326 613 mi-

1299 651 1393 691 liter
1416 651 1496 690 1100
1518 649 1630 702 quod
1658 651 1719 689 est
1747 660 1835 688 esse
1867 648 1911 686 in
1938 645 2059 686 Patre
2094 644 2326 685 secundum

1301 722 1507 762 unitatem
1541 719 1801 760 substantiae.
1840 717 1957 757 Unde
1973 749 1983 767 ,
2020 716 2128 756 sicut
2164 714 2327 767 aequale

1301 793 1428 833 simul
1448 792 1647 843 importat
1672 788 1952 829 substantiam
1981 799 2078 827 cum
2103 784 2325 833 relatione,

1300 863 1408 903 sicut
1427 862 1583 916 patebit
1599 861 1719 906 infra,
1741 860 1798 899 ita
1812 862 1851 899 et
1867 859 1947 898 hoc
1959 858 2072 910 quod
2087 859 2244 899 estesse
2261 857 2327 898 in.

1302 934 1352 975 Et
1370 935 1477 974 sicut
1493 934 1595 982 hoc,
1617 931 1729 985 quod
1747 933 1807 971 est
1825 929 2004 982 (equalis
2028 930 2164 978 Patri,
2188 930 2327 968 arcta-

1300 1009 1372 1046 tur
1391 1006 1441 1046 ad
1465 1004 1662 1045 standum
1694 1015 1770 1056 pro
1797 1002 1888 1042 aliis
1912 1000 2103 1054 personis
2119 1032 2129 1050 ,
2151 1000 2208 1040 ita
2228 1002 2268 1040 et
2286 999 2331 1039 in

1301 1076 1515 1130 proposito
1543 1074 1882 1127 intelligendum.

1355 1150 1393 1187 5.
1428 1147 1493 1188 Ad
1520 1146 1624 1187 illud
1656 1146 1770 1199 quod
1802 1144 2030 1198 quaeritur,
2059 1146 2207 1184 utrum
2245 1142 2332 1182 im—

1301 1221 1496 1273 portetur
1527 1218 1674 1258 eadein
1708 1217 1912 1257 habitudo
1928 1248 1939 1267 ,
1978 1214 2204 1255 dicendum
2242 1213 2331 1254 sine

1301 1290 1549 1344 praejudicio
1567 1289 1679 1341 quod
1700 1289 1772 1339 sic,
1794 1290 2003 1340 quantum
2021 1288 2081 1326 est
2098 1286 2149 1327 de
2170 1285 2334 1325 ratione

1301 1360 1487 1401 nominis
1502 1364 1532 1400 2.
1564 1359 1679 1401 Sicut
1699 1360 1813 1400 enim
1838 1371 1937 1399 cum
1961 1358 2113 1399 dicitur
2135 1370 2145 1398 ε
2173 1373 2191 1396 (ι
2212 1357 2334 1398 Pater

1303 1434 1364 1472 est
1388 1431 1538 1471 similis
1564 1431 1690 1480 Filio,
1719 1446 1738 1468 »
1770 1434 1810 1471 et
1837 1442 1859 1470 e
1885 1441 2109 1477 converso,
2139 1440 2226 1469 non
2252 1429 2335 1468 im-

1302 1507 1495 1558 portatur
1515 1503 1596 1544 alia
1616 1506 1656 1544 et
1672 1503 1753 1543 alia
1773 1503 1999 1551 habitudo;
2017 1502 2073 1542 ita
2086 1501 2220 1541 necin
2234 1501 2329 1551 hoc,

1303 1575 1417 1629 quod
1437 1578 1498 1615 est
1524 1586 1608 1616 6336
1636 1575 1685 1616 in
1701 1607 1711 1625 ,
1734 1575 1833 1627 quia
1860 1575 2059 1627 importat
2086 1572 2334 1614 relationem

1301 1647 1531 1689 identitatis
1546 1680 1556 1698 ,
1591 1647 1680 1687 sive
1719 1645 2174 1687 consubstantialitatis.
2216 1643 2332 1684 Unde

1302 1720 1412 1760 sicut
1431 1720 1464 1759 si
1485 1720 1648 1759 dicatur
1667 1730 1677 1758 ε
1704 1734 1723 1757 (ι
1744 1717 1866 1758 Pater
1895 1720 1955 1758 est
1978 1716 2126 1757 similis
2146 1715 2251 1756 Filio
2267 1748 2278 1766 ,
2309 1729 2328 1752 n

1302 1795 1343 1833 et
1360 1804 1381 1832 e
1401 1803 1621 1842 converso,
1644 1803 1731 1831 non
1749 1790 1902 1830 dicitur
1922 1789 2003 1829 alia
2019 1786 2222 1828 habitudo
2238 1801 2247 1837 ;
2271 1786 2330 1826 sic

1302 1864 1349 1904 in
1378 1863 1613 1917 proposito,
1636 1862 1736 1916 quia
1757 1860 1967 1914 significat
1995 1860 2099 1910 hoc,
2129 1859 2243 1912 quod
2271 1859 2332 1898 θεῖ

1302 1946 1386 1978 esse
1404 1937 1451 1977 z'n
1473 1936 1599 1977 Patre
1613 1966 1624 1985 ‚
1644 1934 1756 1974 idem
1777 1932 1890 1986 quod
1909 1934 1969 1972 est
1994 1942 2078 1973 esse
2097 1931 2218 1972 Patri
2236 1940 2331 1972 con-

1301 2005 1635 2049 substantialem.
1658 2005 1708 2046 Et
1727 2004 1994 2045 uniformiter
2011 2002 2215 2055 accipitur
2232 2013 2329 2042 con-

1303 2077 1609 2126 substantialis,
1629 2089 1728 2117 cum
1751 2076 1902 2116 dicitur
1920 2075 1970 2115 de
1989 2074 2108 2115 Patre
2125 2075 2167 2114 et
2184 2073 2292 2113 Filio
2318 2087 2328 2113 ε

1303 2152 1341 2189 et
1362 2149 1443 2189 1100
1459 2150 1591 2201 patet,
1614 2147 1716 2200 quia
1733 2147 1766 2187 si
1785 2158 1873 2187 non
1893 2147 2048 2186 diceret
2067 2143 2329 2185 consimilem

1302 2219 1611 2269 habitudinem,
1628 2231 1714 2258 non
1732 2221 1838 2258 esset
1852 2216 2207 2264 cii'cumincessio,
2223 2215 2331 2255 sicut

1302 2304 1381 2332 nec
1403 2294 1464 2332 est
1482 2291 1652 2344 quando
1672 2290 1826 2331 dicitur
1845 2290 2037 2329 creatura
2054 2299 2143 2328 esse
2162 2287 2207 2327 in
2225 2286 2324 2337 Deo,

1302 2366 1343 2403 et
1362 2363 1471 2403 Deus
1489 2375 1576 2403 esse
1596 2363 1640 2402 in
1661 2364 1867 2411 creatura,
1896 2361 1995 2414 quia
2015 2361 2096 2401 alia
2127 2360 2331 2413 importa-

1300 2438 1371 2475 tur
1392 2434 1595 2474 habitudo
1616 2434 1660 2474 in
1683 2436 1879 2486 utroque.

1356 2508 1394 2546 (5.
1417 2505 1480 2546 Ad
1507 2505 1610 2545 illud
1630 2504 1744 2558 quod
1768 2504 1976 2557 quaeritur
2004 2503 2054 2545 de
2083 2503 2189 2554 hoc,
2212 2503 2329 2556 quod

1302 2581 1364 2618 est
1383 2576 1514 2629 apud,
1535 2579 1630 2627 etc.,
1648 2576 1871 2617 dicendum
1886 2576 2000 2628 quod
2014 2575 2208 2628 quaedam
2223 2586 2332 2627 prae-

1302 2649 1527 2702 positiones
1556 2648 1605 2702 (a)
1634 2648 1863 2701 important
1880 2647 2173 2688 habitudinem
2193 2658 2328 2699 repu-

1303 2720 1506 2773 guantiae,
1528 2722 1760 2766 utcontra,
1793 2719 1990 2772 quaedam
2017 2718 2227 2759 distantiae
2246 2749 2256 2768 ,
2282 2719 2331 2757 ut

1302 2791 1382 2831 1100
1411 2791 1522 2844 quod
1542 2793 1602 2831 est
1622 2790 1681 2832 acl
1701 2793 1741 2831 et
1760 2801 1912 2843 pr0pe‚·
1939 2789 2135 2843 quaedam
2163 2800 2301 2829 causae
2318 2821 2330 2840 ‚

1303 2867 1350 2904 ut
1367 2863 1418 2904 cle
1438 2865 1478 2903 et
1497 2873 1574 2923 exj
1596 2862 1794 2915 quaedam
1812 2861 2131 2911 convenientiae,
2150 2863 2198 2901 ut
2217 2862 2265 2902 in
2285 2863 2326 2901 et

1303 2945 1412 2976 cum.
1444 2933 1597 2974 Primae
1630 2937 1670 2974 et
1699 2933 1894 2974 secundae
1921 2933 2040 2973 nullo
2067 2931 2192 2972 modo
2220 2931 2327 2972 reci-

1302 3006 1493 3060 piuntur,
1513 3006 1584 3046 sed
1604 3005 1735 3046 tertiae
1756 3007 1796 3046 et
1810 3007 1972 3058 quartae
1991 3004 2048 3045 sic
2068 3018 2077 3045 t
2097 3003 2232 3045 tertiae
2250 3003 2325 3053 sic,

1303 3078 1416 3130 quod
1432 3090 1521 3117 non
1534 3076 1769 3117 conversim
1784 3089 1794 3127 3
1811 3076 1882 3116 sed
1895 3078 2058 3129 quartae
2072 3075 2325 3126 conversim,

1302 3149 1403 3202 quia
1423 3148 1719 3190 convenientia
1735 3151 1796 3189 est
1815 3147 1962 3188 relatio
1989 3147 2326 3201 aequiparantiae.

1358 3224 1396 3260 7.
1424 3220 1489 3260 Ad
1515 3219 1716 3261 ultimum
1746 3219 1995 3260 solvendum
2024 3219 2139 3273 quod
2163 3218 2241 3259 iste
2269 3220 2331 3259 θεῖ

1302 3290 1533 3343 singularis
1552 3290 1704 3331 modus
1727 3290 1890 3331 essendi
1917 3292 1967 3333 τη
1985 3290 2059 3344 qui
2078 3302 2163 3331 non
2190 3289 2330 3330 conti-

1302 3368 1428 3405 netur
1446 3364 1555 3405 inter
1573 3364 1682 3415 illos,
1706 3377 1784 3405 nec
1806 3367 1942 3418 potest
1958 3364 2136 3418 reperiri
2160 3362 2330 3417 proprie

1302 3436 1347 3475 in
1366 3434 1585 3476 creaturis.

1347 3591 1388 3633 (a)
1411 3591 1492 3624 Coet.
1509 3590 1587 3623 edit.
1615 3589 1880 3631 propositiones.
