2613 3990
169 2191 282 2218 Funda-

156 2235 260 2260 menta.

971 300 1099 341 DIST.
1126 299 1213 341 XII.
1243 299 1361 340 ART.
1395 300 1427 340 Ι.
1458 295 1657 347 QUAEST.
1692 294 1762 334 III.

301 400 342 439 et
356 397 450 438 ideo
480 409 567 438 non
591 395 797 449 sequitur,
825 391 939 445 quod
968 390 1135 444 plenius
1161 401 1186 429 a
1205 388 1325 430 Patre

301 469 519 522 procedat,
540 468 640 521 quia
658 463 946 520 principalius.

356 543 378 580 3
409 543 449 580 et
481 543 519 579 4.
561 538 681 588 Quod
714 535 910 588 objicitur
943 546 953 574 ε
1000 532 1169 574 Plenius
1201 531 1327 572 habet

302 611 415 664 quod
436 611 562 650 habet
586 608 809 650 essentiam
826 608 866 646 et
890 605 1213 658 proprietatem3
1236 615 1326 643 res-

304 682 479 735 ponderi
494 684 627 735 potest
638 677 919 719 interimendo
934 675 1164 716 minorem1
1180 674 1328 715 :habet

303 753 416 794 enim
435 752 614 806 Spiritus
634 752 804 790 sanctus
827 762 850 789 a
871 748 974 789 Filio
998 746 1297 801 proprietatem
1314 777 1324 794 ,

303 825 397 865 licet
412 836 498 864 non
525 823 677 863 habeat
705 820 938 862 secundum
964 830 1135 860 omnem
1163 829 1328 870 respec-

302 898 396 936 tum
417 908 427 936 :
449 895 575 935 habet
606 893 722 934 enim
740 892 1052 946 processionem
1072 903 1096 931 a
1118 889 1237 939 Filio,
1257 889 1327 930 sed

302 979 388 1008 non
407 970 455 1007 ut
473 979 498 1006 3
517 965 654 1006 Patre.

357 1042 395 1079 5.
415 1037 480 1078 Ad
508 1037 612 1078 illud
630 1037 742 1090 quod
768 1036 964 1089 objicitur
983 1035 1097 1088 quod
1119 1034 1240 1074 Pater
1260 1032 1329 1073 dat

302 1109 405 1150 Filio
433 1110 752 1159 auctoritatem,
787 1108 1013 1149 dicendum
1041 1106 1154 1160 quod
1191 1105 1328 1146 dando

302 1181 594 1221 auctoritatem
614 1193 741 1234 super
758 1179 962 1233 Spiritum
980 1181 1190 1228 sanctum,
1213 1177 1328 1217 nihi-

300 1252 487 1293 lominus
501 1264 555 1292 ex
573 1252 665 1305 ipso
681 1252 807 1293 habet
823 1251 1128 1300 auctoritatem,
1151 1249 1252 1302 quia
1275 1261 1329 1290 ex

300 1324 381 1364 hoc
397 1324 521 1364 debet
537 1323 670 1364 Filius
681 1336 774 1364 eam
786 1324 941 1365 referre
958 1324 1008 1363 ad
1029 1322 1210 1372 Patrem,
1229 1321 1329 1373 quia

300 1392 425 1433 habet
447 1392 637 1444 a4Patre3
660 1396 700 1434 et
719 1392 816 1433 inde
835 1396 911 1443 est,
936 1391 1050 1445 quod
1080 1392 1124 1431 in
1143 1390 1248 1431 Filio
1268 1391 1329 1429 est

300 1464 527 1505 auctoritas
547 1497 558 1515 ,
600 1468 641 1505 et
684 1465 1006 1505 suhauctoritas.
1051 1463 1169 1504 Unde
1201 1461 1329 1502 etiam

299 1535 586 1588 principaliter
604 1535 799 1588 producit
815 1535 968 1583 Filius3
985 1535 1059 1575 sed
1077 1533 1198 1574 Pater
1215 1532 1328 1585 prin-

300 1605 501 1658 cipalius:
524 1606 623 1660 quia
651 1607 696 1647 in
725 1619 774 1647 eo
799 1610 860 1647 est
879 1609 1051 1646 tantum
1078 1604 1326 1653 auctoritas,

299 1689 386 1718 non
405 1678 711 1719 subauctoritas
731 1693 739 1719 ε
762 1678 1049 1731 principalitas
1071 1680 1214 1718 autem
1235 1688 1330 1716 auc-

299 1750 447 1791 toritas
461 1750 612 1792 dicitur
630 1750 675 1791 in
694 1750 863 1792 divinis.

645 1906 883 1958 QUAESTIO
914 1906 984 1948 Ill.

300 2014 362 2051 An
380 2015 541 2062 Spiritus
566 2018 709 2053 sanctus
735 2015 914 2051 mediante
933 2017 1029 2052 Filio
1059 2026 1082 2051 a
1109 2016 1217 2050 Patre
1241 2023 1328 2060 pro-

743 2074 844 2111 cedat
862 2076 888 2110 ².

355 2182 507 2224 Utrum
527 2182 707 2236 Spiritus
725 2186 896 2224 sanctus
923 2183 1121 2236 procedat
1139 2195 1164 2223 3
1186 2182 1329 2234 Patre,

303 2255 513 2296 mediante
526 2255 652 2306 Filio;
675 2259 716 2296 et
730 2256 842 2309 quod
857 2256 931 2305 sic,
947 2256 1116 2297 videtur
1130 2267 1205 2308 per
1220 2254 1333 2296 Hila-

304 2326 418 2367 rium
438 2330 469 2376 3,
487 2327 559 2368 lib.
580 2326 653 2368 XII
677 2327 728 2369 cle
762 2328 939 2378 Trz'm‘t„
973 2327 1047 2380 qui
1065 2327 1244 2380 loquens
1278 2327 1330 2367 ad

307 2396 488 2447 Patrem,
509 2397 568 2438 ait
588 2412 598 2438 ι
625 2413 645 2437 «
664 2398 865 2439 Sanctum
884 2398 1082 2451 spiritum
1098 2401 1239 2449 tuum,
1259 2398 1332 2451 qui

305 2471 411 2509 exte
423 2481 498 2521 per
514 2469 787 2521 unigenitum
801 2472 926 2509 tuum
940 2472 1016 2518 est,
1028 2481 1291 2522 promerear:
1309 2485 1328 2507 ι)

306 2553 409 2593 ergo
425 2541 605 2595 Spiritus
618 2544 787 2582 sanctus
805 2544 866 2582 est
882 2554 906 2582 3
918 2540 1039 2582 Patre
1055 2554 1129 2594 per
1145 2541 1302 2582 Filium
1322 2557 1330 2582 z

305 2624 410 2665 ergo
433 2613 643 2654 mediante
661 2612 780 2654 Filio.

358 2689 465 2730 Item
492 2690 726 2732 Richardus
744 2691 758 2712 ³
780 2691 879 2732 dicit
901 2690 1015 2743 quod
1034 2690 1080 2730 in
1099 2690 1253 2731 divinis
1273 2694 1334 2732 est

305 2762 514 2817 processio
532 2762 777 2803 immediata
797 2765 964 2803 tantum
982 2794 992 2813 ,
1015 2764 1056 2802 et
1076 2762 1272 2813 mediata,
1293 2766 1333 2803 et

305 2832 549 2876 immediata
561 2834 757 2888 (mediata
768 2838 937 2875 tantum
951 2847 1041 2876 esse
1061 2847 1146 2876 non
1158 2836 1304 2888 potest)
1322 2848 1332 2885 3

307 2907 347 2945 et
374 2906 472 2946 dicit
500 2906 614 2959 quod
632 2906 813 2947 mediata
825 2909 867 2947 et
882 2907 1126 2948 immediata
1144 2911 1205 2947 est
1232 2919 1334 2960 pro-

308 2977 436 3018 cessio
450 2977 629 3032 Spiritus
642 2979 775 3019 sancti
785 2991 839 3020 ex
854 2978 995 3021 Patre:
1010 2992 1114 3032 ergo
1129 2991 1229 3020 cum
1247 2990 1336 3019 non

308 3049 437 3100 possit
466 3050 614 3091 cadere
643 3050 833 3091 medium
861 3051 943 3090 nisi
970 3050 1121 3100 Filius,
1151 3050 1333 3104 Spiritus

309 3123 477 3161 sanctus
488 3121 675 3173 procedit
691 3134 716 3161 3
736 3120 858 3162 Patre
877 3121 1088 3162 mediante
1107 3121 1229 3162 Filio.

363 3189 481 3242 Item,
502 3193 651 3233 similis
672 3196 734 3234 est
752 3205 973 3246 processus
991 3194 1037 3233 in
1050 3193 1124 3234 illa
1135 3193 1337 3234 Trinitate

311 3263 522 3313 processui
536 3264 739 3316 imaginis
758 3267 908 3304 creatae
929 3279 938 3305 z
961 3265 1032 3305 sed
1047 3277 1167 3305 amor
1185 3276 1337 3318 proce-

311 3331 372 3371 dit
402 3344 428 3372 a
454 3337 618 3386 mente,
649 3334 861 3375 mediante
889 3335 1201 3387 intelligentia:
1234 3347 1340 3387 ergo

313 3402 492 3455 Spiritus
509 3408 676 3447 sanctus
696 3406 885 3460 procedit
907 3419 932 3447 a
954 3405 1075 3447 Patre
1088 3439 1098 3457 ,
1127 3407 1339 3447 mediante

357 3485 367 3505 ¹
387 3485 531 3518 Adducit
548 3487 622 3520 haec
640 3489 676 3520 in
695 3490 1000 3522 contradictionem
1017 3491 1108 3522 Scot.
1126 3490 1161 3521 in
1181 3491 1282 3530 Resp.
1301 3489 1342 3520 ad

314 3542 446 3574 argum.
461 3536 525 3557 —2
542 3536 595 3576 Cf.
612 3537 707 3569 Alex.
725 3539 868 3579 Mensis,
886 3548 920 3579 p.
940 3540 964 3570 l.
983 3547 1016 3579 q.
1037 3545 1136 3578 xrvi,
1159 3538 1286 3569 memb.
1305 3540 1341 3577 63

315 3581 352 3620 Sg
369 3581 503 3632 Tuom„
528 3592 563 3623 p.
586 3584 613 3624 1,
637 3593 671 3625 q.
687 3593 807 3627 xxxv1,
824 3590 886 3618 art.
908 3587 945 3626 3,
964 3589 997 3617 et
1015 3588 1025 3618 l
1048 3585 1154 3625 Sent„
1173 3586 1249 3617 dist.
1273 3593 1341 3625 3113

315 3628 468 3669 AEgidius
486 3630 584 3663 Rom.
612 3631 729 3664 [Sem.
747 3642 781 3674 q.
801 3640 826 3674 1,
843 3635 906 3665 art.
923 3635 954 3674 3,
975 3633 1051 3664 dist.
1070 3640 1132 3673 xii,
1153 3642 1186 3673 p.
1209 3634 1287 3673 ll‚q.
1305 3640 1343 3672 11,

2351 301 2427 338 :213

1401 387 1519 428 Filio.
1542 384 1586 426 Si
1605 384 1715 425 dicas
1735 382 1850 436 quod
1867 392 1954 421 non
1974 382 2035 421 est
2051 380 2280 426 similitudo
2298 398 2429 438 quan-

1399 461 1493 499 tum
1510 456 1562 497 ad
1575 456 1675 505 hoc;
1701 466 1805 506 ergo
1825 451 2057 493 destruitur
2075 452 2183 493 ratio
2204 454 2400 507 imaginis
2415 489 2426 508 ,

1400 529 1502 582 quia
1527 527 1672 578 imago
1696 525 1818 565 debet
1836 525 2140 576 repraesentare
2168 525 2360 567 ordinem
2391 533 2430 568 et

1400 600 1611 652 originem
1625 607 1916 649 personarum,
1926 606 2012 635 non
2021 597 2187 635 tantum
2200 608 2431 639 numerum

1402 672 1447 712 in
1469 669 1674 724 personis,
1697 668 1798 721 quia
1817 668 1909 708 haec
1928 666 2056 707 etiam
2082 669 2143 707 est
2172 667 2217 707 in
2234 669 2429 721 vestigio.

1403 744 1522 793 Item,
1545 741 1580 781 si
1599 740 1712 781 solus
1727 739 1857 780 Filius
1873 738 2018 792 spirat,
2039 738 2099 778 ita
2117 739 2231 791 quod
2250 751 2337 780 non
2354 739 2433 781 Ρ3-

1401 817 1480 865 ter,
1512 816 1615 853 tunc
1648 811 1770 852 Pater
1797 810 2007 851 diceretur
2032 809 2212 862 spirare,
2240 810 2310 850 sed
2339 823 2432 852 me—

1402 886 1541 927 diante
1556 884 1675 935 Filio,
1692 884 1749 923 ita
1765 884 1879 935 quod
1900 884 2007 922 esset
2021 881 2229 934 processio
2251 882 2433 923 mediata

1403 960 1572 997 tantum
1595 971 1603 997 ;
1625 967 1745 1007 ergo,
1765 966 1864 995 cum
1885 953 2056 1006 spiratio
2078 953 2302 994 conveniat
2320 953 2433 994 Patri

1402 1040 1546 1082 perse,
1563 1031 1603 1069 et
1623 1026 1848 1068 conveniat
1867 1025 1906 1066 ei
1924 1037 2000 1079 per
2017 1025 2098 1066 hoc
2115 1025 2230 1078 quod
2243 1028 2306 1066 est
2319 1025 2434 1078 prin-

1403 1101 1561 1153 cipium
1590 1099 1685 1140 Filii
1709 1098 1907 1151 spirantis
1924 1129 1935 1148 ,
1968 1109 2073 1150 ergo
2099 1098 2297 1138 convenit
2330 1098 2367 1138 ei
2395 1100 2435 1138 et

1403 1171 1582 1212 mediate
1609 1175 1649 1212 et
1674 1170 1917 1211 immediate
1937 1184 1945 1210 :
1968 1169 2039 1210 sed
2062 1169 2097 1209 si
2126 1169 2230 1219 hoc,
2254 1169 2434 1222 Spiritus

1403 1246 1573 1284 sanctus
1590 1242 1777 1296 procedit
1795 1255 1820 1282 a
1839 1241 1960 1282 Patre
1976 1241 2188 1281 mediante
2203 1240 2322 1281 Filio.

1457 1315 1607 1356 Contra
1624 1330 1631 1355 :
1654 1318 1691 1355 1.
1712 1313 1904 1354 Nobilius
1923 1316 1984 1354 est
2007 1312 2303 1353 immediatum
2323 1312 2434 1365 prin-

1404 1387 1579 1439 cipium,
1612 1398 1743 1439 quam
1769 1385 2029 1426 mediatum:
2062 1384 2134 1424 sed
2156 1395 2283 1424 omne
2310 1383 2433 1424 nobi-

1402 1460 1484 1500 lius
1509 1463 1570 1500 est
1595 1459 1677 1499 Deo
1704 1458 1981 1499 tribuendum
2002 1471 2011 1497 ε
2033 1468 2138 1508 ergo
2169 1456 2203 1495 si
2232 1455 2354 1496 Pater
2375 1459 2438 1497 est

1404 1531 1715 1572 nobilissimum
1756 1529 2015 1582 principium
2061 1528 2242 1581 Spiritus
2287 1528 2434 1576 sancti,

1404 1615 1507 1654 ergo
1534 1606 1701 1642 tantun]
1722 1601 1979 1651 immediate,
2002 1612 2090 1640 non
2118 1599 2315 1649 mediate,
2337 1612 2439 1652 pro-

1405 1675 1519 1715 ducit
1532 1675 1688 1727 ipsum.
1712 1672 1754 1713 Si
1774 1677 1823 1713 tu
1841 1673 1953 1714 dicas
1969 1672 2082 1726 quod
2101 1672 2295 1725 producit
2309 1671 2439 1712 simul

1405 1746 1585 1787 mediate
1619 1749 1659 1786 et
1690 1745 1954 1795 immediate,
1997 1746 2143 1785 contra
2162 1758 2170 1784 :
2207 1743 2438 1784 Mediatum

1405 1821 1445 1858 et
1470 1817 1767 1858 immediatum
1786 1819 1885 1857 sunt
1908 1816 2099 1869 opposita
2118 1829 2126 1856 ε
2155 1815 2226 1856 sed
2248 1815 2439 1868 opposita

1405 1903 1491 1930 non
1521 1893 1620 1930 sunt
1648 1889 1776 1930 simul
1795 1901 1897 1931 vera
1923 1889 1973 1929 de
1998 1888 2147 1929 eodem
2175 1890 2215 1928 et
2243 1890 2437 1940 respectu

1405 1962 1626 2016 eiusdem:
1665 1973 1768 2014 ergo
1800 1960 2040 2014 impossible
2072 1962 2133 2000 est
2166 1960 2279 2013 quod
2312 1959 2439 2000 simui

1404 2034 1609 2087 producat
1626 2033 1805 2073 mediate
1825 2036 1864 2073 et
1880 2031 2140 2072 immediate.

1459 2109 1498 2147 2.
1522 2106 1642 2157 Item,
1664 2105 1772 2145 sicut
1790 2117 1834 2145 se
1853 2105 1979 2145 habet
1994 2114 2071 2157 per
2096 2114 2137 2145 se
2156 2104 2205 2145 ad
2225 2114 2302 2157 per
2323 2103 2439 2145 acci-

1405 2176 1522 2228 dens,
1556 2177 1614 2218 ita
1648 2176 1885 2217 mediatum
1925 2175 1977 2216 ad
2007 2175 2306 2216 immediatum
2327 2191 2335 2217 z
2369 2174 2441 2215 sed

1406 2249 1516 2290 Deus
1534 2250 1708 2300 nullius,
1723 2250 1846 2302 quus
1861 2250 1922 2288 est
1941 2260 2068 2288 causa
2077 2259 2152 2301 per
2172 2259 2231 2298 se,
2244 2250 2304 2288 est
2315 2259 2441 2287 causa

1406 2334 1482 2375 per
1501 2322 1695 2363 accidens
1714 2333 1725 2362 1
1747 2333 1851 2373 ergo
1872 2320 2047 2371 nullius,
2069 2321 2191 2373 quus
2209 2322 2270 2360 est
2288 2319 2443 2373 princi-

1407 2393 1844 2446 piumimmediatum,
1857 2395 1918 2432 est
1926 2391 2183 2445 principium
2190 2390 2441 2433 mediatum.

1462 2470 1500 2506 3.
1535 2466 1638 2507 Item
1652 2498 1662 2516 ,
1692 2465 1832 2518 magis
1874 2468 1937 2506 est
1968 2464 2285 2512 immediatum,
2327 2462 2442 2516 quod

1408 2538 1525 2578 nullo
1545 2538 1670 2578 niodo
1691 2537 1838 2590 recipit
1857 2536 2063 2585 medium,
2092 2548 2223 2588 quam
2242 2535 2355 2588 quod
2374 2547 2440 2576 re-

1408 2610 1509 2663 cipit
1533 2610 1756 2650 medium:
1790 2608 1862 2649 sed
1891 2607 2023 2649 Filius
2054 2607 2223 2648 nullum
2252 2606 2442 2647 medium

1409 2682 1555 2735 recipit
1580 2682 1625 2721 in
1656 2681 1857 2734 spirando
1878 2694 1888 2723 z
1920 2692 2024 2733 ergo
2044 2679 2328 2720 immediatius
2348 2691 2443 2731 pro-

1409 2754 1540 2802 ducit,
1562 2765 1691 2806 quam
1707 2753 1915 2806 producat
1935 2751 2060 2792 Pater
2079 2765 2089 2792 ε
2112 2763 2198 2791 non
2216 2762 2319 2802 ergo
2340 2750 2442 2791 uni-

1410 2825 1600 2865 formiter
1619 2825 1794 2865 omnino
1822 2824 2066 2878 producunt
2097 2821 2218 2863 Pater
2244 2824 2286 2862 et
2310 2820 2444 2862 Filius

1410 2895 1615 2950 Spiritum
1634 2899 1845 2938 sanctum.

1777 3060 2078 3105 CONCLUSIO.

1412 3190 1573 3236 Spiritus
1592 3191 1733 3225 sanctus
1756 3187 1919 3235 procedit
1939 3198 1963 3223 a
1982 3188 2091 3223 Patre
2109 3186 2336 3229 immediate,
2368 3195 2445 3221 cum

1460 3251 1536 3294 ipse
1572 3250 1681 3284 etiam
1703 3249 1836 3293 spiren
1864 3250 1971 3292 atquc
2006 3248 2116 3283 etiam
2147 3246 2302 3283 mediate
2316 3272 2325 3289 ,
2356 3246 2444 3290 quia

1458 3308 1620 3354 procedit
1640 3318 1662 3342 α
1677 3307 1788 3351 Filio,
1809 3308 1871 3353 qui
1891 3309 1941 3342 cst
1961 3317 1984 3342 a
2002 3307 2123 3342 Patre.

1471 3421 1592 3474 Resp.
1620 3421 1673 3462 ad
1693 3421 1799 3474 Arg.
1827 3420 2060 3462 Dicendum
2084 3419 2197 3473 quod
2226 3418 2335 3459 sicut
2354 3417 2447 3458 vult

1417 3534 1617 3574 Richardus,
1642 3535 1652 3565 Ι
1669 3535 1774 3575 Seni„
1796 3534 1874 3566 dist.
1894 3541 1959 3574 XII,
1974 3543 2007 3574 q.
2022 3540 2079 3573 1113
2097 3531 2290 3571 Durandus,
2310 3531 2322 3562 1
2342 3531 2448 3569 Sent.,

1418 3583 1494 3615 dist.
1517 3589 1580 3622 ΧΠ,
1605 3592 1638 3623 q.
1660 3590 1762 3614 111.—
1780 3582 1926 3622 ³Hilar.,
1950 3581 1989 3612 de
2017 3581 2122 3620 Trz'n„
2147 3579 2206 3611 lib.
2235 3579 2309 3620 XII,
2336 3587 2371 3609 n.
2395 3579 2447 3609 57.

1417 3631 1481 3654 —b
1495 3629 1603 3670 Rich„
1618 3629 1656 3661 cle
1677 3630 1763 3662 Τνίη.
1780 3629 1838 3662 lib.
1861 3630 1903 3670 V,
1920 3638 1950 3660 c.
1968 3635 2044 3660 vm.

2488 1321 2533 1348 Ad
2547 1329 2594 1356 op-

2456 1370 2517 1397 pos.
