2613 3990
166 866 259 892 Prima

131 907 211 940 ratio,
225 907 267 933 vet

154 949 252 975 modus

290 234 340 272 60
1020 222 1432 269 SENTENTIARUM
1459 223 1614 266 LIBER
1643 223 1674 265 I.

290 320 444 365 mundi
465 321 728 377 intelligitur
753 320 910 373 homo,
935 321 1110 377 propter
1139 313 1441 359 excellentiam
1467 329 1554 373 qua
1580 312 1751 357 excellit
1781 312 1895 356 inter
1923 311 2029 355 alias
2057 317 2279 357 creaturas
2295 346 2306 367 ,
2342 311 2409 355 vel

289 403 464 458 propter
484 398 832 442 convenientiam
855 410 987 454 quam
1008 394 1138 438 habet
1157 407 1255 436 cuni
1278 391 1399 435 omni
1418 397 1630 434 creatura.
1654 391 1795 434 Homo
1816 405 1918 446 ergo
1939 389 2179 433 invisibilia
2192 390 2269 433 Dei
2283 389 2412 433 intel·
2464 409 2466 412 ·

289 476 401 520 lectu
425 476 580 519 mentis
600 475 842 533 conspicere
863 472 1025 531 potuit,
1049 471 1117 514 vel
1138 470 1266 513 etiam
1294 469 1539 527 conspexit,
1564 483 1640 527 per
1659 483 1709 512 ea
1737 483 1835 527 quae
1864 467 1974 510 facta
2004 471 2130 522 sunt,
2153 466 2197 510 id
2225 473 2314 521 est,
2337 481 2413 525 per

288 559 506 597 creaturas
530 552 744 605 visibiles,
779 550 846 592 vcl
876 548 1132 592 invisibiles.
1157 548 1196 590 A
1222 545 1394 590 duobus
1421 546 1536 589 enim
1560 545 1800 604 juvabatur
1830 560 1838 587 z
1862 544 2022 587 scilicet
2046 559 2071 587 a
2099 549 2283 598 natura,
2311 558 2412 602 quae

289 631 513 675 rationalis
540 636 650 682 crat3
675 635 715 671 et
743 628 796 671 ab
822 626 1026 687 operibus
1051 641 1076 669 a
1101 626 1188 668 Deo
1218 623 1360 677 factis,
1386 628 1433 666 ut
1456 623 1806 667 manifestaretur
1825 621 1995 666 homini
2025 620 2200 664 veritas.
2224 620 2413 679 Ideoque

288 708 520 768 Apostolus
540 707 650 750 dixit
669 710 679 730 ¹
706 722 713 748 :
743 723 764 746 «
789 705 903 759 Quia
922 706 1036 748 Dens
1056 701 1265 747 revelavit
1286 700 1391 755 illis,
1416 718 1437 742 »
1461 700 1622 744 scilicet
1641 700 1747 743 dum
1769 699 1868 743 fecit
1887 713 2033 758 opera,
2055 698 2102 742 in
2119 698 2280 758 quibus
2299 697 2417 741 Arti-

290 786 382 830 ficis
401 785 679 844 aliquatenus
699 783 864 826 relucet
884 781 1114 825 indicium.

348 862 481 917 Nam,
501 861 611 904 sicut
632 860 692 904 ait
711 858 970 903 Ambrosius
990 861 1002 882 '³
1028 875 1036 901 :
1071 874 1093 899 «
1118 857 1171 901 Ut
1192 856 1306 900 Deus
1326 855 1404 915 qui
1425 860 1582 899 natura
1601 855 1837 899 invisibilis
1863 859 1947 910 est,
1971 853 2101 898 etiam
2121 869 2145 897 a
2164 852 2416 897 visibilibus

289 945 428 1000 posset
448 939 562 993 sciri,
588 953 697 997 opus
716 937 832 992 fecit,
854 936 972 996 quod
993 935 1204 995 Opiticem
1224 933 1473 977 visibilitate
1493 933 1562 976 sui
1585 932 1895 987 manifestavit,
1920 936 1969 974 ut
1989 946 2065 991 per
2088 936 2256 975 certum
2279 931 2420 974 incer-

149 1040 164 1057 ο
230 1006 265 1076 1]⁴
289 1023 382 1061 tum
406 1021 545 1075 posset
565 1015 682 1070 sciri,
706 1020 747 1058 et
768 1014 842 1058 ille
862 1013 976 1056 Deus
996 1012 1195 1056 oninium
1215 1026 1305 1054 esse
1325 1010 1589 1064 crederetur,
1613 1010 1786 1069 quihoc
1808 1009 1907 1053 fecit
1927 1008 2041 1069 quod
2065 1008 2119 1052 ab
2140 1007 2334 1062 homine,
2359 1007 2420 1051 ait

139 1494 266 1522 Secunda

156 1536 242 1567 Γὸῑίυ,

137 1586 192 1611 qua
216 1585 268 1611 po-

141 1619 191 1644 tuit
215 1626 258 1643 co-

142 1660 237 1695 gnosci
250 1681 256 1693 ‚

139 1702 181 1728 vel
207 1710 266 1727 ino-

140 1744 193 1770 dus
212 1753 267 1778 quo

130 1789 268 1812 noverunt

162 2035 258 2061 Tertia

131 2077 212 2110 ratio,
225 2077 269 2104 vel

131 2118 240 2145 modus.

150 2273 270 2304 Quartus

144 2313 243 2339 modus
253 2335 259 2347 ,

132 2355 175 2381 vel
188 2356 270 2383 ratio.

153 3283 273 3314 Quomo-

161 3324 196 3349 do
227 3324 253 3349 in

225 1081 238 1141 .-
287 1093 569 1148 Ambrosius,
598 1091 867 1151 impossibile
897 1096 959 1134 est
987 1089 1097 1133 fieri.
1131 1090 1377 1132 Potuerunt
1403 1102 1506 1145 ergo
1539 1102 1823 1144 cognoscere,
1852 1087 1943 1131 sive
1975 1090 2274 1144 cognoverunt
2302 1085 2418 1129 ultra

287 1185 460 1215 omnem
478 1175 721 1214 creaturam
752 1184 841 1212 esse
861 1168 986 1211 illum
1019 1167 1097 1226 qui
1118 1182 1167 1210 ea
1194 1165 1314 1220 fecit,
1337 1179 1434 1224 quae
1454 1164 1577 1207 nulla
1597 1169 1896 1207 creaturarum
1918 1164 2055 1208 facere
2070 1197 2081 1218 ‚
2104 1163 2174 1207 vel
2193 1163 2418 1207 destruere

288 1248 415 1292 valet..
440 1247 625 1291 Accedat
644 1261 931 1306 quaecumque
954 1245 1018 1288 vis
1036 1250 1259 1298 creaturae,
1283 1248 1323 1286 et
1343 1242 1474 1285 faciat
1497 1241 1578 1285 tale
1598 1241 1775 1297 coelum,
1802 1246 1843 1285 et
1862 1246 2045 1296 terram3
2068 1246 2109 1284 et
2128 1240 2286 1296 (licam,
2309 1240 2415 1299 quia

287 1327 402 1370 Deus
421 1331 499 1370 est.
523 1324 607 1368 Sed
628 1324 732 1384 quia
752 1324 877 1367 nulla
894 1328 1093 1366 creatura
1119 1321 1220 1365 talia
1240 1321 1377 1364 facere
1397 1319 1530 1373 valet,
1553 1324 1718 1362 constat
1737 1333 1868 1377 super
1881 1333 2056 1362 omnem
2068 1324 2311 1362 creaturam
2327 1332 2418 1362 esse

288 1404 415 1448 illum
436 1403 511 1462 qui
533 1418 582 1446 ea
602 1402 700 1445 fecit
723 1418 732 1445 ι
756 1416 804 1444 ac
824 1415 901 1460 per
921 1400 1016 1455 hoc,
1040 1399 1169 1442 illum
1190 1413 1279 1442 esse
1300 1398 1457 1452 Deum,
1482 1396 1677 1440 humana
1697 1410 1818 1439 mens
1837 1410 2092 1453 cognoscere
2112 1396 2270 1455 potuit.
2294 1413 2315 1437 ))

346 1481 447 1525 Alio
467 1480 595 1524 etiam
618 1478 746 1523 modo
770 1478 847 1521 Dei
868 1478 1094 1522 veritatem
1117 1477 1251 1520 ductu
1272 1475 1453 1519 rationis
1472 1489 1729 1531 cognoscere
1751 1478 2006 1533 potuerunt,
2028 1473 2098 1517 vel
2113 1474 2244 1518 etiam
2264 1489 2423 1532 cogno-

289 1564 448 1603 verunt
470 1575 478 1602 :
502 1563 550 1601 ut
570 1557 686 1600 enim
707 1555 983 1613 Augustinus
1004 1555 1063 1598 ait
1083 1555 1128 1598 in
1146 1554 1224 1597 lib.
1249 1552 1301 1597 cle
1325 1553 1518 1598 Ciuitate
1537 1552 1618 1596 Dei
1645 1555 1658 1577 ⁸
1680 1568 1693 1594 .·
1714 1551 1970 1595 «Viderunt
1989 1551 2150 1594 summi
2176 1551 2423 1611 philosophi

290 1638 464 1681 nullum
496 1650 652 1694 corpus
681 1649 769 1677 esse
798 1634 961 1688 Deum,
996 1638 1038 1676 et
1070 1632 1166 1676 ideo
1197 1637 1353 1676 cuncta
1382 1645 1561 1691 corpora
1597 1630 1958 1673 transcenderunt
1986 1634 2229 1688 quaerentes
2262 1630 2418 1674 Deum.

289 1715 508 1759 Viderunt
538 1713 667 1757 etiam
689 1711 906 1773 quidquid
935 1710 1145 1754 mutabile
1172 1716 1234 1754 est
1264 1725 1352 1753 non
1382 1724 1471 1752 esse
1506 1723 1731 1752 summum
1761 1707 1925 1762 Deum,
1948 1707 2236 1768 omniumque
2266 1707 2425 1766 princi-

291 1793 411 1852 pium
436 1808 444 1835 :
470 1797 511 1835 et
530 1792 626 1835 ideo
647 1805 821 1834 omnem
841 1788 1034 1832 animam
1058 1788 1378 1846 mutabilesque
1405 1786 1583 1846 spiritus
1622 1785 1997 1829 transcenderunt.
2023 1785 2188 1829 Deinde
2218 1785 2425 1829 viderunt

290 1885 417 1914 omne
437 1869 554 1929 quod
576 1868 786 1912 mutabile
804 1872 868 1910 est
889 1881 978 1909 non
1000 1880 1122 1924 posse
1141 1880 1230 1909 esse
1252 1865 1336 1908 nisi
1357 1865 1410 1908 ab
1433 1864 1509 1908 illo
1523 1899 1534 1919 ,
1557 1864 1634 1924 qui
1665 1862 2082 1906 incommutabiliter
2101 1868 2143 1907 et
2167 1862 2424 1923 simpliciter

291 1954 366 1992 est.
389 1947 706 1990 Intellexerunt
727 1960 829 2003 ergo
849 1959 968 1998 eum,
993 1948 1034 1987 et
1055 1943 1204 1987 omnia
1224 1943 1306 1986 ista
1323 1942 1488 1997 fecisse,
1513 1947 1553 1986 et
1573 1958 1597 1985 a
1619 1942 1743 1985 nullo
1766 1941 1862 1985 fieri
1885 1941 2094 2000 potuisse.
2117 1957 2139 1981 >³

356 2042 378 2068 «
398 2025 796 2070 Consideraverunt
815 2023 944 2066 etiam
958 2023 971 2044 b
985 2020 1203 2081 quidquid
1219 2026 1281 2065 est
1296 2021 1342 2064 in
1357 2020 1626 2075 substantiis,
1645 2020 1712 2064 vel
1727 2034 1884 2078 corpus
1898 2034 2004 2076 esse,
2025 2020 2094 2064 vel
2109 2018 2311 2079 spiritum
2329 2018 2386 2078 (a)
2409 2035 2418 2062 :

292 2104 536 2163 meliusque
557 2102 726 2162 aliquid
746 2101 951 2160 spiritum
977 2115 1066 2144 esse
1092 2115 1226 2161 quam
1247 2113 1427 2158 corpus;
1452 2098 1524 2141 sed
1544 2098 1674 2155 longe
1694 2097 1946 2154 meliorem,
1967 2097 2045 2156 qui
2064 2099 2268 2157 spiritum
2294 2099 2394 2146 fecit
2409 2133 2420 2154 ,

292 2187 333 2226 et
355 2197 528 2241 corpus.
552 2198 573 2222 »

352 2277 374 2301 «
398 2259 711 2302 Intellexerunt
730 2256 860 2300 etiam
885 2259 897 2281 5
918 2256 1110 2316 corporis
1130 2255 1319 2312 speciem
1339 2268 1429 2298 esse
1450 2253 1716 2308 sensibilem,
1741 2258 1782 2297 et
1803 2253 1982 2312 spiritus
2005 2254 2191 2313 speciem
2214 2255 2424 2315 intelligi-

291 2337 453 2391 bilem,
477 2342 517 2380 et
552 2334 876 2392 intelligibilem
907 2334 1092 2394 speciem
1119 2333 1315 2377 sensibili
1348 2331 1654 2391 praetulerunt.
1692 2330 1927 2375 Sensibilia
1951 2331 2164 2386 dicimus,
2197 2348 2296 2392 quae
2325 2334 2420 2378 visu

292 2420 496 2473 tactuque
513 2413 704 2472 corporis
724 2411 874 2455 sentiri
895 2416 1084 2471 queunt3
1111 2409 1411 2468 intelligibilia
1425 2443 1436 2464 ,
1459 2425 1559 2468 quae
1587 2416 1817 2468 conspectu
1839 2408 1995 2452 mentis
2014 2415 2196 2468 possunt
2216 2410 2420 2468 intelligi.

290 2493 400 2537 Cum
423 2507 542 2550 ergo,
565 2491 611 2535 in
636 2506 788 2535 eorum
809 2495 1056 2550 conspectu,
1081 2494 1122 2533 et
1141 2502 1299 2547 corpus
1319 2493 1360 2531 et
1377 2487 1552 2531 animus
1573 2487 1710 2545 magis
1730 2489 1964 2548 minusque
1984 2489 2176 2548 speciosa
2195 2494 2363 2543 essent;
2388 2491 2424 2534 si

291 2576 434 2614 autem
455 2570 576 2614 omni
593 2569 732 2629 specie
752 2584 896 2613 carere
918 2573 1117 2628 possent,
1140 2565 1320 2610 omnino
1341 2565 1466 2608 nulla
1487 2570 1628 2608 essent
1653 2582 1661 2608 :
1686 2565 1893 2610 viderunt
1914 2581 2003 2609 esse
2022 2566 2213 2625 aliquid,
2239 2581 2326 2626 quo
2346 2567 2424 2611 illa

290 2648 479 2706 speciosa
498 2648 609 2691 facta
628 2653 752 2702 sunt,
774 2647 852 2691 ubi
875 2652 936 2690 est
955 2646 1097 2706 prima
1117 2650 1159 2688 et
1177 2643 1549 2688 incommutabilis
1568 2643 1749 2702 species,
1772 2643 1958 2703 ideoque
1978 2643 2356 2703 incomparabilis;
2381 2651 2422 2690 et

291 2725 402 2768 illud
423 2741 511 2769 esse
532 2740 680 2768 rerum
701 2724 968 2784 principium
988 2723 1222 2767 rectissime
1243 2720 1547 2776 crediderunt,
1571 2721 1689 2781 quod
1716 2721 1878 2765 factum
1909 2736 1998 2765 non
2027 2727 2159 2777 esset,
2183 2727 2225 2765 et
2255 2737 2309 2766 ex
2335 2738 2424 2783 quo

292 2808 445 2846 cuncta
467 2803 576 2846 facta
595 2808 749 2846 essent.
773 2819 794 2843 »
820 2802 926 2845 Ecce
948 2806 1009 2845 tot
1029 2800 1169 2845 modis
1188 2800 1332 2860 potuit
1351 2798 1552 2856 cognosci
1572 2799 1732 2842 veritas
1750 2799 1844 2843 Dei.
1869 2799 1980 2843 Cum
2002 2814 2104 2857 ergo
2125 2799 2241 2843 Deus
2261 2816 2350 2844 una
2369 2800 2424 2844 sit

292 2885 333 2923 et
351 2879 536 2938 simplex
555 2879 763 2935 essentia,
783 2893 880 2938 quae
896 2894 950 2922 ex
969 2878 1095 2922 nulla
1113 2877 1365 2922 diversitate
1395 2876 1586 2935 partium
1614 2876 1683 2920 vel
1716 2876 2004 2921 accidentium
2034 2877 2227 2921 consistit
2244 2912 2255 2934 ,
2277 2878 2425 2937 plura-

291 2957 389 3000 liter
409 2961 553 3000 tamen
573 2957 675 3000 dicit
695 2957 930 3017 Apostolus
950 2955 1199 3000 Invisibilia
1220 2954 1323 3007 Dei,
1348 2953 1454 3014 quia
1480 2953 1683 3013 pluribus
1704 2954 1844 2998 modis
1871 2954 2145 3012 cognoscitur
2165 2955 2326 2999 veritas
2346 2955 2424 2999 Dei

293 3049 368 3093 per
386 3049 436 3077 ea
455 3049 551 3093 quae
571 3034 682 3078 facta
708 3039 824 3078 sunt.
848 3034 914 3077 Ex
935 3033 1220 3093 perpetuitate
1240 3047 1430 3091 namque
1449 3037 1750 3075 creaturarum
1763 3066 1774 3088 ,
1796 3032 2060 3090 intelligitur
2076 3031 2285 3076 Conditor
2305 3038 2424 3077 aeter-

292 3127 395 3166 nus;
417 3126 470 3155 ex
490 3112 792 3169 magnitudine
811 3117 1138 3166 creaturarum,
1161 3110 1457 3169 omnipotens;
1483 3124 1534 3153 ex
1553 3109 1729 3163 ordine,
1752 3115 1794 3153 et
1813 3109 2117 3169 dispositione,
2142 3110 2312 3169 sapiens
2337 3127 2345 3154 :
2368 3126 2421 3154 ex

291 3189 624 3248 gubernatione,
647 3190 800 3234 bonus.
823 3190 924 3235 IIaec
943 3195 1090 3233 autem
1110 3188 1256 3233 omnia
1275 3188 1330 3232 ad
1350 3188 1563 3231 unitatem
1584 3187 1755 3231 deitatis
1774 3188 1991 3247 pertinent
2012 3188 2357 3231 monstrandam.

351 3266 476 3311 Nunc
506 3272 632 3310 restat
665 3268 917 3323 ostendere,
941 3273 1093 3312 utrum
1123 3281 1197 3326 per
1228 3281 1277 3310 ea
1295 3280 1394 3325 quae
1414 3267 1526 3309 tacta
1545 3270 1648 3309 sunt
1669 3299 1679 3320 ,
1702 3264 1882 3325 aliquod
1902 3264 2129 3309 Trinitatis
2160 3265 2420 3323 vestigium,

338 3424 347 3444 ¹
366 3423 469 3459 Rom„
489 3430 511 3462 ι,
535 3423 583 3454 19.
598 3422 740 3461 Vulgata
759 3422 858 3454 babet
875 3432 882 3454 ε
906 3423 991 3454 Deus
1010 3424 1098 3455 enim
1118 3422 1193 3454 illis
1212 3422 1454 3463 manifestavit.
1468 3439 1509 3444 —
1525 3421 1538 3442 2
1560 3421 1594 3453 ln
1613 3430 1687 3462 cap.
1706 3429 1716 3453 1
1736 3420 1782 3452 ad
1804 3421 1908 3460 Rom„
1927 3428 2029 3461 super
2057 3419 2137 3453 illud
2165 3430 2173 3452 :
2195 3420 2288 3461 Quod
2312 3423 2422 3453 notum

296 3471 367 3501 Dei.
383 3470 449 3502 Sed
470 3469 553 3501 liber
574 3469 626 3501 ille
647 3469 732 3500 male
755 3469 910 3501 tribuitur
924 3471 1116 3503 Ambrosio.
1130 3489 1170 3494 —
1188 3468 1202 3491 ³
1219 3471 1374 3511 August„
1387 3469 1445 3501 lib.
1464 3469 1537 3501 Vlll
1552 3493 1562 3509 ,
1585 3478 1613 3500 c.
1633 3477 1679 3500 vi.
1698 3487 1738 3492 —
1758 3468 1769 3488 ⁴
1793 3467 1877 3500 Ibz'cl.
1892 3485 1932 3490 —
1947 3468 1961 3490 ὅ
1981 3466 2065 3500 Ibid.

337 3546 380 3587 (a)
399 3546 536 3590 Auyust.
559 3546 655 3579 habet
675 3546 795 3580 vitam.
