2613 3990
795 255 926 297 DlST.
957 253 1060 295 XIX.
1092 251 1245 293 PART.
1277 251 1328 292 ΙΙ.
1357 250 1476 292 ART.
1508 250 1540 290 Ι.
1572 249 1769 300 QUAEST.
1800 249 1850 289 ll.

291 354 331 391 4.
363 349 430 390 Ad
458 348 563 389 illud
596 358 700 399 ergo
727 345 838 399 quod
871 344 1069 397 objicitur
1099 343 1150 383 de
1175 342 1265 381 Au-

237 420 432 473 gustino,
463 419 537 473 qui
565 418 663 460 dicit
690 416 802 470 quod
821 418 907 456 tota
932 415 1133 464 essentia,
1167 416 1262 464 etc.,

237 491 463 532 dicendum
485 490 597 543 quod
617 491 752 529 totum
780 487 927 539 accipit
954 498 1030 539 pro
1057 485 1261 538 perfecto3

236 562 303 603 vel
318 565 456 603 totum
474 562 533 602 ibi
548 560 751 613 accipitur
770 557 993 611 privative,
1011 557 1112 610 quia
1126 556 1265 609 privat

234 631 330 684 hoc,
363 633 477 686 quod
513 634 574 673 est
609 642 697 672 esse
735 631 899 682 partem
932 631 1051 669 extra
1083 630 1262 681 partem.

235 702 353 745 Unde
383 706 551 745 tantum
569 702 682 743 valet
709 702 796 741 tota
828 699 1021 750 essentia,
1054 701 1263 752 quantum

234 775 346 817 valet
365 788 452 816 non
470 775 630 815 habens
646 774 812 825 partem
830 774 950 812 extra
969 770 1037 811 vel
1055 771 1181 811 intra.

288 849 327 886 2.
358 845 423 886 Ad
447 844 551 885 illud
578 843 691 896 quod
719 841 904 883 secundo
924 841 1122 894 objicitur
1149 841 1264 893 quod

234 919 297 957 est
326 917 382 957 ihi
417 915 629 969 quantitas
659 913 844 963 virtutis,
888 912 1114 953 dicendum
1150 912 1264 964 quod

234 988 446 1041 quantitas
462 985 632 1027 virtutis
651 987 731 1025 stat
751 996 849 1024 cuin
870 996 1040 1024 summa
1064 983 1264 1036 simplici-

233 1062 344 1100 tate:
365 1059 458 1100 ideo
476 1057 681 1098 abstrahit
694 1069 719 1096 a
735 1056 938 1096 totalitate
953 1058 993 1096 et
1005 1055 1262 1107 integritate.

287 1133 326 1170 3.
349 1129 413 1170 Ad
431 1128 536 1169 illud
549 1127 663 1181 quod
678 1127 876 1180 objicitur
897 1126 1011 1180 quod
1031 1126 1107 1166 ubi
1127 1126 1266 1178 plura-

232 1200 342 1251 litas,
367 1200 441 1249 ibi,
462 1202 557 1250 etc.,
580 1199 806 1240 dicendum
838 1198 948 1251 quod
982 1197 1201 1251 pluralitas
1221 1197 1266 1238 in

233 1271 435 1314 creaturis
463 1271 547 1312 duo
587 1270 701 1311 dicit.
736 1270 841 1310 Dicit
874 1269 990 1310 enim
1022 1269 1265 1321 aliquorum

233 1343 560 1394 distinctionem,
590 1345 631 1383 et
656 1354 710 1383 ex
738 1341 838 1395 ipsis
857 1341 987 1382 unius
1007 1340 1265 1393 multiplica-

233 1415 360 1457 tionis
391 1415 751 1456 constitutionem.
785 1413 977 1454 Primum
1006 1412 1179 1466 quidem
1199 1424 1265 1453 re-

234 1487 397 1541 peritur
409 1487 454 1528 in
467 1487 637 1537 divinis,
657 1486 758 1540 quia
771 1485 829 1526 ibi
843 1488 904 1526 est
917 1485 1127 1526 distinctio
1143 1497 1262 1533 vere3

235 1559 468 1600 secundum
487 1571 590 1610 non,
623 1558 724 1611 quia
743 1557 817 1598 uhi
837 1556 1077 1597 constitutio
1107 1559 1183 1607 est,
1207 1556 1266 1595 ibi

236 1630 536 1671 constituentia
576 1630 719 1670 minus
757 1628 914 1669 habent
956 1639 1086 1680 quam
1128 1630 1266 1668 totum

236 1701 351 1754 quod
381 1701 657 1748 constituunt,
687 1703 729 1741 et
754 1700 813 1740 ita
843 1698 1119 1740 essentialiter
1147 1698 1268 1740 diffe-

237 1775 341 1813 runt
364 1773 418 1813 ab
446 1772 645 1813 invicem.
680 1772 729 1811 In
747 1771 901 1812 divinis
917 1772 1062 1811 autem
1083 1782 1171 1811 non
1191 1770 1264 1820 sic,

239 1844 357 1897 quia,
389 1856 488 1885 cum
517 1843 639 1884 Pater
669 1843 824 1884 habeat
858 1845 990 1883 totam
1026 1842 1264 1893 essentiam,

237 1928 325 1956 non
351 1918 528 1969 partem,
549 1928 636 1956 non
664 1917 800 1968 potest
817 1913 962 1954 minus
992 1913 1163 1962 habere,
1191 1926 1269 1954 nec

239 1987 515 2028 essentialiter
531 1986 699 2027 differre
720 2000 728 2027 :
749 1988 790 2027 et
803 1985 897 2026 ideo
911 1986 1135 2027 dicendum
1154 1987 1269 2040 quod

237 2058 283 2098 in
314 2057 470 2099 divinis
502 2057 712 2111 reperitur
743 2057 962 2110 pluralitas
991 2058 1154 2098 ratione
1183 2058 1269 2098 dis-

237 2130 464 2172 tinctionis.
489 2130 571 2171 Sed
590 2129 690 2183 quia
711 2128 932 2182 pluralitas
950 2132 1012 2169 est
1035 2131 1172 2170 totum
1194 2142 1268 2170 ra-

238 2201 354 2242 tione
384 2201 707 2252 constitutionis,
739 2203 780 2241 et
807 2200 889 2241 hoc
907 2213 994 2241 non
1014 2204 1076 2241 est
1093 2201 1139 2241 in
1158 2201 1268 2242 divi-

238 2272 326 2323 nis3
354 2273 449 2314 ideo
465 2286 553 2314 non
573 2272 766 2326 sequitur
784 2272 898 2325 quod
918 2272 970 2313 sit
991 2273 1052 2313 ibi
1069 2273 1266 2314 totalitas.

240 2341 312 2384 Est
338 2345 483 2385 tamen
513 2347 680 2385 naturae
711 2343 868 2395 unitas,
909 2346 950 2384 et
987 2357 1268 2397 personarum

239 2413 458 2468 pluralitas
471 2429 481 2464 ;
495 2417 536 2455 et
550 2417 716 2455 tantum
730 2417 792 2455 est
804 2414 849 2454 in
862 2414 1038 2465 unitate,
1057 2419 1268 2468 quantum

240 2486 286 2526 in
305 2486 570 2540 pluralitate:
600 2487 671 2527 sed
690 2499 777 2527 non
803 2489 864 2527 tot
892 2487 1040 2527 modis.
1069 2486 1147 2528 Sed
1169 2488 1270 2541 quia

240 2557 343 2598 fides
370 2570 459 2598 non
483 2560 652 2599 tantum
671 2560 732 2599 est
759 2561 952 2611 respectu
972 2559 1178 2610 essentiae,
1201 2560 1269 2601 vel

240 2629 562 2681 magnitudiniS,
583 2629 654 2671 sed
671 2629 799 2670 etiam
814 2630 928 2670 modi
944 2630 1132 2680 essendi3
1156 2633 1269 2683 patet

240 2700 351 2754 quod
369 2701 581 2754 objicitur,
603 2717 623 2740 «
636 2702 750 2755 quod
760 2714 846 2742 non
855 2704 1022 2742 tantum
1033 2702 1177 2753 credit,
1193 2702 1268 2755 qui

241 2773 372 2815 credit
387 2787 521 2815 unam
544 2787 785 2828 personam,
811 2777 1021 2828 quantum
1041 2775 1115 2828 qui
1139 2775 1270 2816 credit

240 2844 397 2898 plures.
415 2860 434 2884 n

294 2917 334 2956 4.
364 2915 428 2957 Ex
457 2916 539 2957 hoc
563 2917 707 2970 patent
732 2916 962 2969 sequentia,
996 2916 1100 2970 quia
1127 2929 1268 2958 unum

242 2988 304 3027 est
319 2999 416 3040 pars
439 2987 573 3029 trium
599 2987 835 3028 secundum
863 2987 977 3040 quod
1008 2987 1109 3028 dicit
1132 2988 1270 3029 unita-

242 3059 344 3107 tem,
365 3061 406 3099 et
421 3058 503 3099 tria
523 3058 777 3108 trinitatem3
795 3058 867 3098 sed
885 3070 984 3099 cum
1008 3058 1175 3099 additur
1190 3058 1270 3099 hoc

242 3141 400 3170 nomen
425 3141 624 3183 persona,
645 3129 908 3179 distrahitur,
941 3132 982 3171 et
1009 3142 1096 3171 non
1125 3132 1270 3171 manet

243 3199 314 3240 illa
329 3201 435 3242 ratio
448 3201 621 3242 unitatis
638 3216 648 3242 :
669 3201 762 3242 ideo
776 3213 854 3242 nec
867 3201 973 3242 ratio
987 3201 1266 3255 partialitatis.

298 3274 336 3312 5.
372 3271 439 3312 Ad
473 3271 578 3313 illud
612 3273 726 3326 quod
765 3272 962 3325 objicitur
998 3273 1111 3325 quod
1143 3285 1270 3314 omne

244 3342 358 3396 quod
377 3343 632 3395 praedicatur
651 3343 795 3395 simul,
815 3345 857 3384 et
882 3343 932 3384 de
952 3343 1086 3394 nullo,
1110 3346 1208 3395 etc.,
1230 3346 1271 3385 et

288 3473 299 3494 ¹
315 3472 368 3513 Cf.
389 3471 500 3513 AEgid.
518 3473 631 3513 Rom,
656 3474 668 3504 I
690 3474 795 3513 Sent„
819 3472 896 3504 dist.
911 3480 984 3513 xix,
1003 3472 1114 3513 princ.
1131 3475 1162 3514 2,
1191 3482 1269 3515 q.1;

245 3520 434 3560 Henricus,
454 3520 490 3551 in
518 3519 676 3561 Summa,
704 3523 764 3552 art.
781 3529 890 3560 xmu,
912 3529 969 3559 qu.
991 3522 1028 3559 ἒς
1059 3521 1269 3562 Richardus,

245 3569 379 3608 istem„
401 3567 479 3599 dist.
500 3575 572 3609 XIX,
593 3570 655 3600 art.
669 3570 700 3609 3,
717 3577 751 3610 q.
770 3576 816 3609 11;
839 3568 955 3608 Steph.
973 3567 1110 3609 Brulef.,
1131 3570 1142 3601 I
1164 3570 1271 3609 Seut„

2289 251 2365 289 335

1337 341 1389 382 ad
1408 351 1587 394 sequens
1607 354 1616 380 :
1636 355 1654 377 c<
1671 339 1801 381 Omne
1821 338 1933 391 quod
1947 340 2201 386 removetur,
2221 340 2322 387 etc.,
2346 352 2363 374 ι)

1338 411 1567 452 dicendum
1602 410 1715 462 quod
1747 410 1828 450 hoc
1865 420 1952 449 non
1989 408 2127 448 solum
2167 408 2364 448 convenit

1337 483 1531 524 totalitati
1552 484 1744 534 respectu
1770 480 1914 534 partis,
1948 480 2020 521 sed
2044 479 2172 520 etiam
2194 479 2364 531 plurali-

1337 555 1413 595 tati
1443 556 1636 607 respectu
1667 553 1870 594 unitatis:
1901 553 2013 604 quae,
2048 550 2245 603 quamvis
2275 563 2362 591 non

1336 627 1475 666 teneat
1488 624 1696 664 rationem
1713 623 1841 676 partis
1857 625 2026 676 propter
2039 620 2364 662 diminutionem

1337 698 1378 736 et
1408 695 1786 748 imperfectionem,
1819 696 1934 734 tenet
1972 696 2115 733 tamen
2155 691 2363 732 rationem

1338 766 1512 806 unitatis
1524 768 1694 819 propter
1710 764 1967 818 principium
1980 767 2020 804 et
2035 762 2360 804 distinctionem.

1391 841 1430 878 6.
1462 837 1578 879 Unde
1603 838 1717 890 quod
1741 840 1878 878 totum
1897 838 2166 877 removeatur
2185 847 2210 875 a
2230 835 2368 887 parti-

1337 909 1416 949 bus
1435 912 1476 950 et
1496 909 1675 959 differat,
1696 909 1775 949 hoc
1790 920 1876 948 non
1897 910 1956 948 est
1975 907 2138 947 ratione
2155 906 2365 946 constitu-

1337 980 1463 1020 tionis
1479 979 1778 1032 principaliter,
1803 979 1873 1019 sed
1890 978 2051 1018 ratione
2069 976 2365 1018 distinctionis.

1337 1050 1388 1091 Et
1416 1051 1617 1104 quoniam
1643 1051 1689 1091 in
1714 1050 1857 1091 divina
1885 1049 2137 1102 pluralitate,
2170 1048 2368 1101 quamvis

1337 1135 1425 1163 non
1450 1123 1502 1162 sit
1528 1122 1659 1163 unius
1683 1121 1858 1174 majoris
1880 1120 2139 1171 constitutio,
2169 1120 2268 1172 quia
2296 1123 2364 1159 ta-

1339 1206 1439 1234 men
1458 1195 1518 1233 est
1534 1193 1592 1233 ibi
1612 1192 1837 1242 distinctio,
1855 1192 1948 1233 ideo
1967 1192 2024 1231 sic
2044 1193 2303 1241 removetur,
2327 1193 2367 1231 et

1338 1264 1396 1304 sic
1417 1265 1683 1318 praedicatur,
1700 1264 1809 1305 sicut
1823 1266 1961 1305 totum
1981 1263 2024 1303 in
2041 1262 2258 1303 creaturis.

1705 1421 1942 1472 QUAESTIO
1972 1421 2022 1462 ll.

1379 1528 1439 1564 Λη
1453 1531 1559 1564 etiam
1580 1531 1619 1565 in
1638 1530 1773 1565 (lirinis
1794 1532 1905 1565 totum
1924 1529 2124 1565 unu-ersale
2138 1527 2340 1575 ponendum

1818 1592 1867 1625 sit
1880 1591 1906 1624 ¹.

1394 1703 1544 1744 Utrum
1565 1703 1609 1743 in
1630 1702 1784 1743 divinis
1799 1702 1850 1742 sit
1868 1714 2025 1755 ponere
2042 1704 2181 1742 totum
2201 1700 2372 1741 univer-

1339 1774 1445 1823 sale3
1469 1777 1509 1814 et
1531 1773 1646 1827 quod
1662 1774 1733 1824 sic,
1755 1773 1923 1813 videtur
1937 1785 2010 1826 per
2022 1772 2328 1812 Damascenum
2342 1771 2369 1820 ²,

1341 1845 1415 1898 qui
1447 1845 1544 1886 dicit
1569 1844 1682 1898 quod
1705 1844 1749 1884 in
1775 1844 1929 1884 divinis
1955 1846 2016 1884 est
2045 1855 2287 1893 commune,
2323 1846 2372 1882 ut

1341 1916 1597 1967 satist-anam
1626 1915 1892 1969 particulare,
1915 1918 1963 1955 ut
1986 1914 2225 1955 Antonius:
2251 1925 2369 1965 ergo,

1341 1987 1376 2027 si
1390 1990 1449 2029 est
1463 1988 1521 2028 ibi
1535 1999 1776 2038 commune,
1798 1989 1838 2027 et
1854 1986 2103 2040 particulare
2120 2000 2129 2035 ;
2153 1996 2257 2037 ergo
2274 1985 2372 2025 uni-

1340 2059 1518 2110 versale,
1539 2059 1640 2112 quia
1657 2057 1897 2112 particulari
1912 2069 1999 2097 non
2014 2056 2237 2110 respondet
2256 2055 2370 2096 aliud

1342 2143 1571 2172 commune
1588 2143 1719 2183 quam
1743 2128 1998 2170 universale.

1395 2205 1434 2243 2.
1463 2202 1567 2243 Item
1587 2202 1667 2243 hoc
1688 2200 2017 2254 ipsumvidetur
2036 2211 2111 2253 per
2138 2198 2372 2239 distinctio-

1342 2286 1442 2314 nem
1462 2273 1728 2323 universatis,
1759 2275 1799 2313 et
1817 2271 2098 2325 particularis.
2127 2270 2370 2311 Universale

1342 2346 1457 2387 enim
1494 2348 1555 2386 est
1585 2345 1698 2398 quod
1741 2344 1993 2398 praedicatur
2028 2343 2079 2384 de
2121 2341 2316 2396 pluribus
2333 2345 2367 2391 ³3

1342 2415 1610 2469 particulare,
1628 2414 1677 2454 de
1691 2426 1779 2454 uno
1798 2413 1886 2454 solo
1903 2412 1999 2453 :sed
2011 2412 2088 2452 has
2107 2411 2290 2452 rationes
2307 2414 2369 2450 est

1342 2486 1535 2527 invenire
1555 2485 1599 2525 in
1617 2484 1799 2535 divinis:
1823 2495 1941 2536 ergo,
1964 2486 2042 2524 etc.

1398 2559 1436 2596 3.
1459 2555 1578 2605 Item,
1600 2568 1727 2596 omne
1746 2555 1858 2609 quod
1876 2557 1938 2595 est
1958 2555 2003 2594 in
2022 2554 2117 2607 plus
2134 2555 2175 2594 et
2196 2554 2257 2593 est
2275 2551 2370 2592 uni-

1343 2639 1513 2679 vocum,
1536 2629 1598 2668 est
1616 2626 1858 2669 universale
1877 2626 1931 2667 ad
1949 2625 2034 2676 illa,
2057 2627 2250 2678 respectu
2271 2635 2372 2676 quo-

1343 2711 1441 2739 rum
1459 2699 1580 2739 estin
1601 2698 1722 2751 plus:
1743 2697 1816 2739 sed
1840 2697 2034 2747 essentia,
2062 2696 2150 2737 sive
2173 2695 2371 2735 substan-

1342 2770 1414 2821 tia,
1447 2773 1510 2811 est
1539 2770 1584 2810 in
1615 2770 1711 2823 plus
1739 2782 1869 2822 quam
1898 2781 2096 2822 persona,
2128 2769 2170 2807 et
2198 2766 2244 2806 in
2275 2765 2372 2818 plus

1343 2841 1592 2892 univocum,
1614 2841 1728 2894 quod
1746 2841 1845 2881 dicit
1864 2852 1996 2880 unam
2012 2841 2210 2879 naturam
2225 2848 2373 2890 reper—

1343 2915 1431 2953 tam
1445 2912 1583 2952 inillis
1597 2912 1832 2953 secundum
1846 2910 2107 2952 identitatem
2125 2923 2134 2950 :
2154 2920 2275 2961 ergo,
2292 2910 2371 2948 etc.

1397 2987 1437 3024 4.
1461 2984 1587 3036 Item,
1617 2983 1663 3024 in
1682 2982 1836 3024 divinis
1860 2984 1922 3023 est
1947 2980 2312 3029 communicabile,
2333 2981 2376 3020 et

1343 3053 1745 3097 incommunicabile
1765 3068 1772 3094 :
1802 3056 1875 3094 aut
1893 3064 1996 3104 ergo
2015 3052 2178 3103 eodem,
2201 3053 2275 3092 aut
2293 3051 2374 3091 alio

1345 3130 1386 3168 et
1405 3127 1486 3168 alio
1507 3141 1515 3168 :
1544 3138 1632 3166 non
1663 3124 1826 3175 eodem,
1859 3123 1960 3176 quia
1987 3123 2092 3164 illud
2117 3135 2205 3164 non
2230 3125 2292 3163 est
2309 3122 2374 3162 in-

1343 3197 1574 3250 telligibile,
1597 3195 1710 3249 quod
1731 3207 1784 3236 ex
1806 3194 1953 3235 eodem
1972 3194 2115 3235 veniat
2135 3193 2376 3235 communi-

1344 3272 1408 3310 tas
1432 3270 1473 3308 et
1490 3267 1736 3321 proprietas,
1764 3265 2060 3307 convenientia
2079 3267 2119 3306 et
2139 3263 2375 3305 differentia

1344 3338 1574 3394 personalis
1592 3350 1602 3378 ε
1622 3349 1726 3390 ergo
1739 3336 1823 3377 alio
1840 3337 1882 3377 et
1899 3336 2008 3377 alio:
2031 3348 2150 3388 ergo,
2170 3335 2204 3375 si
2218 3334 2299 3375 alio
2313 3336 2374 3374 est

1346 3472 1423 3511 dist,
1438 3478 1511 3511 xix,
1533 3480 1567 3511 q.
1585 3477 1642 3510 νη
1663 3471 1783 3501 Petrus
1809 3467 1850 3500 de
1869 3468 2020 3508 Tarant.,
2040 3469 2050 3498 1
2072 3467 2177 3505 Seni„
2197 3465 2273 3497 dist.
2289 3472 2370 3506 xtx,

1346 3529 1378 3560 q.
1399 3526 1472 3550 vm.
1490 3535 1526 3542 ν-
1545 3518 1668 3549 ²Joan.
1686 3517 1858 3555 Damaso.5
1887 3515 1927 3546 cle
1947 3513 2083 3546 Ortlzod.
2104 3512 2204 3551 Fide,
2227 3512 2285 3544 lib.
2304 3512 2371 3554 lll,

1347 3577 1376 3600 c.
1392 3574 1423 3599 vi
1446 3568 1480 3598 et
1496 3573 1584 3597 1v.—
1597 3565 1610 3587 ³
1623 3564 1739 3606 Arist„
1753 3563 1792 3596 de
1811 3563 1969 3605 Interpr„
1986 3561 2046 3594 lib.
2062 3562 2088 3601 1,
2106 3570 2134 3593 e.
2152 3568 2186 3592 v.

2432 1708 2532 1743 Adop-

2392 1759 2456 1786 ρο».
