2613 3990
1212 279 1462 321 DISTINCT.
1490 278 1537 318 X.

317 373 454 426 prima
476 372 674 425 Magister
693 372 783 425 agit
801 372 850 413 de
870 369 1133 423 processione
1153 368 1336 422 Spiritus

318 444 449 484 sancti
469 446 677 497 quantum
695 443 745 484 ad
769 453 990 495 personam
1012 452 1108 493 quae
1128 440 1334 493 procedit3

318 515 362 555 in
381 516 577 564 secunda,
599 517 806 567 quantum
826 513 877 553 ad
899 511 1151 564 principium
1183 524 1208 550 a
1236 523 1335 563 quo,

318 586 440 636 infra,
478 586 741 626 distinctione
779 597 822 624 xi
845 599 852 624 :
891 584 969 624 Hic
1008 580 1236 623 dicendum
1263 586 1335 625 esi,

318 657 526 708 Spiritum
546 660 752 704 sanctum,
773 657 875 704 etc.;
911 654 956 693 in
985 652 1107 693 tertia
1128 663 1230 692 vero
1250 652 1341 703 agit

319 728 369 768 de
391 728 525 781 seipsa
551 739 625 780 per
648 725 1004 778 comparationem
1032 723 1084 763 ad
1103 722 1341 775 generatio-

319 811 416 839 nem
463 812 486 839 a
529 810 613 851 qua
653 796 941 847 distinguitur,
984 795 1094 834 infra
1108 826 1118 844 ,
1165 793 1340 833 distinc-

318 870 428 910 tione
468 881 543 909 xm
564 883 572 909 :
617 868 713 909 Posi
753 867 836 908 hoec
876 864 1237 907 considerandum
1281 869 1342 907 esc

319 944 525 993 quantum
544 950 570 981 α
590 938 746 981 talibus
774 937 914 990 quales
943 947 1018 978 nos
1043 947 1203 978 sumus.
1240 936 1342 977 Item

320 1012 455 1064 prima
487 1022 604 1063 pars,
638 1021 733 1062 quae
763 1009 948 1049 continet
977 1010 1228 1060 praesentem
1255 1008 1343 1047 dis-

319 1082 577 1129 tinctionem,
608 1080 734 1120 habet
762 1082 947 1132 quatuor
963 1081 1114 1131 partes.
1138 1078 1185 1118 In
1205 1079 1344 1131 prima

320 1152 417 1194 dicit
437 1151 547 1204 quod
563 1151 743 1203 Spiritus
757 1153 926 1190 sanctus
943 1149 1129 1202 procedit
1148 1151 1192 1189 ut
1208 1161 1341 1200 amor,

320 1224 408 1264 sive
427 1223 621 1273 charitaS,
642 1222 708 1263 vel
725 1222 906 1271 dilectio,
927 1224 968 1261 et
985 1221 1064 1261 1100
1082 1221 1230 1273 probat
1249 1233 1345 1261 auc-

320 1294 482 1335 toritate
513 1293 756 1345 Augustini.
792 1292 838 1332 ln
874 1291 1057 1332 secunda
1090 1303 1206 1340 vero,
1243 1291 1346 1343 quia

320 1365 388 1405 hic
406 1367 495 1405 erat
512 1364 690 1423 dubium
717 1364 827 1417 quod
850 1363 1030 1416 Spiritus
1059 1364 1228 1402 sanctus
1258 1365 1346 1402 erat

321 1437 515 1486 charitas,
545 1437 688 1477 movet
713 1435 1006 1488 quaestionem,
1036 1437 1076 1474 et
1103 1433 1226 1473 solvit
1255 1433 1342 1473 ibi:

321 1507 375 1549 Εῐ
401 1506 497 1548 ideo
529 1506 800 1559 qucerendum
828 1511 971 1547 uirum
990 1505 1099 1545 Deus
1130 1504 1272 1545 Pater.
1300 1503 1347 1542 In

322 1578 442 1619 tertia
458 1590 560 1619 vero
580 1578 833 1619 solutionem
854 1589 928 1630 per
941 1575 1233 1616 auctoritatem
1252 1586 1347 1615 cou-

321 1651 476 1700 firmat,
498 1653 587 1690 tum
610 1652 818 1702 quantum
834 1649 885 1689 ad
902 1647 1229 1696 distinctionem,
1249 1658 1346 1698 quae

322 1724 382 1762 est
396 1733 469 1774 per
483 1732 753 1762 communem
768 1719 1053 1772 acceptionem
1063 1721 1104 1758 et
1114 1717 1344 1770 propriam,

322 1797 414 1835 tum
431 1795 556 1835 etiam
576 1796 783 1847 quantum
805 1793 856 1833 ad
874 1792 1110 1842 veritatem,
1130 1791 1189 1830 ibi
1210 1805 1218 1831 :
1240 1790 1346 1831 Plu-

323 1867 441 1909 ribus
469 1866 673 1919 exemplis
700 1865 856 1915 doceri,
887 1866 964 1904 etc.
994 1863 1041 1903 In
1072 1865 1224 1915 quarta
1245 1874 1347 1902 vero

323 1941 363 1979 et
383 1938 530 1978 ultima
549 1937 759 1991 praedictae
780 1935 999 1977 solutionis
1015 1935 1204 1986 assignat
1221 1935 1347 1975 ratio-

323 2022 435 2059 nem,
459 2010 680 2050 ostendens
700 2009 813 2062 quod
841 2008 1025 2060 Spiritus
1057 2009 1225 2047 sanctus
1249 2019 1348 2059 pro-

322 2083 412 2136 prie
440 2082 603 2122 dicatur
631 2082 826 2132 charitas,
858 2093 956 2121 cum
981 2079 1161 2120 charitas
1192 2079 1244 2119 sit
1265 2092 1347 2119 no-

323 2166 422 2195 men
442 2166 682 2202 commune,
707 2156 748 2194 et
775 2153 856 2193 hoc
883 2153 941 2193 ibi
963 2167 970 2193 :
1002 2152 1081 2193 Hic
1110 2151 1348 2193 notandum

323 2232 394 2273 est,
411 2226 523 2279 quod
534 2227 647 2268 sicut
663 2225 851 2278 Spiritus
865 2227 1038 2267 sanctus
1053 2225 1102 2266 in
1120 2224 1345 2265 Trinitate.

758 2354 847 2381 DUB.
880 2353 908 2380 Ι.

457 2428 600 2469 Spiritus
617 2430 752 2460 sanctus
773 2436 869 2458 amor
886 2428 954 2467 est,
976 2426 1045 2457 sive
1066 2425 1223 2457 charitas.

379 2514 593 2564 Quaeritur
611 2516 758 2554 utrum
780 2513 960 2553 charitas
985 2515 1025 2552 et
1044 2512 1209 2552 dilectio
1229 2511 1347 2551 diffe-

327 2590 440 2636 rant;
471 2589 512 2626 et
530 2586 644 2639 quod
672 2586 744 2635 sic,
776 2585 943 2626 videtur
964 2596 1039 2637 per
1057 2584 1265 2624 Isidorum
1286 2584 1349 2623 di-

326 2658 515 2698 0011101111
539 2670 548 2698 :
581 2657 751 2698 «Amor
779 2659 840 2697 est
866 2655 1151 2706 rationalium,
1183 2658 1223 2695 et
1243 2654 1350 2695 irra-

324 2728 568 2778 tionalium3
617 2728 783 2769 dilectio
815 2727 1087 2768 rationalium
1126 2727 1306 2766 tantum.
1326 2739 1344 2762 n

324 2799 404 2841 Sed
428 2801 588 2850 contra,
609 2812 684 2853 per
706 2798 972 2852 Dionysium,
1001 2797 1052 2839 de
1072 2798 1246 2839 Divinis
1267 2797 1350 2839 NO-

324 2871 514 2914 minibus
533 2885 545 2910 :
582 2887 601 2910 «
621 2871 723 2911 Mihi
767 2870 965 2911 videntur
1007 2869 1196 2920 theologi
1232 2881 1350 2909 com-

326 2955 454 2984 mune
473 2943 575 2996 quid
595 2943 731 2984 dicere
761 2941 994 2982 dilectionis
1022 2944 1063 2982 et
1089 2941 1245 2982 amoris
1269 2953 1350 2981 no-

326 3015 457 3066 mine;
477 3029 496 3052 »
515 3018 555 3056 et
568 3015 724 3055 ibidem
741 3013 1011 3064 reprehendit
1027 3013 1348 3065 distinguentes,

327 3087 480 3137 dicens,
501 3087 613 3140 quod
644 3101 663 3125 (ι
680 3086 839 3125 faciunt
858 3085 946 3126 vim
967 3085 1013 3125 in
1032 3084 1198 3126 levibus
1221 3084 1348 3134 sonis,

327 3158 446 3211 quasi
462 3170 539 3199 nos
555 3170 641 3199 non
660 3157 869 3211 possimus
884 3159 1064 3208 quatuor
1081 3155 1233 3208 perbis
1249 3155 1348 3205 duo,

329 3232 369 3270 et
386 3230 565 3283 patriam
584 3242 660 3283 per
675 3229 812 3270 natale
833 3229 970 3269 solum
988 3228 1242 3280 significare.
1261 3242 1279 3264 ›)

382 3299 502 3354 Resp,
524 3301 665 3354 Aliqui
690 3300 919 3342 voluerunt
938 3299 1076 3339 dicere
1094 3299 1206 3351 quod
1226 3298 1351 3338 diffe-

330 3374 445 3420 runt,
472 3372 571 3424 quia
601 3372 764 3412 dilectio
791 3371 943 3412 dicitur
964 3370 1034 3410 illa
1058 3370 1228 3423 proprie
1254 3382 1350 3423 quae

331 3447 392 3484 est
417 3455 471 3484 ex
496 3444 712 3485 voluntate
740 3444 945 3494 ordinata,
974 3443 1044 3483 sed
1070 3455 1189 3483 amor
1207 3446 1268 3483 est
1286 3443 1350 3483 af-

332 3514 453 3555 fectio
469 3514 701 3556 libidinosa.
727 3516 807 3557 Sed
825 3516 917 3556 haec
936 3514 1144 3555 distinctio
1164 3516 1225 3555 est
1244 3526 1351 3555 con-

376 3598 387 3620 1
407 3597 483 3631 Isid.
505 3597 631 3639 Hispal.
639 3622 650 3639 ,
679 3599 737 3631 lib.
768 3598 971 3641 Etymoloq„
1000 3607 1030 3629 c.
1052 3604 1099 3630 lv.
1118 3615 1158 3622 --
1178 3598 1192 3620 2
1208 3596 1350 3639 Dionys.

2357 278 2431 317 185

1411 370 1475 409 tra
1495 366 1755 419 Dionysium,
1774 368 1814 407 et
1834 369 1978 407 contra
1997 367 2286 418 Augustinum
2309 378 2434 419 super

1411 441 1628 488 Joarmem,
1661 440 1701 478 et
1720 441 1863 478 contra
1892 438 2101 480 Canonem
2134 450 2262 479 sacrae
2292 439 2434 491 Scrip—

1411 514 1534 559 turae,
1562 509 1662 561 quia
1696 510 1894 550 Dominus
1921 510 2057 562 primo
2086 509 2283 562 quaesivit
2309 523 2333 549 a
2358 509 2433 550 Pe-

1413 585 1476 622 tro
1504 596 1512 621 z
1549 580 1693 621 Simon
1721 581 1912 632 Ioannis,
1943 580 2094 633 cliligyis
2115 591 2176 621 me
2193 581 2213 621 ,⁹
2230 583 2269 619 et
2297 584 2438 632 postea

1413 653 1512 693 dicit
1531 666 1539 692 z
1579 663 1697 694 amas
1727 654 1815 694 me?
1854 656 1894 693 et
1930 652 1987 692 ita
2024 664 2100 705 pro
2141 651 2288 691 eodem
2329 652 2437 691 acci-

1414 725 1603 777 piuntur,
1639 726 1679 763 et
1709 724 1817 763 hanc
1857 724 2136 764 differentiam
2173 723 2440 775 reprehendit

1414 795 1650 848 Dionysius.
1677 793 1815 835 Potest
1833 798 1976 835 tamen
1998 794 2276 835 nihilominus
2296 794 2439 846 aliqua

1415 866 1648 906 differentia
1676 866 1885 917 assignari
1909 880 1917 906 ε
1941 865 2138 918 quamvis
2156 865 2268 905 enim
2287 864 2337 905 de
2356 877 2443 904 una

1416 940 1455 978 et
1474 937 1620 978 eadem
1640 936 1800 989 possint
1824 936 1903 976 dici
1928 936 2160 985 affectione,
2185 939 2326 976 tamen
2346 935 2441 983 alia,

1417 1010 1456 1048 et
1474 1007 1554 1048 alia
1573 1008 1757 1057 ratione3
1783 1019 1902 1047 amor
1921 1007 2036 1047 enim
2057 1008 2155 1048 dicit
2174 1007 2346 1047 affectus
2371 1007 2445 1047 ad-

1417 1079 1647 1119 haesionem
1664 1081 1858 1131 respectu.
1879 1079 2020 1118 amati.
2040 1078 2154 1119 Unde
2170 1079 2392 1131 Dionysius
2404 1079 2442 1118 ²⁷:

1423 1152 1655 1190 «Amorem
1674 1149 1887 1190 unitivum
1903 1149 2128 1190 dicimus.»
2152 1149 2319 1190 Dilectio
2342 1162 2445 1190 vero

1417 1224 1529 1264 ultra
1548 1223 1629 1263 hoc
1646 1222 1760 1262 addit
1773 1222 2017 1262 electionem
2033 1235 2042 1272 ;
2063 1222 2179 1262 unde·
2192 1221 2371 1270 dilectio,
2391 1234 2444 1262 ex

1418 1295 1595 1336 diversis
1614 1293 1771 1335 electio.
1799 1293 1915 1334 Unde
1940 1293 1983 1333 iu
2004 1293 2181 1334 Canticis
2196 1294 2209 1315 ³
2227 1305 2236 1333 :
2259 1293 2447 1335 Dilectus

1418 1377 1534 1408 meus·
1569 1366 1719 1408 electus
1753 1376 1806 1406 επ
1841 1365 2044 1407 millibus.
2085 1363 2273 1404 Charitas
2305 1366 2447 1404 autem

1419 1439 1531 1478 ultra
1572 1438 1643 1478 illa
1679 1438 1791 1478 addit
1825 1449 2027 1489 magnam
2068 1436 2416 1489 appretiationem
2436 1449 2445 1477 :

1420 1510 1598 1550 charum
1622 1510 1741 1549 enim
1762 1509 1915 1549 dicitur
1933 1508 2034 1548 illud
2057 1508 2170 1560 quod
2189 1507 2334 1559 magni
2353 1519 2448 1560 pre-

1420 1582 1467 1622 tii
1487 1582 1732 1632 aestimatur,
1754 1581 1987 1621 secundum
2014 1580 2128 1633 quod
2152 1580 2376 1631 Apostolus
2405 1580 2447 1619 in

1421 1653 1612 1707 Epistolis
1633 1653 1719 1693 suis
1742 1656 1755 1677 '0
1776 1655 1895 1692 vocat
1913 1652 2055 1692 fideles
2077 1652 2366 1693 charissimos.

1858 1778 1948 1806 DUB.
1982 1777 2025 1805 11.

1456 1856 1595 1897 Proprie
1617 1857 1767 1889 Verbum
1788 1856 1871 1898 Dei,
1893 1855 1996 1888 etiam
2016 1855 2076 1887 Dei
2098 1855 2263 1896 sapientia
2279 1855 2411 1887 dicitur.

1474 1938 1696 1979 Dubitatur
1724 1938 1872 1979 dehac
1898 1950 2014 1989 voce,
2041 1940 2229 1990 proprie,
2253 1937 2353 1990 quia
2371 1940 2446 1977 aut

1421 2010 1623 2063 accipitur
1659 2011 1840 2062 proprie,
1875 2010 1978 2062 quia
2008 2010 2084 2050 soli
2124 2009 2341 2058 convenit;
2378 2011 2451 2049 aut

1418 2085 1606 2137 proprie,
1628 2084 1727 2137 quia
1748 2084 2027 2137 appropriate.
2062 2083 2168 2133 Quia
2195 2083 2229 2123 si
2252 2083 2345 2132 soli,
2369 2083 2450 2123 hoc

1421 2158 1482 2196 est
1509 2156 1676 2205 falsum,
1705 2156 1804 2208 quia
1832 2155 2035 2208 sapientia
2055 2154 2172 2195 nullo
2198 2154 2324 2195 modo
2351 2154 2449 2195 dicit

1421 2228 1718 2281 proprietatem
1750 2229 2034 2281 personalem3
2069 2228 2102 2268 si
2133 2227 2316 2281 proprie,
2347 2227 2448 2280 quia

1421 2299 1702 2352 appropriate,
1734 2299 1812 2339 1100
1842 2299 1949 2339 nihil
1974 2298 2072 2338 facit
2090 2298 2142 2338 ad
2166 2298 2445 2351 propositum,

1422 2371 1522 2423 quia
1552 2370 1750 2422 Magister
1778 2370 1871 2411 vult
1903 2370 2118 2423 inquirere
2150 2371 2448 2422 proprietatem

1422 2442 1601 2495 Spiritus
1619 2441 1764 2490 sancti,
1787 2454 1872 2482 non
1889 2441 2221 2494 appropriatum.

1479 2513 1527 2553 Et
1542 2513 1697 2553 iterum
1717 2527 1725 2552 z
1749 2512 1935 2552 Charitas
1953 2512 2121 2553 videtur
2140 2512 2277 2563 magis
2296 2523 2449 2564 appro-

1423 2584 1552 2637 priari
1581 2584 1707 2634 Patri,
1741 2584 1976 2624 secundum
2001 2584 2115 2636 quod
2135 2584 2286 2624 dicitur
2306 2583 2351 2622 in
2378 2582 2448 2622 illa

1424 2668 1548 2708 prosa
1570 2670 1578 2696 z
1604 2656 1797 2697 Charitas
1818 2656 1945 2698 Pater
1964 2658 2037 2697 est.

1480 2726 1581 2766 Item
1616 2727 1697 2767 hoc
1725 2726 1892 2767 videtur
1924 2738 1998 2779 per
2036 2725 2309 2775 Richardum,
2340 2725 2453 2777 quod

1424 2810 1544 2838 amor
1586 2798 1799 2850 gratuitus
1841 2801 1902 2839 est
1941 2799 1987 2838 in
2028 2796 2170 2846 Patre,
2215 2797 2259 2836 in
2292 2796 2452 2849 Spiritu

1425 2876 1565 2910 sancto
1585 2869 1764 2918 debitus⁷
1786 2869 1831 2909 in
1851 2869 1957 2909 Filio
1978 2881 2030 2909 ex
2055 2870 2235 2920 utroque
2264 2867 2452 2920 permix-

1424 2945 1492 2983 tus
1512 2957 1520 2982 ε
1543 2953 1661 2994 ergo,
1691 2954 1789 2981 cum
1809 2940 1988 2981 charitas
2006 2939 2114 2980 dicat
2133 2951 2323 2979 amorem
2352 2951 2454 2991 gra-

1424 3013 1597 3061 tuitum,
1616 3012 1737 3052 dehet
1755 3023 1859 3063 ergo
1881 3010 2145 3063 appropriari
2164 3009 2292 3050 Patri.

1479 3083 1600 3136 Resp.
1628 3083 1858 3123 Dicendum
1886 3081 1996 3134 quod
2018 3093 2103 3122 non
2129 3084 2189 3121 est
2210 3081 2455 3122 omnimoda

1425 3154 1670 3205 similitudo,
1704 3154 1775 3194 sed
1801 3153 1845 3192 in
1869 3153 1949 3193 1100
1975 3155 2036 3193 est
2057 3152 2287 3193 similitudo
2309 3167 2318 3192 ι
2354 3165 2454 3192 nam

1425 3238 1652 3267 commune
1682 3227 1815 3278 potest
1843 3224 2109 3277 appropriari
2140 3225 2335 3264 manente
2355 3223 2453 3263 uni-

1427 3300 1507 3338 tate
1521 3298 1652 3346 vocis,
1669 3297 1737 3337 vel
1750 3296 2087 3348 significationis.
2108 3295 2247 3336 Potest
2261 3294 2452 3335 similiter

1425 3369 1594 3422 aliquod
1613 3380 1769 3409 nomen
1787 3368 1914 3408 simul
1934 3368 2015 3408 dici
2034 3380 2108 3421 per
2137 3367 2450 3421 proprietatem,

1426 3444 1466 3481 et
1497 3453 1570 3493 per
1595 3441 1832 3491 essentiam,
1866 3442 2065 3480 manente
2096 3439 2255 3479 unitate
2279 3438 2393 3478 vocis
2413 3441 2454 3478 et

1426 3550 1606 3589 Areopag„
1626 3548 1665 3580 de
1681 3549 1757 3580 Dz'v.
1775 3547 1976 3580 Nonum—3
1992 3547 2100 3585 Cant„
2122 3554 2154 3586 V,
2170 3548 2219 3577 10.
2231 3562 2270 3567 —-
2284 3545 2296 3566 '⁶
2312 3545 2338 3576 ll
2356 3545 2450 3583 Tim„

1424 3604 1449 3638 1,
1462 3597 1494 3628 2.
