2613 3990
776 287 901 328 ms'r.
927 286 1033 328 vui.
1070 285 1218 325 PART.
1255 285 1286 326 l.
1317 285 1435 326 ART.
1469 285 1497 325 1.
1531 285 1727 334 QUAEST.
1761 288 1792 328 1.
1832 266 1836 267 ⁷

630 420 719 448 DUB.
751 418 810 446 IX.

400 508 497 540 Solus
517 509 606 539 Deus
624 507 726 538 habet
749 504 1047 536 immortalitatem.

268 591 495 645 Quaeritur,
527 592 737 647 quomodo
770 591 839 631 hic
868 589 1134 641 intelligatur
1158 587 1235 627 im—

216 663 458 714 mortalitas,
481 675 578 703 cum
597 662 666 702 hic
685 661 795 702 dicat
808 659 1077 711 Augustinus
1089 658 1099 678 ¹
1120 657 1233 710 quod

215 735 415 788 accipitur
445 747 520 787 pro
556 732 977 774 incommutabilitate
1006 743 1016 770 :
1050 729 1121 770 sed
1155 729 1235 769 1100

215 819 300 848 11011
333 807 499 848 videtur
529 805 797 847 conveniens.
837 803 948 844 Mors
993 802 1107 843 enim
1149 813 1236 841 non

214 879 311 919 dicit
329 890 497 919 omnem
518 876 841 917 mutabilitatem
855 907 865 925 ,
888 875 959 915 sed
981 874 1119 915 solum
1139 886 1235 914 cor-

214 950 533 1003 ruptibilitatem
560 949 803 991 viventium
839 963 848 988 :
878 959 981 999 ergo
1011 959 1096 987 non
1124 945 1236 986 idem

214 1025 276 1062 est
291 1023 440 1064 dicere.

258 1094 388 1148 Resp.
419 1093 536 1136 Sicut
561 1095 649 1135 vita
668 1093 870 1147 accipitur
893 1093 1176 1133 communiter
1197 1096 1237 1132 et

214 1167 395 1220 proprie,
415 1167 474 1207 ita
486 1169 527 1207 et
543 1178 670 1217 mors,
689 1166 748 1206 ita
767 1168 807 1206 et
821 1164 1129 1205 immortalitas.
1148 1163 1237 1204 Uno

214 1239 328 1279 enim
353 1239 478 1280 modo
496 1238 654 1289 ¹dicitur
678 1239 765 1280 vita
786 1240 904 1278 actus
923 1237 1149 1277 continuus
1168 1268 1176 1285 ,
1199 1238 1239 1276 et

213 1311 426 1363 internus,
458 1311 531 1365 qui
561 1314 622 1352 est
650 1323 674 1351 a
699 1311 834 1351 forma
855 1309 1063 1363 spirituali
1084 1321 1093 1349 :
1116 1311 1157 1349 et
1177 1308 1236 1348 sic

213 1383 366 1424 dicitur
409 1383 576 1437 proprie
605 1398 613 1424 :
645 1385 686 1423 et
713 1383 771 1422 sic
805 1381 1099 1422 immortalitas
1140 1381 1240 1422 dicit

213 1455 344 1496 vitam
364 1455 491 1496 talem
511 1468 609 1496 cum
623 1445 956 1508 impossibilitate
976 1454 1028 1494 ad
1046 1455 1137 1506 ejus
1156 1453 1239 1506 pri-

213 1529 442 1569 vationem.
465 1528 558 1568 Alio
576 1528 700 1568 modo
718 1527 868 1567 dicitur
884 1526 972 1567 vita
991 1528 1108 1566 actus
1128 1538 1240 1565 com-

214 1600 351 1653 pletus
367 1600 594 1653 potentiae,
616 1611 712 1652 quae
734 1601 795 1639 est
814 1598 1048 1639 secundum
1076 1597 1136 1637 rei
1162 1610 1240 1637 na-

214 1675 356 1713 turam
372 1706 381 1722 ,
410 1672 518 1712 sicut
537 1672 690 1712 dicitur
710 1683 819 1723 aqua
838 1670 938 1710 viva
956 1703 965 1719 ,
987 1682 1083 1723 quae
1112 1669 1239 1709 habet

215 1743 501 1796 operationem
530 1755 652 1796 aquae
687 1743 1009 1783 convenientem
1045 1757 1053 1782 ε
1091 1745 1130 1782 et
1160 1742 1240 1781 hoc

217 1816 341 1856 modo
361 1815 560 1868 importat
578 1815 906 1867 repugnantiam
931 1814 983 1854 ad
1009 1814 1240 1867 corruptio—

217 1899 315 1927 nem
336 1902 344 1927 :
363 1890 404 1928 et
422 1887 515 1928 ideo
536 1887 657 1928 debet
673 1887 767 1938 dici,
788 1886 1021 1927 secundum
1041 1886 1151 1926 hanc
1175 1886 1239 1927 vi-

216 1961 302 1998 tam
317 1990 327 2008 ,
349 1959 586 2000 immortale
600 1990 610 2008 ‚
641 1958 754 2012 quod
782 1961 843 1999 est
871 1958 929 1998 ita
948 1958 992 1998 in
1011 1961 1109 1998 actu
1128 1970 1239 1998 com-

214 2030 340 2082 pleto,
362 2031 475 2084 quod
494 2031 611 2071 nullo
632 2031 756 2071 modo
769 2033 903 2083 potest
917 2030 1104 2083 aliquam
1124 2030 1238 2082 [1030-

213 2102 422 2143 rationem
450 2103 635 2156 recipere
653 2115 662 2143 ε
692 2106 733 2143 et
752 2102 810 2143 sic
830 2102 979 2156 accipit
997 2102 1236 2156 Apostolus,

211 2176 253 2213 et
271 2174 447 2228 exponit
461 2174 743 2228 Augustinus.

646 2301 736 2330 DUB.
766 2301 808 2329 X.

436 2379 506 2411 Nec
523 2379 764 2411 vicissitudinis
784 2378 1012 2411 obumbratio.

266 2462 492 2515 Quaeritur,
517 2476 613 2517 quae
632 2464 867 2505 differentia
884 2464 937 2504 sit
954 2464 1063 2505 inter
1082 2463 1238 2505 vicissi-

212 2535 402 2576 tudinem
420 2539 462 2577 et
479 2537 870 2587 obumbrationem3
897 2539 938 2577 et
962 2549 1058 2590 quae
1081 2548 1235 2578 conve—

210 2607 391 2658 nientia,
431 2609 592 2650 ratione
630 2610 752 2662 cujus
787 2609 955 2650 dicatur
992 2608 1238 2651 vicissitudo

210 2679 480 2722 obumbrare.

263 2752 384 2806 Resp.
406 2753 657 2803 Dicendum,
683 2754 796 2807 quod
815 2753 1060 2795 vicissitudo
1079 2753 1238 2808 impor-

208 2826 269 2881 tat
287 2837 520 2867 numerum
534 2826 653 2877 vicis,
677 2829 717 2866 et
741 2826 818 2867 iste
839 2829 900 2866 est
917 2838 1124 2866 numerus
1141 2838 1239 2867 cum

209 2896 542 2951 interruptione3
569 2898 640 2939 sed
671 2898 940 2939 obumbratio
970 2898 1130 2939 dicitur
1164 2911 1240 2952 per

209 2968 492 3021 privationem
515 2972 633 3011 actus
668 2970 787 3011 111015.
813 2969 1025 3020 Quoniam
1046 2984 1149 3024 ergo
1169 2984 1239 3012 ac-

210 3042 278 3081 tus
296 3041 443 3083 formae
463 3042 541 3083 lux
569 3045 649 3092 est,
676 3042 860 3095 privatio
880 3044 973 3095 ejus
994 3046 1104 3084 recte
1130 3043 1235 3084 dici-

211 3113 561 3156 turobumbratio
588 3129 596 3156 :
624 3117 666 3155 et
693 3115 794 3168 quia
811 3115 1053 3156 vicissitudo
1071 3116 1236 3157 ratione

214 3187 384 3226 numeri
435 3187 535 3228 dicit
574 3187 928 3240 interruptionem
943 3221 952 3238 ,
994 3191 1034 3229 et
1078 3188 1240 3229 ratione

213 3251 532 3311 interruptionis
551 3258 650 3299 dicit
675 3259 985 3311 privationem,
1009 3262 1048 3301 et
1067 3261 1232 3302 ratione

215 3324 460 3376 privationis
491 3331 886 3381 obumbrationem3
913 3331 1012 3372 hinc
1041 3335 1103 3373 est
1125 3333 1238 3387 quod

214 3398 324 3437 recte
347 3398 497 3442 dicitur
525 3402 828 3445 vicissitudinis
854 3403 1136 3446 obumbratio.

261 3481 270 3500 ¹
293 3481 444 3523 August.³
462 3484 501 3515 de
522 3486 655 3526 Tri'izz't„
675 3487 732 3519 lib.
748 3488 774 3527 l,
796 3496 824 3518 c.
841 3495 865 3518 1.
880 3504 921 3522 -,-
942 3488 956 3508 2
976 3488 1029 3528 Cf.
1048 3490 1082 3521 S.
1103 3488 1237 3530 Thom.,

214 3525 294 3564 1)·1,
317 3534 349 3566 q·
374 3536 479 3578 xym,
500 3535 563 3564 art.
584 3535 601 3565 4
611 3544 621 3574 3
643 3534 755 3574 AEgld.
783 3535 923 3575 Rom.,1
945 3535 1048 3575 Sem„
1070 3536 1233 3576 disum,

216 3581 249 3612 q.
276 3580 335 3612 1113
364 3574 568 3618 RicharduS,
596 3582 609 3612 1
636 3582 738 3621 Sem„
768 3582 844 3614 dist.
868 3590 950 3623 vm,
976 3592 1009 3624 q.
1036 3592 1081 3624 ¹13
1115 3585 1232 3625 Steph.

217 3619 358 3662 Brulet„
390 3623 399 3652 l
430 3622 534 3662 Seni„
555 3626 631 3660 dist.
655 3637 739 3669 vm,
764 3640 798 3670 q.
826 3637 857 3671 13
891 3631 1008 3662 Petrus
1027 3632 1067 3663 dc
1087 3634 1237 3673 Tarant„

453 3694 552 3725 TOM.
582 3697 612 3727 1.

2248 292 2323 329 115

1583 403 1950 447 ARTIGULUS
1992 405 2026 447 I.

1362 518 1409 558 In
1428 519 1507 559 hac
1524 521 1662 570 parte,
1685 520 1737 561 ad
1759 519 2012 561 evidentiam
2039 520 2219 561 duarum
2241 522 2328 574 pri-

1308 603 1477 631 marum
1496 592 1822 644 proprietatum,
1843 604 1950 645 quas
1970 592 2168 645 Magister
2191 593 2327 645 primo

1309 663 1514 714 assignat,
1546 663 1701 704 scilicet
1722 663 1917 704 Veritatis
1935 667 1973 705 et
1997 664 2328 705 Inconimutabi—

1308 733 1435 774 litatis
1448 768 1457 785 ,
1480 734 1564 774 duo
1584 735 1870 788 principaliter
1886 739 2141 789 quaeruntur
2165 751 2173 774 :
2194 736 2331 789 primo

1308 806 1358 847 de
1390 806 1480 859 ipsa
1505 806 1708 858 Veritate3
1741 808 1925 849 secundo
1956 809 2006 849 de
2044 808 2330 848 Immutabili—

1309 880 1407 919 tate.
1441 878 1497 919 De
1526 877 1707 920 Veritate
1736 880 1891 921 iterum
1918 883 2171 934 quaeruntur
2198 880 2282 921 duo
2321 895 2329 920 :

1310 950 1470 1003 primo,
1499 953 1645 991 utrum
1675 950 1836 992 Veritas
1862 952 1915 992 sit
1939 953 2172 1005 proprietas
2200 952 2334 993 divini

1311 1022 1428 1073 Esse3
1456 1023 1663 1074 secundo,
1686 1026 1835 1064 utrum
1853 1024 1906 1066 sit
1925 1026 1960 1077 ej
1970 1037 2017 1065 us
2036 1024 2268 1077 proprietas
2288 1024 2332 1063 in

1311 1107 1492 1145 summo,
1516 1094 1557 1135 id
1576 1098 1637 1135 est
1655 1095 1758 1136 adeo
1775 1096 1884 1149 quod
1907 1108 1995 1137 non
2011 1097 2141 1149 possit
2159 1096 2335 1148 cogitari

1310 1179 1397 1207 non
1417 1179 1519 1208 esse.

1674 1253 1911 1304 QUAESTIO
1942 1255 1973 1296 Ι.

1432 1357 1493 1394 Au
1516 1357 1658 1393 Veritas
1676 1358 1725 1392 sit
1739 1359 1946 1404 proprietas
1965 1357 2084 1393 divini
2101 1359 2184 1394 Esse
2195 1358 2223 1394 2.

1366 1454 1485 1504 Quod
1515 1454 1676 1497 Veritas
1706 1456 1758 1496 sit
1788 1456 2022 1509 proprietas
2050 1456 2183 1497 divini
2209 1455 2335 1507 Esse,
2367 1481 2415 1507 Ra,

2375 1522 2463 1547 asili-iu
2488 1537 2499 1541 -

1312 1528 1544 1568 ostenditur
1563 1528 1884 1568 auctoritatibus
1902 1530 1942 1568 et
1961 1529 2214 1569 rationibus.

1367 1598 1510 1640 Primo
1537 1600 1662 1640 modo
1695 1600 1778 1649 sic,
1807 1599 2054 1640 auctoritate
2088 1599 2338 1652 Hieronymi

1313 1671 1371 1713 act
1390 1672 1645 1720 Marcellam,
1663 1674 1702 1712 et
1721 1672 1903 1712 habetur
1922 1672 1967 1711 in
1987 1672 2126 1712 littera
2150 1687 2157 1712 :
2188 1671 2342 1712 «Solus

1314 1743 1422 1783 Deus
1443 1757 1540 1784 vere
1561 1747 1640 1794 est,
1664 1745 1786 1796 cujus
1807 1744 1998 1784 essentiae
2027 1747 2341 1797 comparatum,

1314 1819 1508 1856 nostrum
1529 1828 1617 1856 esse
1638 1828 1722 1856 non
1740 1819 1800 1856 est
1821 1828 1829 1855 :
1853 1830 1871 1852 ›>
1891 1815 1961 1856 sed
1984 1816 2097 1868 quod
2121 1816 2248 1856 alicui
2265 1816 2342 1856 soli

1314 1888 1527 1937 convenit,
1549 1891 1610 1928 est
1630 1888 1850 1941 proprium
1867 1887 1928 1928 illi
1947 1900 1957 1929 :
1978 1900 2081 1940 ergo
2101 1887 2264 1929 Veritas
2283 1890 2345 1928 est

1314 1959 1535 2012 proprium
1556 1959 1688 2000 divini
1709 1958 1822 2000 Esse.

1369 2030 1496 2082 Item,
1532 2031 1822 2083 Augustinus,
1850 2030 1901 2072 de
1932 2041 2034 2073 vera
2058 2031 2273 2085 Reliqz'one
2295 2032 2308 2053 ³
2331 2045 2342 2072 :

1321 2118 1339 2141 (1
1359 2102 1389 2143 F
1392 2103 1531 2144 alsitas
1554 2106 1616 2144 est
1637 2103 1682 2143 in
1707 2103 1790 2143 illis
1816 2103 1944 2144 rebus
1959 2135 1968 2152 ,
1998 2116 2093 2156 quse
2120 2104 2343 2144 imitantur

1313 2175 1418 2215 illud
1446 2188 1608 2226 unum,
1640 2187 1725 2228 quo
1754 2177 1815 2216 est
1844 2187 1983 2216 unum
2017 2175 2224 2229 quidquid
2255 2178 2342 2224 est,

1313 2246 1359 2287 in
1392 2250 1600 2300 quantum
1630 2247 1735 2288 illud
1762 2247 1938 2300 implere
1967 2259 2054 2288 non
2083 2250 2276 2300 possunt.
2318 2262 2336 2285 n

1315 2317 1359 2359 Si
1386 2331 1489 2372 ergo
1518 2319 1636 2360 nulla
1662 2322 1855 2360 creatura
1886 2322 2021 2373 potest
2046 2319 2150 2360 illud
2174 2332 2343 2361 summe

1314 2404 1453 2432 unum
1484 2392 1682 2446 implere,
1716 2392 1873 2434 veritas
1906 2405 1993 2433 non
2025 2395 2087 2433 est
2119 2392 2165 2432 in
2198 2392 2341 2446 aliqua

1315 2466 1508 2504 creatura
1523 2496 1532 2513 ,
1555 2464 1626 2505 sed
1643 2464 1685 2504 in
1706 2465 1904 2505 omnibus
1927 2463 2099 2505 falsitas.

1368 2535 1473 2576 Item
1487 2536 1757 2588 Augustinus
1772 2537 1817 2576 in
1837 2535 2113 2589 soliloquiis&
2127 2537 2167 2576 et
2183 2535 2234 2577 de
2247 2547 2345 2578 vera

1315 2613 1530 2667 Reliqione
1544 2617 1556 2638 5
1574 2613 1696 2665 dicit,
1714 2613 1828 2667 quod
1850 2614 1928 2654 lux
1945 2614 2130 2654 increata
2157 2617 2217 2654 est
2238 2614 2346 2654 ratio

1316 2685 1613 2738 cognoscendi,
1629 2690 1671 2727 et
1688 2686 1776 2727 sola
1791 2686 1868 2727 lux
1882 2686 2068 2727 increata
2082 2688 2143 2727 est
2156 2686 2312 2728 veritas
2333 2700 2342 2727 :

1315 2769 1419 2810 ergo
1440 2758 1595 2800 veritas
1611 2760 1672 2799 est
1689 2758 1923 2812 proprietas
1946 2758 2019 2799 Dei
2041 2758 2184 2799 solius.

1370 2828 1475 2871 Item
1494 2830 1720 2871 Anselmus
1734 2830 1762 2882 ⁶,
1779 2830 1825 2870 in
1836 2830 1944 2871 libro
1963 2830 2013 2872 de
2032 2830 2232 2880 Veritate,
2248 2830 2347 2871 dicit

1315 2902 1429 2955 quod
1461 2903 1604 2943 omnia
1629 2906 1728 2943 sunt
1757 2915 1859 2945 vera
1877 2902 2015 2955 prima
2040 2902 2216 2944 veritate
2240 2917 2248 2943 ε
2273 2905 2348 2943 aut

1316 2986 1420 3026 ergo
1439 2974 1639 3027 intelligit
1659 2974 1862 3023 effective,
1889 2976 1962 3014 aut
1979 2974 2212 3015 formaliter
2233 2989 2242 3015 ε
2259 2987 2347 3015 non

1316 3046 1527 3098 effective,
1553 3047 1655 3100 quia
1674 3046 1866 3087 similiter
1893 3045 2040 3086 omnia
2065 3049 2242 3099 possunt
2263 3046 2346 3087 dici

1315 3118 1445 3169 bona,
1466 3119 1605 3172 prima
1625 3118 1811 3158 bonitate
1840 3132 1847 3158 :
1867 3130 1970 3170 ergo
1990 3118 2243 3171 intelligitur
2260 3119 2348 3159 for-

1315 3190 1481 3230 maliter
1505 3205 1513 3231 :
1536 3202 1639 3242 ergo
1658 3203 1744 3230 non
1763 3192 1824 3230 est
1842 3189 1923 3230 alia
1940 3190 2113 3242 veritas,
2135 3202 2264 3243 quam
2278 3202 2348 3230 ve-

1314 3261 1415 3301 ritas
1446 3262 1633 3302 increata
1655 3273 1665 3300 :
1688 3273 1815 3313 ergo,
1843 3261 1879 3302 si
1898 3261 1978 3314 gilla
2001 3265 2080 3314 est,
2102 3264 2162 3303 est
2181 3262 2227 3302 in
2247 3261 2344 3312 Deo,

1316 3336 1393 3374 etc.
1420 3346 1429 3373 :
1452 3345 1555 3386 ergo
1581 3332 1736 3374 veritas
1766 3334 1827 3373 est
1849 3332 1979 3374 solius
1999 3332 2070 3374 Dei
2095 3333 2344 3387 proprietas.

1317 3441 1329 3472 I
1352 3442 1455 3477 Sent„
1485 3441 1561 3471 dist.
1583 3447 1645 3471 viil
1658 3465 1668 3481 ,
1689 3450 1723 3481 q.
1740 3448 1794 3472 111.
1809 3458 1849 3464 -
1868 3441 1881 3462 3
1894 3441 2049 3482 August„
2068 3440 2107 3472 de
2129 3450 2206 3471 vera
2225 3440 2346 3480 Relz'y„

1317 3498 1346 3519 c.
1362 3496 1481 3529 XXXVI,
1502 3489 1601 3519 n.66.
1616 3506 1657 3510 —
1673 3488 1771 3520 111110
1793 3490 1923 3529 auctor,
1945 3488 2096 3529 quisquis
2122 3488 2181 3528 sit,
2204 3487 2345 3528 Solz'loq.

1314 3536 1373 3568 lib.
1392 3536 1417 3576 1,
1439 3544 1468 3567 0.
1492 3543 1575 3576 vm,
1600 3545 1635 3566 n.
1654 3535 1757 3568 15.—
1773 3536 1786 3557 5
1800 3536 1863 3576 ld.,
1886 3536 1925 3566 de
1939 3546 2016 3567 vera
2036 3535 2156 3575 Relz‘y„
2177 3544 2205 3565 c.
2221 3543 2345 3575 xxxw,

1315 3593 1350 3614 n.
1370 3585 1407 3614 64
1422 3607 1429 3621 ,
1450 3583 1484 3613 iu
1507 3583 1587 3614 fine.
1604 3601 1646 3605 -
1663 3584 1675 3604 6
1698 3583 1864 3622 Α11501111.,
1890 3583 1929 3614 de
1961 3583 2079 3621 Vel-it„
2099 3592 2128 3614 c.
2156 3590 2191 3614 xi
2211 3585 2244 3614 et
2267 3590 2346 3622 X1v3

1315 3633 1471 3671 August„
1492 3630 1619 3662 devera
1637 3630 1758 3672 Reliq„
1779 3640 1809 3662 c.
1827 3638 1947 3671 xxxvl,
1967 3640 2003 3663 n.
2018 3632 2069 3662 66.

2058 3692 2109 3730 10

2421 1488 2497 1506 101103
