2613 3990
754 408 844 437 DUB.
865 406 924 434 IX.

518 492 570 523 {lle
599 490 700 522 ctiam
722 488 890 520 maximus
911 485 1169 527 prophetarum.

385 578 535 621 Contra
555 590 564 618 :
588 576 693 626 Quia
720 587 844 628 super
869 572 971 613 illud
1000 571 1186 613 Matthaei
1207 576 1217 597 ¹
1242 586 1250 612 ε
1275 573 1308 610 A
1316 581 1359 622 p-

324 655 562 705 paruerwzc
585 647 674 690 illis
691 647 854 699 Moyses
875 648 912 687 et
937 644 1098 695 Helias,
1118 644 1216 685 dicit
1240 642 1358 683 Glos-

327 738 372 766 sa
394 737 404 765 :
433 740 451 762 «
471 721 609 763 llelias
636 718 713 760 fuit
733 717 948 759 maximus
968 715 1273 770 prophetarum
1300 727 1309 755 :
1333 728 1351 752 1)

326 809 414 838 11011
433 806 536 847 ergo
555 791 700 833 David.

379 868 501 920 Resp.
527 865 707 918 Spiritus
723 863 957 917 prophetice
978 862 1022 902 in
1041 859 1194 913 majori
1215 859 1355 899 abun-

324 940 466 981 dantia
485 939 627 988 datus,
647 936 898 990 prophetam
919 932 1085 975 Domini
1106 931 1201 972 facit
1222 929 1355 972 excel-

323 1012 559 1053 lentiorem.
598 1008 737 1050 Potest
773 1020 877 1060 ergo
917 1005 1140 1060 dupliciter
1181 1001 1271 1043 dari
1310 1001 1353 1042 in

323 1083 477 1136 majori
499 1080 759 1123 abundantia
781 1094 790 1120 ς
813 1082 887 1120 aut
912 1077 1015 1131 quia
1037 1076 1088 1117 ad
1112 1074 1256 1128 plura3
1280 1075 1355 1114 aut

323 1155 423 1209 quia
454 1154 505 1195 ad
536 1153 699 1194 altiora.
731 1150 862 1192 Heliae
893 1150 1014 1191 datus
1035 1150 1097 1189 est
1122 1146 1173 1187 ad
1207 1145 1350 1199 plura,

322 1227 422 1280 quia
444 1227 496 1267 ad
523 1226 768 1266 futurorum
794 1220 1119 1275 praevisionem,
1152 1220 1194 1259 et
1221 1218 1353 1258 mira-

321 1299 517 1340 culorum
534 1296 845 1350 operationem3
866 1294 937 1334 sed
958 1292 1088 1334 David
1108 1291 1160 1332 ad
1180 1290 1350 1340 altiora,

321 1372 441 1425 quia,
482 1370 590 1410 sicut
618 1371 731 1422 patet
758 1380 812 1409 cx
842 1368 934 1419 ejus
959 1364 1180 1420 prophetia
1196 1396 1206 1415 ,
1229 1363 1354 1417 plura

319 1443 426 1485 vidit
462 1441 636 1493 clarius⁷
671 1441 772 1494 quia
801 1437 1023 1493 prophetia
1058 1435 1349 1478 intellectuali.

762 1552 853 1581 DL‘B.
875 1551 919 1579 X.

501 1636 667 1670 Dominus
685 1633 838 1676 possedit
850 1641 906 1664 me
927 1631 961 1663 in
982 1630 1089 1670 initio,
1105 1632 1169 1662 etc.

376 1722 597 1776 Ohjicitur,
628 1720 730 1773 quia
757 1715 961 1771 possessio
989 1717 1050 1756 est
1078 1713 1141 1754 rei
1175 1711 1352 1753 inferio-

320 1796 404 1847 ris;
429 1794 531 1836 ordo
554 1792 616 1834 rei
636 1789 877 1845 posterioris
898 1800 908 1828 :
925 1785 1139 1839 conceptio
1160 1783 1353 1824 similiter

320 1870 441 1909 sonat
470 1866 520 1920 (α)
548 1876 676 1906 5οΧ115
694 1861 987 1914 fragilitatem,
1011 1861 1052 1899 et
1073 1860 1219 1911 partus
1235 1856 1351 1896 simi-

320 1939 444 1981 liter:
471 1949 568 1991 quae
597 1935 742 1977 omnia
771 1946 859 1974 non
887 1930 1151 1973 conveniunt
1179 1928 1349 1970 divinis.

374 2011 495 2064 Resp.
524 2007 739 2062 Sapientia
765 2004 1016 2047 describitur
1034 2015 1109 2056 per
1136 2014 1354 2055 compara-

318 2084 480 2126 tionem
494 2082 547 2123 ad
561 2079 748 2131 effectus,
769 2081 810 2120 et
826 2090 902 2131 per
916 2075 1278 2128 comparationem
1296 2074 1350 2115 ad

319 2156 594 2211 principium.
628 2153 680 2194 Et
710 2150 915 2205 quoniam
931 2181 941 2199 ,
967 2160 1044 2202 per
1068 2146 1353 2200 comparatio-

318 2241 420 2270 nem
439 2228 492 2269 ad
511 2227 705 2276 011001115,
727 2223 854 2264 hahet
878 2222 923 2262 in
952 2233 995 2261 se
1014 2220 1265 2260 thesaurum
1287 2218 1354 2258 in-

318 2301 492 2342 finitum
516 2299 562 2340 in
586 2296 890 2339 numerositate
906 2325 917 2345 ,
940 2295 980 2333 et
1005 2292 1132 2333 hahet
1159 2291 1354 2332 ordinem

318 2373 364 2414 in
392 2370 666 2420 discretione3
688 2368 782 2410 ideo
802 2365 1053 2408 describitur
1072 2377 1147 2418 per
1171 2363 1353 2405 verbum

315 2442 586 2499 possidendi,
608 2445 648 2483 et
668 2438 924 2484 ordinandi.
947 2437 1205 2478 Describitur
1224 2436 1351 2477 etiam

317 2528 395 2571 per
425 2514 788 2569 comparationem
820 2511 873 2552 ad
911 2523 1040 2552 suum
1071 2509 1350 2563 principium,

319 2602 344 2631 a
369 2601 453 2643 quo
481 2589 650 2629 emanat
676 2583 945 2627 emanatione
964 2582 1217 2631 intrinseca,
1243 2581 1287 2621 in
1304 2592 1353 2622 eo

319 2661 434 2715 quod
453 2663 516 2702 est
540 2660 590 2701 de
607 2656 844 2700 substantia
862 2654 1124 2705 emanantis3
1146 2653 1239 2694 ideo
1258 2653 1353 2694 des-

320 2734 497 2774 cribitur
515 2743 592 2786 per
611 2730 793 2773 verbum
817 2727 1117 2780 conceptionis,
1140 2728 1181 2766 et
1197 2729 1351 2779 parcu-

318 2806 512 2848 ritiom's.

546 2875 871 2923 ARTICULUS
902 2874 1128 2919 UNICUS.

374 2969 437 3009 Ad
470 2967 798 3009 declarationem
832 2976 983 3006 eorum
1013 2975 1110 3016 quae
1149 2962 1200 3003 de
1234 2974 1351 3003 sacra

319 3039 523 3081 Trinitate
551 3043 592 3080 et
613 3039 778 3080 Unitate
803 3036 902 3078 dicit
929 3035 1144 3088 Magister,
1167 3038 1351 3088 quatuor

319 3115 496 3165 possunt
530 3110 667 3164 quaeri
698 3110 809 3150 circa
841 3109 1006 3161 partem
1038 3107 1176 3146 istam.
1208 3105 1350 3147 Primo

319 3184 541 3237 quaeritur,
564 3186 711 3223 utrum
731 3181 775 3220 iu
796 3180 878 3220 Deo
902 3179 954 3219 sit
979 3190 1137 3231 ponere
1159 3178 1349 3219 essentiae

319 3256 408 3297 sive
438 3257 606 3295 naturae
640 3252 865 3293 Unitatem.
902 3249 1096 3291 Secundo
1124 3252 1272 3291 utrum
1306 3249 1351 3290 in

368 3368 374 3385 ¹
397 3365 532 3403 Manli„
557 3371 643 3402 xvu,
658 3365 731 3393 3.-
746 3364 758 3383 ²
774 3362 827 3401 Cf.
845 3362 939 3393 Alex.
957 3361 1101 3401 Alcnsis,
1119 3371 1153 3402 p.
1171 3363 1200 3401 Ι,
1222 3371 1255 3402 q.
1276 3369 1348 3402 mv,

319 3415 447 3446 memb.
465 3416 503 3453 :23
527 3414 560 3445 S.
579 3412 740 3450 Thomas,
758 3419 791 3450 p.
810 3410 834 3449 l,
849 3419 883 3450 q.
900 3417 947 3449 xi,
966 3413 1027 3441 art.
1044 3413 1083 3449 33
1105 3409 1218 3450 AEgid.
1233 3410 1346 3451 Rom„

318 3464 328 3494 4
352 3463 456 3501 Seni„
479 3462 556 3494 dist.
576 3461 626 3500 ΙΙ,
647 3468 680 3500 q.
698 3467 728 3490 1:
749 3458 900 3489 Lactaut.
922 3457 1040 3497 Firm„
1067 3457 1126 3488 iil).
1149 3458 1174 3488 11
1196 3457 1235 3488 cle
1258 3457 1348 3498 falsa

318 3511 439 3551 Reliy„
461 3520 491 3542 c.
510 3517 563 3550 iv,
584 3515 624 3548 v,
644 3514 679 3539 vt
699 3509 732 3538 et
749 3513 816 3545 V113
840 3504 1027 3544 Ilenricus,
1047 3504 1082 3535 111
1103 3505 1241 3536 Summa
1255 3529 1266 3543 ‚
1284 3506 1347 3536 art.

317 3566 398 3599 xxv,
419 3566 477 3599 q.1
500 3560 533 3589 et
563 3563 695 3594 Lxxim
717 3551 920 3592 Durandus,
941 3552 952 3582 1
983 3552 1088 3592 Sent„
1105 3552 1183 3584 dist.
1209 3553 1252 3594 11,
1272 3560 1347 3593 q.1;

318 3607 461 3644 Scotus,
484 3606 496 3637 l
517 3606 623 3644 Sent„
643 3603 721 3635 dist.
746 3602 789 3642 ΙΙ,
811 3610 844 3642 q.
861 3607 921 3640 1113
943 3599 1062 3632 Thom.
1084 3601 1238 3641 Argent.,
1268 3600 1345 3632 dist.

1097 262 1512 307 SENTENTIARUM
1542 264 1640 307 LlB.
1671 265 1701 307 l.

1439 353 1523 395 Deo
1557 354 1610 395 sit
1649 366 1807 408 ponere
1847 354 2129 397 Personarum
2162 358 2461 410 pluralitatem.

1437 425 1577 468 Tertio
1595 429 1743 468 utrum
1765 427 1810 467 in
1836 426 1991 468 divinis
2016 428 2205 479 personis
2232 431 2286 470 sit
2311 442 2466 483 ponere

1438 496 1708 539 Infinitatem.
1732 497 1889 547 Quarto
1909 500 1950 538 et
1970 497 2122 538 ultimo
2136 530 2146 549 ,
2168 502 2316 540 utrum
2335 501 2380 541 in
2399 501 2464 541 di-

1434 568 1552 610 vinis
1572 570 1762 623 personis
1782 569 1833 610 sit
1853 581 2011 623 ponere
2030 569 2293 612 Trinitatem.

1798 720 2039 772 QUAESTlo
2070 721 2101 762 I.

1663 841 1725 876 Λη
1748 843 1797 877 sit
1820 852 1910 878 unus
1935 843 2025 877 Deus
2052 844 2195 877 tantum
2214 839 2239 877 ².

1485 935 1603 986 Quod
1639 937 1683 977 in
1725 937 1808 979 Deo
1856 939 1908 979 sit
1941 950 2098 992 ponere
2147 938 2337 980 essentiae
2375 939 2464 981 sive

1429 1011 1594 1050 naturae
1648 1008 1858 1050 Unitatem
1890 1014 1903 1035 ³
1918 1042 1928 1059 ,
1973 1010 2139 1052 videtur
2181 1010 2343 1051 ratione
2394 1023 2464 1052 os-

1429 1079 1592 1122 tensiva
1614 1112 1624 1131 ,
1657 1080 1810 1134 triplici
1838 1081 1985 1122 hahita
2014 1081 2304 1134 suppositione
2333 1094 2463 1134 quam

1428 1154 1593 1203 oportet
1614 1152 1716 1204 poni
1745 1164 1755 1192 ε
1782 1155 1876 1193 tum
1905 1156 2076 1206 propter
2105 1153 2198 1205 ejus
2225 1153 2464 1206 simplicita-

1428 1225 1539 1274 ten13
1571 1226 1664 1264 tum
1695 1227 1867 1277 propter
1895 1237 2170 1266 communem
2201 1225 2332 1265 animi
2358 1237 2463 1266 con—

1429 1295 1693 1348 ceptionem,
1731 1308 1829 1349 quae
1865 1299 1928 1337 est
1961 1298 2076 1350 quod
2116 1298 2227 1339 Deus
2259 1301 2342 1350 est,
2376 1312 2461 1352 quo

1429 1368 1568 1420 majus
1602 1367 1835 1420 excogitari
1864 1380 1951 1409 non
1983 1372 2142 1422 potest3
2177 1372 2269 1410 tum
2300 1370 2463 1410 ratione

1428 1441 1585 1491 status,
1607 1440 1787 1493 quinon
1813 1442 1875 1481 est
1903 1439 1983 1481 nisi
2031 1441 2078 1481 in
2103 1453 2271 1482 summo
2300 1444 2340 1482 et
2373 1441 2463 1494 pri-

1427 1523 1499 1552 mo
1524 1512 1591 1563 (b).

1482 1584 1724 1637 Suppositio
1745 1584 1886 1637 prima
1905 1585 1967 1624 est
1980 1615 1994 1635 ,
2013 1583 2128 1636 quod
2147 1583 2256 1624 Deus
2276 1587 2337 1625 est
2358 1584 2461 1625 sim-

1426 1657 1700 1711 plicissimus.
1739 1656 1803 1697 Ex
1840 1656 1920 1697 hac
1956 1655 2170 1708 arguitur,
2211 1656 2322 1709 quod
2363 1669 2461 1698 cum

1427 1728 1548 1769 nullo
1562 1728 1644 1770 alio
1658 1728 1824 1770 diverso
1837 1728 1968 1782 possit
1982 1728 2299 1769 communicare
2311 1743 2319 1778 ;
2338 1729 2456 1782 quia,

1427 1801 1463 1841 si
1485 1800 1798 1852 communicat,
1828 1803 1868 1841 et
1896 1800 2036 1841 differt
2071 1815 2079 1841 :
2111 1811 2216 1852 ergo
2245 1813 2332 1841 non
2361 1805 2461 1841 sunt

1427 1872 1542 1913 idem
1577 1887 1586 1914 :
1623 1885 1727 1926 ergo
1762 1875 1823 1914 est
1857 1873 1917 1913 ihi
1960 1873 2223 1927 compositio.
2268 1873 2311 1915 Si
2349 1873 2458 1914 nihil

1426 1948 1562 1998 potest
1581 1945 1895 1986 communicare
1912 1977 1923 1995 ,
1945 1957 2049 1997 ergo
2066 1958 2144 1986 nec
2164 1945 2360 1987 deitatem
2380 1958 2457 1987 nec

1428 2017 1646 2057 entitatem
1669 2029 1678 2057 :
1701 2029 1826 2069 0130,
1849 2017 1883 2056 51
1903 2019 2003 2057 sunt
2023 2017 2107 2058 duo
2126 2017 2205 2067 dii,
2228 2030 2326 2058 cum
2346 2029 2461 2058 unus

1428 2088 1481 2129 sit
1500 2101 1596 2138 ens,
1618 2089 1723 2129 alter
1741 2101 1827 2129 non
1849 2091 1910 2129 est
1928 2100 2005 2129 ens
2026 2100 2036 2130 :
2058 2089 2093 2129 si
2114 2101 2230 2130 unus
2249 2093 2311 2130 est
2330 2088 2456 2141 Deus,

1427 2160 1534 2201 alter
1558 2172 1645 2201 non
1673 2162 1735 2200 est
1764 2159 1873 2201 Deus
1898 2171 1908 2200 ε
1936 2172 2042 2213 0130
2073 2159 2109 2200 51
2132 2159 2216 2202 duo
2239 2162 2341 2201 sunt
2369 2159 2457 2212 Dii,

1427 2242 1515 2271 non
1534 2233 1635 2271 sunt
1657 2229 1742 2271 duo
1762 2229 1842 2270 Dii.

1482 2301 1609 2351 Item,
1631 2300 1817 2342 secunda
1845 2301 2076 2354 suppositio
2105 2305 2180 2354 est,
2209 2301 2322 2355 quod
2351 2298 2461 2344 Deus

1428 2377 1490 2415 est
1506 2373 1958 2427 omnipotentissimus.
1974 2373 2038 2415 Ex
2055 2375 2135 2416 hac
2145 2375 2344 2428 arguitur
2362 2387 2371 2416 :
2387 2375 2460 2417 Er-

1428 2457 1485 2498 go
1508 2446 1661 2499 poterit
1680 2446 1815 2486 facere
1833 2446 1948 2499 quod
1975 2447 2115 2487 omnis
2134 2447 2216 2488 alia
2227 2447 2414 2500 potentia
2436 2460 2461 2488 a

1428 2530 1505 2558 sua
1523 2518 1632 2558 nihil
1646 2518 1775 2571 possit
1796 2533 1804 2560 :
1825 2531 1944 2571 ergo,
1968 2519 2002 2559 si
2021 2523 2120 2561 sunt
2139 2520 2224 2561 duo
2241 2520 2394 2561 diversi
2415 2519 2460 2560 in

1428 2592 1597 2642 natura,
1612 2589 1693 2630 hoc
1705 2593 1841 2643 potest
1850 2590 1985 2632 facere
1999 2604 2112 2632 unus
2126 2592 2176 2633 de
2185 2591 2330 2641 altero,
2346 2591 2460 2644 quod

1428 2662 1533 2703 alter
1551 2662 1659 2702 nihil
1687 2662 1839 2715 possit,
1862 2665 1902 2703 et
1922 2675 1944 2703 e
1965 2674 2184 2705 converso.
2212 2662 2293 2704 Sed
2317 2664 2386 2703 cui
2409 2663 2455 2716 (c)

1426 2738 1563 2788 potest
1586 2734 1773 2788 potentia
1790 2735 1962 2787 auferri,
1985 2748 2072 2776 non
2092 2738 2154 2777 est
2172 2735 2282 2777 Deus
2304 2749 2313 2777 :
2337 2747 2454 2788 ergo,

1427 2806 1462 2847 si
1482 2807 1566 2847 duo
1586 2809 1686 2847 sunt
1704 2806 1782 2859 Dii,
1805 2807 1951 2849 nullus
1967 2810 2029 2849 est
2047 2807 2171 2850 Deus.

1480 2879 1600 2930 Item,
1630 2879 1751 2920 tertia
1769 2880 2001 2934 suppositio
2027 2882 2103 2931 est,
2124 2881 2239 2934 quod
2269 2880 2380 2923 Deus
2399 2883 2460 2923 est

1425 2949 1671 3003 simpliciter
1687 2963 1896 2993 summus.
1912 2952 1977 2994 Ex
1995 2953 2076 2994 hac
2093 2953 2294 3006 arguitur
2316 2967 2324 2994 ε
2344 2952 2458 3006 Ergo

1426 3022 1572 3064 omnia
1590 3026 1690 3064 sunt
1709 3023 1821 3066 infra
1837 3025 1980 3079 ipsum
1998 3037 2129 3078 :ergo
2148 3025 2293 3067 omnia
2306 3025 2387 3067 alia
2406 3025 2458 3067 ad

1425 3095 1590 3148 ipsum,
1625 3099 1666 3137 et
1698 3097 1750 3137 ab
1778 3098 1885 3151 ipso.
1922 3097 1967 3139 Si
2000 3110 2105 3151 ergo
2137 3100 2235 3139 sunt
2263 3098 2347 3140 duo
2379 3098 2454 3149 Dii,

1424 3179 1538 3208 unus
1557 3171 1618 3208 est
1636 3168 1746 3209 infra
1772 3170 1970 3220 alterum,
1992 3173 2033 3211 et
2052 3182 2076 3211 0
2095 3182 2319 3221 convers03
2342 3182 2457 3211 unus

1425 3242 1487 3280 est
1505 3239 1557 3280 ab
1574 3240 1655 3281 alio
1675 3242 1909 3284 secundum
1920 3245 2118 3283 naturam
2138 3243 2418 3294 diversam,et
2433 3256 2456 3285 0

1424 3380 1466 3420 ΙΙ,
1489 3390 1521 3421 q.
1550 3389 1559 3412 1
1583 3384 1615 3412 ct
1643 3390 1694 3423 1v3
1717 3384 1819 3415 Gahr.
1843 3383 1934 3424 Biel,
1956 3385 1967 3415 1
1995 3384 2099 3424 Scnt„
2121 3385 2198 3417 (list.
2228 3386 2278 3427 11,
2301 3395 2334 3427 q.
2362 3393 2397 3417 x.
2414 3402 2453 3409 —-

1423 3428 1437 3449 ³
1451 3429 1559 3469 Boet.,
1581 3429 1620 3460 cle
1637 3430 1810 3472 Hebdom„
1822 3431 1881 3463 lib.
1897 3432 1924 3463 ΙΙ
1936 3441 1947 3472 3
1960 3432 2075 3474 Arist.,
2089 3432 2289 3474 Metaplzys„
2301 3434 2361 3466 lib.
2378 3434 2452 3475 xil,

1425 3478 1576 3528 contcxt.
1591 3480 1643 3519 311,
1663 3481 1696 3511 et
1713 3479 1844 3521 Plzsz'c.,
1864 3479 1922 3513 lib.
1941 3480 2038 3523 Vlll,
2059 3483 2214 3514 context.
2231 3483 2284 3513 34.

1431 3546 1440 3555 ⁹
1467 3555 1507 3597 (α)
1531 3549 1612 3588 Οοείζ
1638 3556 1719 3589 edit.
1744 3557 1862 3590 habent
1881 3561 1981 3591 sonat
2004 3558 2038 3590 in
2070 3568 2183 3592 sexus.
2203 3577 2245 3582 —-
2261 3559 2306 3603 (b)
2328 3560 2452 3603 Supple

1422 3604 1594 3644 gradu.—
1615 3605 1655 3647 (c)
1676 3605 1739 3638 Ed.
1765 3606 1843 3639 Ven.
1866 3607 1945 3640 1753
1971 3605 2067 3639 habet
2096 3607 2174 3649 qui,
2202 3607 2366 3641 mendose.

2509 984 2608 1013 Funda

2485 1030 2590 1056 menta.
