2613 3990
188 439 298 468 Funda-

159 483 261 509 menta.

898 203 1148 246 DISTINCT.
1180 204 1318 258 XXIV,
1350 205 1470 247 ART.
1500 206 1531 246 l.
1564 206 1760 256 QUAEST.
1793 209 1825 250 Ι.

315 293 414 332 tur:
442 292 721 334 «Humanitas
741 294 782 334 et
801 292 947 333 albedo
965 296 1066 334 sunt
1084 294 1179 335 duae
1201 307 1340 337 essen-

316 363 407 414 tiae3
425 378 443 400 n
462 376 566 416 ergo
579 364 659 405 hoc
678 377 765 405 non
783 364 922 405 solvit.

372 434 552 475 Contra:
575 436 639 475 Ab
666 436 814 476 eodem
835 435 961 476 habet
993 436 1149 489 aliquid
1183 448 1268 480 esse
1301 441 1341 479 et

317 515 463 557 unum,
485 507 687 559 qnoniam
701 507 836 547 forma
853 519 949 559 quae
963 506 1033 547 dat
1050 518 1151 558 6886,
1173 509 1242 549 dat
1256 520 1342 552 6386

316 576 559 619 distinctum
607 593 615 618 :
667 578 702 618 si
749 578 882 630 igitur
928 591 1002 619 ens
1048 591 1135 620 non
1189 580 1341 622 dicitur

313 648 546 701 privative,
580 649 651 690 sed
686 649 895 702 positive,
936 650 1027 702 pari
1068 651 1231 693 ratione
1262 665 1340 693 nec

312 727 445 759 unum
461 717 512 758 de
528 717 668 770 aliquo
684 717 837 758 dicitur
858 718 1083 771 privative.

367 789 487 839 Item,
506 789 618 842 quod
632 792 752 829 sonat
768 789 813 829 in
827 790 1202 842 complementum,
1219 795 1342 832 sonat

312 861 358 901 in
382 861 600 909 habitum,
631 872 717 900 non
750 860 1040 912 privationem
1075 877 1082 902 ς
1106 863 1178 903 56(1
1206 874 1340 905 unum

313 934 434 972 sonat
462 932 508 971 in
535 931 915 984 complementum,
950 933 1050 985 quia
1077 937 1238 986 quanto
1258 934 1338 975 ali-

314 1003 416 1056 quid
431 1002 670 1056 perfectiUS,
692 1005 810 1044 tanto
830 1004 968 1056 magis
989 1005 1145 1046 accedit
1170 1006 1221 1046 ad
1240 1006 1339 1046 uni-

311 1077 440 1116 tatem
477 1088 486 1114 :
519 1073 654 1126 igitur
688 1086 819 1117 unum
858 1088 946 1117 non
988 1076 1197 1129 privative
1231 1078 1338 1119 dici-

311 1149 396 1187 tur.

365 1217 495 1269 Item,
527 1217 560 1257 si
592 1228 726 1259 imum
754 1220 817 1258 est
851 1218 1142 1271 privativum,
1178 1221 1340 1260 constat

313 1289 428 1342 quod
455 1301 543 1330 non
571 1289 654 1329 nisi
681 1291 872 1342 respectu
903 1289 1188 1331 multitudinis
1222 1305 1230 1331 z
1265 1290 1336 1331 sed

313 1362 460 1401 contra
494 1372 503 1400 :
535 1359 659 1400 Nulla
694 1359 876 1412 privatio
907 1361 1113 1402 antecedit
1143 1361 1339 1402 habitum

313 1420 562 1472 naturaliter
591 1443 600 1471 :
622 1431 694 1472 sed
714 1442 847 1473 imum
867 1432 1115 1473 naturaliter
1133 1433 1340 1474 antecedit

314 1500 448 1541 multa
468 1515 476 1541 ε
499 1500 634 1553 igitur
653 1511 786 1542 unum
801 1513 887 1540 non
909 1504 969 1541 est
989 1501 1186 1553 privatio.

369 1571 488 1621 Item,
506 1571 624 1612 nulla
636 1571 817 1624 privatio
838 1571 1055 1611 constituit
1073 1584 1202 1613 suum
1222 1572 1340 1613 habi-

311 1645 405 1684 tum
421 1675 431 1692 ,
450 1655 528 1684 nec
547 1643 733 1684 salvatur
757 1642 802 1682 in
827 1642 897 1683 illo
918 1643 928 1664 ¹
961 1655 970 1683 :
993 1643 1065 1684 sed
1092 1654 1227 1685 imum
1256 1644 1339 1684 sal-

313 1717 440 1756 vatur
460 1714 506 1754 in
526 1713 684 1764 multis,
698 1716 739 1754 et
756 1713 827 1754 illa
839 1714 1055 1755 constituit
1072 1727 1081 1754 ε
1099 1715 1232 1768 igitur
1254 1728 1339 1756 non

313 1786 540 1839 opponitur
564 1788 612 1826 ut
632 1785 838 1839 privatio:
867 1786 1002 1838 igitur
1031 1798 1118 1827 non
1137 1787 1341 1841 accipitur

313 1857 538 1911 privative.

673 1968 970 2012 CONCLUSIO.

312 2081 428 2117 Unum
447 2082 488 2116 in
513 2081 583 2116 Deo
604 2081 764 2126 positive
794 2080 951 2121 dicitnr,
981 2083 1013 2116 ei
1040 2091 1110 2117 'non
1131 2083 1340 2127 privatioe3

359 2137 577 2186 quinimmo,
599 2151 676 2176 cum
699 2141 760 2176 ubi
787 2142 835 2176 sit
855 2151 966 2176 unum
991 2143 1134 2176 omnino
1154 2142 1341 2177 secundum

357 2202 511 2246 formam
525 2228 538 2246 ,
555 2202 668 2237 solum
683 2201 724 2237 cle
745 2202 815 2237 Deo
834 2203 988 2247 positive
1007 2202 1154 2237 elicitur.

366 2305 489 2358 Resp.
518 2305 569 2345 ad
599 2305 704 2358 Arg.
737 2307 849 2359 quod
878 2307 1165 2360 quorumdam
1197 2307 1341 2361 opinio

312 2377 415 2425 fuit,
439 2380 479 2418 et
507 2376 698 2428 Magistri
727 2377 1028 2430 principaliter,
1050 2379 1161 2431 quod
1177 2411 1186 2428 ,
1216 2379 1342 2431 quid-

312 2448 412 2501 quid
433 2447 485 2488 sit
509 2447 554 2487 in
574 2447 779 2488 creaturis
798 2448 847 2487 de
867 2448 948 2488 hoc
968 2449 1162 2500 nomine,
1179 2461 1337 2500 umam,

311 2520 358 2560 in
382 2519 466 2560 Deo
497 2531 585 2560 non
605 2519 759 2559 dicitur
787 2519 966 2572 positive
983 2552 992 2570 ,
1016 2520 1088 2561 sed
1113 2521 1338 2573 privative,

312 2594 362 2633 ut
389 2592 488 2633 dicit
511 2591 556 2632 in
583 2591 747 2642 littera,
768 2595 808 2632 et.
834 2592 1014 2633 assumit
1045 2592 1338 2633 auctoritatem

312 2664 366 2704 ab
391 2662 570 2713 Hilario,
595 2663 791 2715 quamvis
811 2663 997 2704 Hilarius
1025 2676 1113 2704 non
1132 2664 1240 2705 dicat
1258 2676 1336 2704 ex-

312 2747 468 2788 presse,
495 2734 578 2775 nisi
601 2735 714 2787 quod
736 2735 892 2775 horum
918 2736 1145 2776 nominum
1173 2748 1277 2775 usus
1296 2736 1341 2775 in

313 2807 398 2848 Deo
427 2802 629 2848 inventus
673 2808 736 2846 est
773 2807 911 2858 magis
952 2818 1078 2852 causa
1114 2806 1339 2859 privandi,

313 2891 442 2933 quam
462 2877 620 2931 aliquid
636 2877 835 2931 ponendi.
853 2877 903 2918 Et
916 2878 1023 2918 ratio
1041 2890 1117 2918 sua
1130 2878 1225 2928 fuit,
1242 2878 1341 2931 quia

314 2963 454 2991 unum
469 2949 647 3004 positive
670 2949 829 2989 dictum
849 2951 910 2989 est
927 2949 1183 3002 principium
1203 2961 1340 3002 quan-

315 3021 468 3073 titatis,
495 3024 537 3062 et
563 3020 760 3062 numeri:
797 3020 907 3061 Deus
939 3023 1083 3061 autem
1111 3020 1157 3059 in
1183 3032 1226 3060 se
1253 3031 1342 3060 non

316 3093 442 3134 habet
455 3093 751 3146 quantitatem,
767 3104 845 3133 nec
858 3093 902 3132 in
916 3103 959 3132 se
976 3095 1036 3132 est
1048 3091 1342 3140 numerabilis,

317 3176 394 3205 nec
415 3165 486 3205 alii
517 3164 889 3206 connumerabilis.
912 3163 993 3205 Sed
1022 3163 1219 3217 quamvis
1248 3163 1342 3203 haec

318 3235 471 3288 positio
495 3236 723 3289 probabilis
744 3235 965 3287 habeatur,
986 3237 1130 3276 tamen
1147 3247 1342 3276 commu-

318 3306 428 3348 niter
463 3318 550 3348 non
567 3309 749 3349 tenetur.
772 3307 823 3348 Et
841 3307 948 3347 ratio
975 3307 1106 3360 huJus
1134 3309 1221 3358 est,
1243 3306 1343 3359 quia

319 3391 417 3420 cum
455 3389 589 3421 unum
623 3380 759 3421 multo
801 3379 1049 3432 completius
1082 3379 1134 3420 sit
1173 3380 1220 3419 in
1260 3378 1342 3419 Deo

363 3485 374 3506 1
387 3484 503 3526 Arist„
522 3485 651 3527 Physz'c.
672 3485 731 3517 lib.
751 3486 778 3527 1,
799 3487 890 3517 cont.
908 3487 946 3517 42
957 3495 967 3526 3
991 3487 1169 3527 Averroes,
1192 3486 1228 3518 in
1246 3487 1340 3518 Post-

318 3531 509 3574 proedicam.
523 3550 559 3555 -
575 3533 589 3554 ²
601 3533 701 3574 Aug„
719 3542 817 3575 super
836 3533 964 3572 Genea,
984 3533 1044 3565 lib.
1064 3534 1095 3574 l,
1116 3543 1146 3565 c.
1160 3541 1195 3566 x.

2366 214 2442 253 389

1417 309 1547 350 quam
1567 297 1610 337 in
1632 299 1849 351 creaturis,
1873 299 2007 340 multo
2020 300 2240 341 formalius
2259 300 2318 341 1111
2336 301 2441 342 (1161-

1419 370 1489 408 tur
1505 369 1700 421 positive.
1720 370 1772 412 Et
1784 382 1949 421 rursus,
1967 383 2066 411 cum
2078 371 2216 411 omnis
2230 372 2370 413 unitas
2390 373 2442 414 ad

1416 439 1600 492 primam
1630 441 1839 482 unitatem
1864 441 2108 490 reducatur,
2131 444 2171 482 et
2187 454 2273 483 non
2290 445 2352 483 est
2371 455 2443 484 re-

1416 510 1557 551 ductio
1586 511 1757 552 habitus
1788 512 1840 552 ad
1865 511 2174 565 privationem,
2194 525 2363 554 necesse
2383 517 2444 555 est

1416 580 1529 633 quod
1554 592 1687 622 umam
1712 582 1757 621 in
1785 582 1869 623 Deo
1898 582 2056 635 aliquid
2075 585 2217 634 ponat.
2245 583 2296 623 Et
2314 596 2442 638 prop-

1414 653 1528 693 terea
1555 652 1780 693 dicendum
1809 653 1923 706 quod
1953 654 2015 694 est
2040 653 2157 706 loqui
2182 654 2233 694 de
2257 655 2336 695 hoc
2362 668 2443 696 no-

1415 723 1531 764 mine
1548 755 1558 772 ,
1583 734 1696 765 unus
1711 756 1722 775 ,
1744 725 1789 764 in
1816 724 2043 776 creaturiS,
2069 725 2138 765 vel
2158 728 2368 777 quantum
2392 728 2443 767 ad

1414 808 1505 836 rem
1532 796 1784 837 intellectam
1804 829 1813 846 ,
1837 798 1906 839 vel
1933 800 2143 850 quantum
2163 798 2215 839 ad
2234 799 2443 840 rationem

1414 866 1692 919 intelligendi.
1714 867 1755 908 Si
1778 868 1892 908 enim
1910 869 2141 921 loquamur
2163 872 2374 921 quantum
2392 871 2442 911 ad

1413 937 1620 978 rationem
1644 938 1929 991 intelligendi,
1951 939 2008 979 516
2039 940 2130 980 dico
2155 940 2268 992 quod
2292 940 2444 982 dicitur

1414 1010 1624 1063 privative
1645 1026 1653 1051 ε
1673 1011 1788 1052 unde
1807 1015 1847 1052 et
1866 1011 1972 1052 ratio
1992 1013 2027 1064 ej
2036 1023 2084 1052 us
2106 1012 2350 1064 assignatur
2368 1025 2444 1065 per

1413 1081 1694 1133 privationem
1723 1081 1941 1123 divisionis
1959 1114 1968 1130 ,
1996 1082 2085 1123 sive
2112 1083 2396 1124 multitudinis
2430 1099 2438 1124 :

1414 1157 1454 1195 et
1471 1156 1551 1196 hoc
1572 1158 1647 1207 est,
1668 1156 1767 1209 quia
1786 1166 1919 1197 unum
1936 1158 1998 1196 est
2017 1156 2223 1209 primum,
2248 1159 2286 1197 et
2304 1157 2443 1210 prima

1413 1238 1500 1266 non
1531 1226 1690 1268 habent
1717 1227 1897 1279 intelligi
1928 1240 1952 1267 a
1985 1227 2128 1276 nohis,
2163 1229 2204 1268 et
2230 1227 2439 1268 notificari

1413 1297 1495 1337 nisi
1527 1309 1600 1350 per
1620 1298 1852 1350 posteriora
1874 1310 1883 1338 :
1906 1300 1948 1339 et
1967 1297 2065 1339 inde
2085 1300 2146 1339 est
2165 1299 2279 1351 quod
2299 1299 2444 1352 priva-

1411 1368 1498 1409 tive
1529 1369 1682 1409 dicitur
1712 1381 1851 1409 unum
1887 1384 1896 1409 ι
1929 1369 2069 1409 unitas
2093 1372 2236 1410 autem
2267 1370 2314 1410 in
2342 1371 2443 1411 sub-

1413 1441 1565 1480 stantia
1584 1473 1594 1491 ,
1617 1441 1848 1494 quantitate
1865 1474 1876 1492 ,
1896 1443 1936 1481 et
1955 1441 2171 1494 qualitate,
2194 1441 2296 1494 qnia
2318 1441 2445 1482 habet

1413 1511 1575 1564 aliquid
1595 1511 1714 1564 prius
1737 1524 1812 1565 per
1838 1512 1951 1564 quod
1969 1511 2098 1564 possit
2116 1512 2319 1564 intelligi,
2340 1513 2444 1553 dici-

1412 1585 1484 1623 tur
1509 1582 1709 1635 positive,
1732 1584 1779 1622 ut
1804 1582 2017 1633 identitas,
2039 1583 2272 1635 aequalitas,
2295 1584 2444 1624 simili-

1413 1655 1535 1705 tudo,
1555 1657 1595 1694 et
1609 1666 1758 1694 eorum
1774 1654 1976 1707 opposita,
1995 1654 2220 1706 privative.
2239 1654 2281 1695 Si
2301 1659 2443 1696 autem

1412 1726 1642 1779 loquamur
1670 1728 1879 1779 quantum
1907 1725 1959 1766 ad
1978 1737 2069 1765 rem
2098 1726 2367 1777 intellectam,
2387 1728 2444 1768 sic

1414 1809 1546 1840 unum
1562 1798 1688 1838 habet
1707 1799 1947 1849 respectum
1967 1796 2019 1837 ad
2042 1798 2263 1838 materiam
2276 1830 2286 1847 ,
2307 1802 2346 1839 et
2365 1799 2442 1840 ha-

1413 1870 1483 1911 bet
1500 1870 1740 1923 respectum
1757 1867 1809 1908 ad
1824 1867 2006 1909 formam
2025 1868 2214 1910 :ratione
2231 1874 2445 1924 respectus

1414 1942 1466 1983 ad
1500 1940 1744 1991 materiam,
1776 1942 1837 1980 est
1868 1939 1913 1979 in
1943 1952 1986 1980 se
2017 1940 2266 1993 indivisum,
2297 1944 2442 1984 tamen

1413 2013 1602 2068 potentia
1632 2011 1863 2061 divisibile3
1895 2014 1936 2052 et
1966 2012 2066 2065 quia
2097 2013 2284 2065 potentia
2310 2017 2445 2056 mate-

1414 2085 1528 2126 rialis
1557 2096 1598 2124 se
1629 2083 1757 2124 habet
1785 2095 1861 2136 per
1892 2083 2068 2124 modum
2094 2084 2359 2136 privationis,
2384 2086 2445 2126 si-

1414 2156 1569 2197 militer
1594 2158 1636 2196 et
1659 2167 1806 2196 unum.
1829 2154 2004 2195 Ratione
2034 2159 2248 2208 respectus
2278 2157 2330 2197 ad
2358 2158 2444 2197 for-

1414 2240 1544 2279 mam,
1562 2239 1658 2281 qnae
1672 2227 1739 2267 dat
1756 2238 1844 2267 6556
1858 2226 2127 2279 distinctum,
2142 2229 2182 2268 et
2194 2227 2441 2278 limitatum,

1412 2300 1469 2340 sic
1482 2300 1581 2341 dicit.
1600 2299 1889 2352 positionem2.
1911 2298 2120 2348 Quoniam
2138 2299 2273 2351 igitur
2292 2300 2340 2341 in
2354 2300 2437 2342 Deo

1415 2373 1476 2412 est
1508 2383 1639 2412 imum
1679 2371 1853 2410 omnino
1885 2371 2121 2411 secundum
2152 2371 2334 2412 formam
2357 2405 2367 2422 ,
2399 2373 2444 2413 in

1415 2443 1619 2484 creaturis
1645 2443 1877 2483 attenditur
1903 2445 1944 2483 et
1980 2443 2215 2483 secundum
2243 2444 2440 2493 formam,

1415 2521 1454 2559 et
1470 2518 1705 2558 secundum
1721 2517 1963 2567 materiam,
1981 2517 2082 2557 hinc
2096 2519 2158 2557 est
2174 2517 2288 2570 quod
2306 2518 2444 2558 solum

1414 2590 1459 2629 in
1478 2589 1560 2630 Deo
1580 2589 1773 2642 positive,
1800 2588 1847 2628 in
1866 2587 2069 2628 creaturis
2095 2599 2197 2629 vero
2216 2588 2445 2641 aliquando

1414 2659 1616 2712 accipitur
1644 2660 1824 2712 positive
1837 2692 1848 2711 ,
1873 2658 2103 2712 aliquando
2121 2659 2333 2712 privative
2349 2692 2359 2712 ,
2379 2672 2444 2701 se-

1416 2731 1605 2772 cundum
1625 2743 1733 2772 rem.

1470 2807 1507 2843 1.
1542 2803 1606 2844 Α(1
1633 2803 1738 2843 illud
1768 2802 1883 2856 quod
1917 2801 2119 2854 objicitur
2147 2802 2303 2854 primo,
2328 2803 2443 2856 quod

1416 2875 1623 2916 diffinitur
1654 2875 1742 2917 sive
1775 2874 2018 2915 notificatur
2053 2873 2263 2925 privative
2285 2906 2295 2923 ,
2333 2878 2445 2928 patet

1415 2947 1647 3001 responsio,
1671 2946 1771 3000 quia
1790 2945 2025 2986 secundum
2051 2945 2260 2986 rationem
2279 2946 2344 2986 sni
2363 2958 2444 2986 no-

1415 3019 1570 3070 minis,
1599 3031 1647 3060 eo
1679 3018 1791 3071 quod
1823 3017 2039 3071 primum,
2062 3017 2120 3057 sic
2153 3017 2275 3059 debet
2303 3017 2444 3059 notifi-

1416 3092 1520 3132 cari.

1470 3164 1508 3200 02.
1539 3159 1604 3200 Ad
1630 3158 1734 3198 illud
1760 3156 1875 3210 quod
1897 3156 2095 3210 objicitur
2113 3157 2312 3207 secundo,
2332 3158 2445 3210 quod

1417 3231 1645 3285 opponitur
1658 3232 1706 3270 ut
1723 3228 1902 3282 privatio
1915 3243 1924 3279 3
1939 3228 2166 3270 dicendum
2179 3228 2292 3281 quod
2306 3240 2446 3269 unum

1416 3316 1492 3357 per
1511 3304 1749 3356 respectum
1768 3301 1821 3341 ad
1837 3300 2059 3341 materiam
2079 3301 2282 3353 accipitur
2299 3299 2444 3353 priva-

1416 3376 1518 3426 tive,
1540 3376 1582 3415 et
1597 3374 1654 3414 sic
1672 3373 1821 3426 accipit
1841 3372 2169 3424 Commentator.
2192 3371 2271 3412 Per
2286 3383 2446 3425 respec-

1416 3449 1510 3488 tum
1527 3445 1579 3487 ad
1595 3446 1776 3486 formam
1790 3476 1800 3494 ,
1822 3444 2030 3485 contrarie
2049 3442 2251 3496 accipitur
2265 3475 2275 3494 ,
2292 3454 2444 3484 secun-

1417 3521 1520 3562 dum
1553 3519 1668 3573 quod
1700 3517 1929 3559 multitudo
1958 3515 2190 3557 formaliter
2223 3515 2442 3569 accipitur.
