2613 3990
201 358 277 395 556
1170 356 1356 410 JNDEX.

200 447 323 484 Quaest.
346 449 378 479 2.
392 447 443 479 An
457 444 597 477 nomina
615 453 690 485 quie
705 444 745 476 de
763 446 833 476 Deo
849 453 890 477 ex
908 447 1062 486 tempore
1079 444 1125 477 di·
1304 447 1401 478 Disr.
1422 455 1536 479 xxxn.

241 498 375 536 cuntur,
396 503 458 535 per
475 502 522 533 se,
543 492 596 523 vel
616 501 676 533 per
697 492 854 524 accidens
874 492 1041 524 dicantur.
1169 494 1227 525 483
1305 494 1476 535 Expositio
1493 496 1617 526 textus·

198 543 324 580 Quaest.
350 545 380 575 3.
406 543 457 573 An
482 540 621 572 nomina
639 549 714 581 quae
742 540 782 571 de
812 540 883 571 Deo
903 549 943 571 ex
971 543 1123 581 tempore
1265 577 1266 580 Ἴ
1303 542 1426 580 Quaest.
1454 545 1479 573 1.
1508 543 1559 573 An
1580 543 1677 575 Pater
1704 546 1736 576 et
1761 544 1862 576 Filius
1880 545 2020 587 diligant
2039 556 2074 579 se
2103 548 2229 589 Spiritu

239 590 408 629 dicuntur,
428 588 554 620 realem
572 588 608 619 in
632 588 702 619 Deo
727 587 840 619 dicant
859 587 1070 619 relationem.
1169 588 1227 619 484
1264 581 1267 594 ¹
1345 592 1475 622 saneto.

198 637 294 668 Disr.
316 645 415 669 xxxi.
1171 636 1227 666 456
1264 662 1267 672 ,
1304 637 1430 674 Quaest.
1454 638 1483 668 2.
1511 648 1528 667 «
1550 638 1647 669 Pater
1675 641 1709 670 et
1738 639 1838 671 Filius
1865 640 2008 681 diligunt
2036 651 2071 674 se
2104 643 2228 684 Spiritu

199 685 304 716 PART.
324 693 348 716 1.
371 683 544 724 Expositio
562 685 682 714 textus.
1168 684 1224 714 491
1345 688 1475 726 sancto,
1495 696 1511 715 1)
1535 685 1569 716 in
1589 694 1654 726 qua
1673 685 1870 719 habitudine
1891 692 2117 722 construatur.

200 732 326 769 Quaest.
348 735 372 763 1.
390 734 439 763 An
456 730 628 771 aequalitas
648 733 680 761 et
699 729 880 761 similitudo
903 729 1049 771 positive
1064 730 1119 762 vel
1304 732 1430 770 Quaest.
1450 735 1479 764 1.
1502 734 1552 764 An
1573 736 1661 765 reete
1682 734 1748 766 dici
1763 735 1871 776 possit
1889 746 1896 767 :
1913 737 2012 768 Pater
2030 741 2080 770 est
2093 738 2227 780 sapiens

241 780 406 820 privative
425 780 465 811 de
485 781 552 810 Deo
568 779 736 811 dieantur.
1168 779 1223 810 491
1344 780 1508 820 sapientia
1523 780 1649 821 genita.

200 828 313 866 Quaest
346 830 376 860 2.
400 829 450 859 An
469 826 641 867 aequalitas
670 828 703 857 et
729 825 911 858 similitudo
935 825 1123 857 secundum
1303 826 1430 864 Quaest.
1451 830 1481 859 2.
1507 829 1559 859 An
1577 831 1670 860 recte
1700 826 1828 862 dietum
1847 831 1888 863 sit
1909 841 1917 862 :
1941 843 1958 862 «
1979 833 2078 864 Pater
2097 835 2149 866 est
2165 843 2228 875 po—

240 875 473 913 substantiam,
494 874 548 905 vel
566 873 752 905 secundum
766 873 967 905 relationem
986 872 1018 904 in
1039 872 1124 904 divi·
1342 877 1417 906 tens
1433 875 1597 916 potentia,
1620 875 1690 907 sive
1708 876 1845 917 virtute,
1866 888 1968 920 quam
1988 880 2117 921 genuit.
2139 892 2156 911 »

240 923 292 954 nis
309 923 474 955 dicantur.
1168 921 1226 954 493
1303 924 1400 954 DisT.
1418 931 1547 955 xxxin.

198 972 323 1010 Quaest.
346 973 375 1002 3.
407 972 458 1002 An
483 968 609 1010 [equale
636 971 670 1001 et
694 969 802 1001 simile
831 969 1019 1001 seeundum
1051 978 1123 1000 mu-
1303 971 1476 1011 Expositio
1498 973 1620 1002 textus.

238 1022 330 1051 tuam
350 1018 550 1050 relationem
563 1017 597 1048 in
613 1017 735 1049 divinis
755 1017 919 1049 dieantur.
1168 1019 1226 1049 495
1305 1019 1429 1056 Quaest.
1452 1022 1480 1050 1.
1502 1020 1554 1051 An
1572 1019 1762 1060 proprietas
1782 1020 1824 1052 sit
1843 1031 2002 1062 persona.

198 1068 302 1100 PART.
323 1075 362 1098 11.
387 1065 558 1107 Expositio
579 1068 700 1097 textus.
1168 1066 1226 1097 496
1305 1066 1430 1103 Ouaest.
1451 1068 1482 1098 2.
1505 1067 1554 1098 Α11
1574 1067 1764 1108 proprietas
1785 1068 1827 1100 sit
1847 1071 2004 1102 essentia.

197 1117 278 1146 ΛΒΤ.
298 1123 321 1146 1.
344 1114 469 1151 Quaest.
492 1116 519 1144 1.
538 1115 589 1144 An
611 1113 721 1152 Imaqo
737 1113 772 1144 111
789 1113 913 1144 divinis
931 1112 1122 1144 seeundum
1304 1115 1430 1152 Quaest.
1453 1117 1484 1146 3.
1503 1118 1552 1147 An
1574 1115 1667 1146 notio
1686 1115 1726 1146 de
1746 1117 1885 1148 notione
1905 1119 2119 1157 praedicetur.

238 1162 470 1202 substantiam,
488 1161 543 1193 vel
564 1161 747 1192 secundum
763 1161 964 1192 relationem
979 1160 1121 1192 dicatur.
1167 1161 1225 1193 499
1303 1163 1429 1200 Quaest.
1451 1165 1481 1194 4.
1503 1164 1555 1194 An
1569 1162 1739 1205 notiones,
1755 1164 1826 1196 sive
1847 1165 2083 1207 proprietates,
2103 1165 2231 1207 seipsas

198 1210 323 1247 Quaest.
354 1212 383 1241 2.
405 1210 456 1241 An
477 1208 605 1249 Imaqo,
627 1208 662 1240 in
691 1208 814 1240 divinis
837 1210 972 1250 proprie
998 1208 1040 1239 de
1060 1208 1142 1239 Filio
1343 1210 1564 1241 denominare
1580 1210 1724 1251 possint.

240 1257 380 1288 dicatur.
1167 1257 1223 1287 501
1301 1259 1398 1289 Disr.
1418 1266 1539 1290 XXXIV.

198 1305 323 1343 Quaest.
336 1306 428 1337 3.An
452 1304 622 1336 &eternitas
633 1303 869 1345 approprietur
880 1304 982 1344 Patri,
994 1303 1124 1344 species
1302 1305 1475 1346 Expositio
1495 1308 1618 1338 textus.

239 1351 393 1393 Imagini,
416 1355 446 1383 ei
467 1361 547 1383 usus
564 1352 708 1384 Muneri.
1167 1353 1226 1384 503
1302 1354 1426 1392 Quaest.
1449 1356 1478 1384 1.
1500 1355 1551 1385 An
1576 1353 1611 1385 in
1631 1353 1753 1385 divinis
1772 1363 1826 1386 res
1850 1357 1980 1387 naturae
2000 1355 2102 1387 addat
2128 1366 2228 1398 supra

199 1401 280 1431 ΛΒΤ.
303 1408 340 1431 11.
365 1400 490 1438 Quaest.
514 1402 543 1431 1.
561 1402 614 1432 An
632 1402 722 1432 Deus
737 1409 844 1431 unum
864 1409 942 1432 cum
970 1402 1124 1432 creatura
1342 1405 1511 1434 naturam.

240 1457 313 1479 esse
330 1448 397 1479 dici
410 1448 526 1487 possit.
1168 1450 1226 1481 504
1303 1450 1429 1488 Qnaest.
1452 1451 1482 1481 2.
1506 1451 1557 1482 An
1575 1450 1610 1481 in
1638 1450 1759 1482 divinis
1785 1460 1933 1492 persona
1959 1451 2163 1492 praedicetur
2191 1452 2232 1484 de

198 1497 325 1534 Quwst.
347 1498 376 1528 2.
404 1497 452 1527 An
473 1500 626 1528 creatura
653 1506 730 1529 eum
751 1499 905 1529 ereatura
927 1496 1123 1538 simpliciter
1262 1463 1266 1553 ι
1343 1500 1474 1538 natura,
1495 1500 1528 1529 et
1546 1501 1666 1529 natura
1686 1498 1727 1529 de
1747 1508 1906 1539 persona.

235 1553 339 1575 unum
357 1543 423 1575 dici
440 1544 558 1584 possit.
1167 1547 1225 1577 505
1302 1546 1428 1584 Quaest.
1446 1546 1475 1576 3.
1501 1546 1553 1577 An
1568 1545 1602 1576 in
1623 1545 1744 1577 divinis
1765 1546 1808 1578 sit
1831 1555 1958 1587 ponere
1978 1546 2205 1587 appropriata.

199 1592 325 1629 Quaest.
348 1593 378 1622 3.
398 1592 450 1623 An
471 1592 587 1624 L‘nitas
608 1592 844 1634 approprietur
865 1592 973 1632 Patri,
994 1594 1122 1634 AEqua-
1262 1555 1266 1658 Ι
1302 1594 1426 1631 Quaest.
1453 1594 1482 1624 4.
1506 1594 1557 1624 An
1584 1593 1620 1624 in
1648 1593 1770 1625 divinis
1800 1593 1842 1625 sit
1874 1602 2002 1634 ponere
2035 1593 2226 1626 translatio-

238 1638 312 1671 litas
331 1639 426 1681 Filio,
447 1640 638 1673 Concordia
658 1641 798 1682 Spiritui
817 1642 954 1674 Sancto.
1165 1642 1226 1672 507
1343 1649 1435 1672 nem.

1194 2320 1340 2353 FlNlS.

861 3677 924 3684 ...—

1411 3680 1430 3687 s.

850 3702 1003 3741 Besauqon.
1016 3718 1049 3724 —
1065 3703 1242 3740 Imprimerie
1258 3681 1609 3734 d'Outhenin-Ghalaiidre
1623 3705 1679 3734 fils.

2267 1642 2326 1673 551
