2613 3990
50 775 189 803 Fundam.

51 2348 96 2376 Ad
122 2357 190 2385 opp.

790 178 918 220 DIST.
947 178 1090 219 XXIII.
1121 177 1242 218 ART.
1274 178 1325 219 ΙΙ.
1357 179 1556 228 QUAEST.
1589 179 1638 219 II.

213 266 325 319 quod
358 270 444 315 est,
478 267 566 309 sive
602 268 800 319 usiosim,
831 268 919 309 sive
950 267 1091 320 ipsum
1118 279 1235 307 com-

211 349 362 387 mune;
405 338 497 378 ideo
529 339 811 380 communiter
838 350 924 378 non
953 338 1154 390 recipitur
1187 340 1236 378 ut

211 407 405 448 dicantur
425 412 509 452 tres
529 410 778 453 substantia:
796 410 841 449 in
861 408 1030 450 divinis.

527 563 795 613 QUAESTIO
827 562 886 603 ΙΙ.

280 664 342 699 An
361 675 486 701 nomen
506 666 680 701 Essentz'oe
698 667 738 700 in
757 664 891 699 div-inis
910 665 1112 699 minneretur
1135 662 1156 698 ¹.

263 765 320 807 De
334 768 654 808 enumeratione
666 767 780 807 illius
796 766 998 817 nominis,
1015 767 1235 817 Esseiitia,·

211 841 251 880 et
269 839 382 892 quod
399 852 486 880 non
503 842 754 880 numeretur
777 839 1012 879 ostenditur
1034 839 1092 878 sic
1104 870 1114 888 ,
1135 838 1235 890 quia

210 909 255 949 in
282 909 436 950 divinis
454 914 515 951 est
538 911 679 951 unitas
695 910 1010 951 absolutissima
1032 921 1129 962 quae
1148 921 1234 949 non

209 979 517 1033 multiplicatur
536 995 546 1030 ;
563 992 682 1032 ergo,
704 993 802 1021 cum
815 980 986 1020 nullum
1005 992 1163 1019 nomen
1183 979 1235 1019 sit

208 1050 311 1092 adeo
351 1052 593 1093 absolutum
614 1084 624 1103 ,
668 1052 776 1093 sicut
812 1063 969 1092 nomen
1008 1051 1198 1091 essentiae
1221 1083 1231 1101 ,

208 1130 312 1171 ergo
329 1132 404 1172 per
419 1119 522 1160 illud
536 1120 802 1172 significatur
820 1120 963 1160 unitas
982 1131 1068 1159 non
1089 1118 1235 1159 multi-

208 1190 359 1242 plicata
381 1205 389 1231 :
412 1203 516 1242 ergo
535 1203 692 1232 nomen
714 1191 904 1232 essentiae
922 1202 1010 1231 non
1031 1202 1235 1231 numera-

207 1263 289 1301 tur.
319 1261 370 1301 Et
384 1261 465 1302 hoc
482 1264 543 1302 est
560 1263 674 1315 quod
695 1262 793 1304 dicit
813 1261 1098 1314 Augustinus,
1121 1261 1233 1313 quod

207 1332 314 1372 ratio
335 1335 562 1386 repugnat.

261 1402 381 1454 Item,
414 1404 498 1445 hoc
528 1405 670 1458 ipsum
701 1404 869 1445 videtur
898 1416 922 1444 a
954 1403 1125 1443 minori.
1147 1401 1235 1443 Hoc

208 1475 322 1516 enim
354 1488 513 1516 nomen
540 1475 650 1516 Deus
684 1478 744 1516 est
774 1487 933 1516 nomen
967 1473 1158 1514 essentiae
1189 1473 1234 1513 in

207 1546 521 1599 comparatione
540 1547 593 1587 ad
611 1558 835 1600 personam
869 1558 879 1586 ε
909 1545 980 1586 sed
999 1544 1234 1585 secundum

208 1615 471 1671 Scripturam
488 1650 499 1669 ,
527 1618 573 1658 in
599 1618 696 1670 Iege
714 1619 728 1639 2
751 1617 930 1667 scilicet,
953 1616 1061 1656 Deus
1079 1615 1233 1656 dicitur

207 1698 320 1730 imus
331 1691 372 1729 et
381 1701 468 1729 non
475 1689 618 1742 plures
628 1702 638 1740 3
652 1691 692 1729 et
701 1688 935 1729 secundum
945 1685 1195 1740 Symbolum
1204 1685 1232 1735 ³,

207 1769 294 1801 mm
313 1764 398 1802 tres
427 1760 534 1810 Dii,
556 1759 629 1802 sed
647 1770 760 1801 imus
786 1763 845 1802 est
864 1760 976 1801 Deus
997 1773 1012 1800 .·
1033 1769 1135 1810 ergo
1154 1757 1234 1797 hoe

210 1842 367 1872 nomen
383 1833 589 1876 Essenzia
603 1832 745 1873 minus
757 1830 1037 1885 plurificatur,
1059 1841 1158 1870 cum
1175 1828 1235 1869 di-

207 1905 329 1944 catur
344 1904 593 1945 absolutius.

262 1973 382 2024 Item,
403 1978 559 2016 natura
574 1975 719 2016 divina
746 1986 834 2015 non
865 1973 1173 2026 multiplicatur
1190 1972 1235 2013 in

208 2046 343 2086 tribus
362 2058 372 2086 :
394 2046 466 2086 sed
481 2046 564 2087 hoc
582 2058 741 2087 nomen
768 2046 967 2087 Essentia
995 2048 1057 2085 est
1078 2056 1235 2084 nomen

208 2118 374 2157 naturae
393 2117 563 2169 divinae,
585 2120 633 2158 ut
651 2117 732 2158 hoc
769 2129 928 2158 nomen
950 2116 1203 2159 Substantia
1221 2129 1236 2156 .·

209 2199 313 2240 ergo
338 2200 417 2229 nec
447 2191 650 2240 essentia,
675 2202 753 2230 nec
774 2189 1011 2230 substantia
1035 2187 1236 2241 multipii-

210 2264 330 2301 catur
343 2261 420 2302 sub
440 2261 619 2314 propriis
638 2261 886 2302 nominibus
900 2293 911 2312 ,
928 2263 976 2302 ut
994 2261 1178 2302 videtur.

264 2331 416 2373 Contra
433 2344 442 2372 :
458 2336 496 2373 1.
513 2345 589 2386 per
599 2333 892 2386 Augustinum
903 2333 932 2384 1⁴,
945 2333 1052 2373 libro
1067 2332 1117 2374 de
1137 2332 1236 2374 Tri·-

210 2404 346 2446 nitate
367 2417 383 2443 .·
411 2403 554 2445 «Cum
583 2404 677 2445 haec
694 2404 777 2445 tria
810 2416 896 2445 non
924 2404 1117 2444 dicantur
1149 2415 1237 2444 una

209 2488 404 2529 persona,
426 2490 445 2513 ))
479 2479 520 2517 et
548 2476 738 2529 loquitur
767 2475 818 2516 de
847 2476 984 2516 tribus
1011 2474 1201 2528 personis
1224 2488 1233 2515 ε

209 2548 283 2589 sed
299 2549 386 2591 tria
400 2548 446 2588 in
465 2551 616 2589 neutro
637 2561 808 2601 genere,
824 2548 994 2601 respicit
1012 2548 1237 2589 essentiam

208 2620 402 2673 proprie:
421 2632 524 2673 ergo
553 2632 651 2661 cum
671 2619 867 2661 dicantur
886 2620 970 2660 tria
990 2652 1001 2672 ,
1030 2632 1133 2672 ergo
1153 2622 1238 2660 tres

211 2692 418 2733 essentiae.

262 2766 302 2804 2.
324 2763 430 2804 Item
458 2762 623 2804 ratione
653 2762 835 2803 videtur.
868 2762 1137 2815 Augustinus
1159 2766 1172 2787 5
1192 2762 1238 2802 in

210 2835 359 2877 eodem
375 2834 484 2876 libro
498 2834 597 2876 dicit
616 2834 730 2887 quod
744 2833 866 2874 Pater
879 2836 920 2875 et
936 2833 1072 2874 Filius
1091 2835 1131 2874 et
1147 2833 1238 2886 Spi-

209 2906 316 2947 ritus
351 2909 520 2947 sanctus
556 2906 754 2946 dicuntur
779 2908 863 2946 tres
894 2917 1108 2958 personae,
1139 2905 1239 2958 quia

210 2990 435 3019 commune
454 2980 515 3019 est
534 2977 593 3018 eis
617 2977 697 3018 hoc
726 2977 838 3030 quod
857 2980 918 3017 est
936 2978 1149 3027 Persona;
1166 2978 1238 3019 sed

209 3049 290 3090 hoc
308 3062 489 3100 nomen,
517 3050 745 3100 Esseittia,
777 3051 838 3089 est
859 3061 1111 3092 commune:
1134 3062 1237 3103 ergo

210 3123 347 3174 potest
362 3121 444 3162 dici
464 3125 547 3163 tres
560 3121 767 3163 essentiae.

266 3197 304 3234 3.
325 3193 445 3244 Item,
463 3194 619 3235 ibidem
635 3194 746 3244 dicit,
767 3195 808 3233 et
826 3192 1006 3234 habetur
1016 3194 1061 3234 in
1074 3195 1234 3247 littera,

211 3266 327 3318 quod
347 3266 440 3307 ideo
459 3266 659 3307 dicuntur
673 3268 758 3307 tres
770 3277 962 3319 personae
974 3298 984 3318 ,
1003 3267 1105 3320 quia
1115 3267 1239 3309 Pater

254 3396 266 3417 1
280 3395 333 3436 Cf.
348 3395 442 3428 Alex.
458 3396 601 3437 Alensis,
616 3406 650 3437 p.
668 3397 694 3436 1,
710 3406 743 3438 q.
757 3404 839 3436 LVII,
855 3397 979 3430 memb.
999 3400 1034 3438 13
1053 3400 1087 3431 S.
1101 3400 1236 3440 Thom,

211 3453 246 3484 p.
267 3443 302 3483 1,
323 3453 356 3485 q.
373 3452 451 3485 xni,
469 3446 532 3475 art.
549 3446 588 3484 23
610 3447 643 3476 et
661 3445 673 3476 1
692 3445 796 3484 Seni„
817 3444 893 3477 dist.
907 3453 1004 3485 xxiv,
1025 3455 1058 3487 q.
1074 3454 1097 3487 1,
1116 3450 1179 3480 art.
1196 3453 1213 3479 ι’
1231 3474 1235 3478 .

212 3490 366 3532 AEgidius
385 3494 497 3532 Rom„
517 3492 528 3522 l
548 3492 654 3531 Sent„
674 3491 750 3524 dist.
767 3500 874 3533 xxm,
893 3492 1039 3534 princip.
1056 3495 1087 3535 3,
1107 3504 1141 3535 q.
1157 3503 1181 3527 1.
1196 3512 1238 3518 —

2258 184 2335 222 383

1312 271 1374 309 est
1391 282 1478 310 una
1506 281 1707 322 persona,
1743 270 1785 308 et
1815 268 1945 308 Filius
1964 281 2049 309 una
2071 282 2271 322 persona,
2297 275 2337 312 et

1313 338 1493 392 Spiritus
1510 342 1679 380 sanctus
1700 351 1785 380 una
1806 351 2000 391 persona.
2027 340 2228 382 Similiter
2252 345 2336 383 tres

1312 410 1504 450 essentiae
1525 413 1636 460 sunt,
1660 410 1758 463 quia
1783 409 1905 450 Pater
1922 413 1983 451 est
2003 412 2195 463 essentia,
2217 416 2296 454 etc.

1366 484 1406 521 4.
1427 481 1546 530 Item,
1568 480 1688 521 Pater
1717 485 1757 522 et
1775 481 1907 521 Filius
1938 483 2036 521 sunt
2055 484 2171 522 entes
2199 495 2208 522 z
2232 495 2336 536 ergo

1311 551 1452 603 plures
1492 551 1649 592 habent
1691 553 1904 602 entitates;
1941 552 2131 605 sequitur
2176 554 2288 593 enim
2326 569 2334 594 z

1317 622 1457 663 «Sunt
1473 622 1616 674 plures
1635 622 1720 673 Dii,
1741 635 1843 674 ergo
1868 623 2009 675 plures
2027 623 2214 663 deitates.
2235 638 2253 660 n
2273 623 2336 663 Si-

1313 694 1471 734 militer
1494 708 1502 733 :
1531 709 1549 732 «
1569 693 1690 734 Pater
1705 697 1745 735 et
1768 694 1896 735 Filius
1915 698 2042 746 sunt,
2078 706 2182 747 ergo
2216 694 2340 747 plura

1312 776 1401 805 esse
1430 778 1439 806 :
1462 779 1480 803 n
1512 777 1615 816 ergo
1632 765 1774 818 plures
1797 765 1999 806 essentiae.

1687 943 1986 986 CONCLUSIO.

1316 1057 1486 1101 Quamvis
1505 1058 1543 1092 in
1564 1058 1737 1092 creaturis
1752 1058 1988 1104 plzm'sicatis,
2004 1059 2220 1094 habentibus
2241 1069 2337 1094 eam-

1359 1116 1435 1151 dem
1463 1119 1653 1160 naturam,
1682 1119 1763 1162 ipsa
1788 1128 1921 1163 quoque
1947 1120 2096 1154 essentia
2121 1119 2340 1165 multiplice-

1359 1179 1441 1218 tar;
1469 1177 1509 1210 in
1529 1176 1663 1212 (livinis
1684 1180 1819 1219 tamen,
1838 1181 1988 1224 propter
2007 1189 2179 1214 summam
2198 1179 2341 1225 simpli-

1359 1236 1532 1278 citatem,
1567 1237 1826 1282 multiplicatis
1863 1240 2043 1283 personis,
2077 1240 2227 1274 essentia
2270 1248 2340 1273 non

1360 1295 1648 1340 φηιιῖίίρῖῖαιίῑιν,
1676 1306 1785 1341 wicque
1809 1300 2032 1333 numeratur.

1365 1405 1489 1459 Resp.
1525 1407 1577 1447 ad
1607 1407 1712 1459 Arg.
1752 1407 1983 1450 Dicendum
2012 1410 2125 1463 quod
2150 1409 2195 1450 in
2224 1409 2341 1450 omni

1311 1477 1545 1517 substantia
1562 1480 1683 1531 cujus
1702 1482 1764 1520 est
1784 1492 1872 1521 esse
1892 1484 1932 1521 et
1945 1482 2126 1534 operari,
2146 1493 2343 1522 necessa-

1311 1547 1374 1587 rio
1390 1547 1667 1600 intelligimus
1687 1552 1900 1601 naturam,
1922 1554 1963 1592 et
1980 1552 2204 1592 habentem
2220 1554 2342 1592 natu-

1310 1631 1419 1659 ram.
1436 1619 1540 1660 Cum
1559 1632 1663 1673 ergo
1682 1621 1763 1662 hoc
1783 1622 1835 1662 sit
1862 1623 1907 1663 in
1927 1623 2010 1664 Deo
2023 1655 2033 1674 ,
2062 1623 2342 1675 intelligimus

1311 1689 1355 1729 in
1375 1689 1458 1731 Deo
1477 1693 1675 1732 naturam
1690 1725 1701 1743 ,
1728 1696 1768 1734 et
1798 1694 2026 1735 habentem
2046 1698 2261 1735 naturam.
2291 1694 2342 1735 Et

1311 1764 1509 1802 naturam
1543 1763 1723 1804 dicimus
1766 1766 1990 1806 essentiam
2038 1766 2106 1807 vel
2141 1766 2342 1807 substan-

1311 1832 1434 1884 tiam3
1474 1833 1701 1876 habentem
1727 1839 1945 1886 naturam,
1975 1837 2156 1877 dicimus
2196 1848 2340 1890 perso-

1311 1919 1427 1947 nam.
1457 1907 1676 1957 Quomodo
1714 1922 1818 1962 ergo
1846 1911 1892 1951 in
1923 1914 2114 1952 creatura
2146 1910 2341 1952 rationali

1312 1979 1544 2032 contingit,
1581 1993 1715 2021 unam
1747 1995 1969 2035 personam
2010 1984 2166 2024 habere
2198 1982 2341 2036 plures

1311 2053 1508 2100 naturas,
1535 2052 1692 2093 scilicet
1709 2054 1970 2106 corporalem
1990 2057 2031 2095 et
2051 2054 2337 2108 spiritualem3

1312 2122 1390 2173 sic,
1416 2125 1456 2162 et
1481 2135 1506 2163 a
1525 2124 1736 2166 contrario
1761 2137 1908 2176 sensu,
1930 2125 2137 2178 contingit
2154 2125 2199 2165 in
2232 2124 2338 2173 Deo,

1310 2196 1480 2247 propter
1511 2207 1726 2236 summam
1751 2196 2075 2250 simplicitatem,
2102 2209 2234 2238 unam
2260 2208 2341 2236 na—

1311 2267 1454 2306 turam
1500 2266 1645 2308 haberi
1683 2280 1708 2308 a
1736 2268 1947 2321 pluribus,
1990 2269 2091 2322 quia
2132 2268 2342 2320 contingit

1311 2349 1407 2378 eam
1438 2338 1586 2380 haberi
1606 2339 1689 2380 alio
1714 2342 1754 2380 et
1782 2340 1863 2381 alio
1899 2340 2046 2391 modo,
2076 2343 2116 2382 et
2147 2340 2227 2382 hoc
2255 2352 2341 2382 non

1311 2411 1449 2461 potest
1468 2422 1557 2451 esse
1570 2411 1622 2451 ab
1643 2411 1806 2452 eodem.
1842 2411 1949 2461 Quia
1968 2424 2072 2464 ergo
2093 2412 2240 2454 eadem
2282 2414 2343 2453 est

1312 2483 1466 2521 natura
1497 2484 1666 2523 tantum
1697 2483 1864 2534 habita,
1900 2486 1941 2524 et
1974 2496 2060 2524 non
2087 2485 2311 2524 numerata
2330 2514 2339 2532 ‚

1314 2552 1409 2592 ideo
1427 2555 1595 2594 tantum
1612 2554 1766 2595 dicitur
1783 2568 1873 2596 una
1886 2555 2123 2596 substantia
2142 2557 2183 2596 et
2196 2567 2342 2595 essen-

1314 2625 1394 2675 tia;
1418 2625 1519 2677 quia
1538 2639 1641 2667 vero
1668 2627 1812 2680 plures
1837 2628 2058 2679 habentes,
2080 2628 2173 2668 ideo
2200 2627 2343 2680 plures

1314 2708 1524 2748 personae,
1560 2697 1678 2738 nuIla
1705 2699 1880 2740 omnino
1914 2699 2198 2752 repugnantia
2229 2698 2344 2739 exis-

1314 2772 1442 2811 tente.

1369 2846 1388 2882 ‘l
1413 2845 1453 2883 et
1472 2846 1511 2883 2.
1526 2843 1590 2884 Ad
1610 2843 1717 2885 illud
1736 2857 1840 2897 ergo
1861 2845 1973 2898 quod
1991 2845 2190 2898 objicitur
2210 2845 2261 2887 de
2275 2857 2342 2886 es-

1313 2914 1463 2963 sentia,
1486 2927 1561 2967 per
1580 2915 1661 2955 hoc
1679 2916 1789 2968 quod
1812 2916 2081 2968 Augustinus
2093 2916 2192 2957 dicit
2213 2931 2221 2956 :
2246 2917 2342 2958 Hoec

1315 2989 1331 3027 t
1336 2985 1404 3026 νῑα
1412 2997 1428 3035 ,·
1438 2984 1664 3025 dicendum
1676 2986 1788 3039 quod
1800 2986 1941 3027 minus
1952 2998 2147 3039 expresse
2155 2987 2345 3040 loquitur

1315 3058 1356 3095 et
1373 3055 1603 3109 improprie
1626 3071 1635 3098 :
1657 3060 1698 3097 et
1715 3057 1807 3098 ideo
1827 3057 2009 3099 verbum
2028 3059 2120 3111 eJ‘us
2138 3061 2199 3100 est
2212 3070 2344 3112 expo—

1313 3127 1522 3168 nendum.

1365 3201 1404 3238 3.
1425 3198 1491 3239 Ad
1508 3198 1611 3239 illud
1640 3199 1754 3252 quod
1778 3200 1975 3253 objicitur
1992 3201 2105 3254 quod
2130 3202 2223 3243 ideo
2244 3206 2341 3252 tres,

1315 3269 1416 3322 quia
1437 3281 1616 3322 persona
1634 3272 1697 3311 est
1714 3282 1942 3313 commune
1958 3303 1968 3322 ,
1989 3274 2030 3313 et
2049 3273 2248 3326 quaelibet
2282 3276 2345 3314 est

1314 3352 1509 3394 persona,
1527 3343 1622 3393 etc.,
1635 3341 1863 3384 dicendum
1873 3343 1988 3396 quod
2002 3355 2090 3384 non
2102 3344 2200 3385 dicit
2210 3346 2342 3385 totam

1316 3447 1451 3484 ment„
1473 3454 1507 3478 vi
1520 3471 1530 3487 ,
1556 3449 1588 3479 4.
1607 3465 1647 3471 ——
1667 3448 1679 3470 ³
1693 3449 1813 3491 Symb.
1834 3450 1928 3492 vulg.
1954 3450 2076 3482 Athan.
2092 3467 2130 3474 —
2146 3452 2160 3473 ‘⁹
2175 3452 2276 3493 Aug,
2305 3451 2344 3483 de

1317 3495 1420 3532 Tria„
1442 3494 1500 3527 lib.
1519 3495 1578 3527 Vll
1591 3520 1601 3536 ,
1622 3506 1653 3528 c.
1672 3504 1718 3535 lv,
1737 3507 1772 3529 n.
1792 3500 1822 3530 8.
1838 3516 1877 3522 —
1892 3497 2002 3531 bihisl.
