2570 3986
1093 280 1358 322 DIATRlBA.
2159 294 2280 322 xxvu

169 371 248 412 hac
266 371 509 412 adornanda
525 371 706 412 editione
725 370 1017 420 contulerunt,
1040 371 1139 410 sunt
1159 368 1425 410 Constantius
1445 368 1673 419 Sarnanus,
1699 370 1909 410 Minorum
1929 369 2279 410 Conventualium

166 442 400 490 Alumnus‚
424 442 466 483 S.
488 442 536 483 R.
559 442 606 482 E.
629 440 821 481 Ecclesiae
843 440 1093 490 cardinalis,
1128 453 1174 480 ac
1202 441 1446 481 individuus
1466 440 1570 481 Sixti
1601 452 1762 490 comes;
1796 443 1889 480 tum
1910 440 2101 491 Angelus
2123 452 2279 491 cogno-

166 515 311 553 mento
342 512 498 563 Rocca,
531 512 696 553 Camers
727 511 884 563 patria,
916 511 1099 551 Eremita
1124 511 1486 563 Augustinianus‚
1513 510 1689 552 Sacrarii
1711 511 1934 564 Apostolici
1964 510 2212 560 Praefectus,
2240 514 2280 550 et

165 583 396 636 Episcopus
415 582 702 634 Tagastensis3
725 582 873 622 deinde
893 581 1143 622 Franciscus
1161 581 1333 622 Lamata
1347 614 1356 632 ‚
1375 581 1641 634 Theologicae
1660 582 1886 622 Facultatis
1907 581 2077 631 Doctor;
2099 581 2279 633 denique

167 653 317 695 Petrus
337 653 591 701 Galesinius,
619 651 959 703 Protonotarius,
982 656 1029 693 ut
1048 657 1220 703 vocant,
1243 653 1525 706 Apostolicus,
1548 653 1619 705 qui
1633 685 1642 703 ‚
1664 655 1712 693 ut
1732 652 1799 692 vel
1823 652 1911 704 ipse
1936 654 2125 699 testatur,
2147 664 2280 703 argu-

168 728 310 766 menta
339 723 568 776 unicuique
587 722 896 764 Bonaventurae
920 724 1123 777 opusculo
1146 724 1316 764 addidit.
1343 723 1423 764 Sed
1445 724 1608 763 utinam
1634 723 1810 763 Romani
1833 723 2040 773 Editores⁷
2062 722 2150 762 Viri
2171 725 2279 762 cete-

166 796 290 849 roqui
310 797 351 836 et
366 793 544 847 judicio,
564 796 604 834 et
624 806 794 834 summa
813 794 1001 834 doctrina
1019 795 1205 847 praediti,
1227 794 1487 835 sollicitiores
1505 794 1743 834 fuissentin
1760 793 2041 834 discernendis
2058 792 2280 834 Bonaveu-

164 870 271 908 turae
291 865 516 919 opusculis,
537 877 666 917 quam
686 864 729 904 iu
750 864 916 917 copiosa
935 868 975 906 et
991 866 1209 918 exquisitis
1229 865 1540 906 characteribus
1560 865 1762 906 adornata
1780 865 1961 905 editione
1981 864 2276 917 comparanda.

164 937 406 979 Secundum
439 935 678 976 Romanum
711 936 950 988 exemplar,
986 937 1130 976 omnia
1160 936 1203 977 S.
1236 936 1422 977 Doctoris
1453 935 1610 988 Opera,
1645 939 1771 988 atque
1803 935 2011 988 Opuscula
2042 935 2152 975 edita
2181 938 2281 975 sunt

162 1007 393 1061 Moguntiae
420 1006 533 1059 apud
559 1006 794 1047 Antonium
826 1006 989 1057 Hierat,
1018 1010 1141 1057 1609,
1173 1008 1219 1048 in
1249 1010 1409 1060 septem
1435 1006 1519 1047 vol.
1549 1006 1704 1046 in-fol.
1735 1007 1972 1047 distributa.
2000 1005 2108 1046 Tum
2137 1006 2280 1046 omnia

162 1080 470 1121 Bonaventurae
491 1077 701 1130 Opuscula
724 1090 798 1130 per
817 1077 1127 1131 Hieronymum
1146 1078 1317 1119 Scotum
1345 1078 1535 1131 prodiere
1550 1077 1734 1118 Venetiis
1753 1090 1822 1117 an.
1848 1080 1971 1127 16113
2001 1080 2141 1130 postea
2163 1077 2278 1130 Lug-

161 1150 264 1191 duni
291 1150 376 1190 duo
402 1149 560 1202 pariter
587 1149 634 1188 in
657 1148 876 1189 volumina
906 1149 1098 1189 distincta
1127 1162 1272 1190 recusa
1301 1152 1399 1189 sunt
1428 1162 1497 1189 an.
1522 1152 1639 1196 1647,
1668 1149 1907 1201 sumptibus
1934 1148 2274 1201 bibliopolarum.

160 1220 348 1261 Tandem
368 1232 481 1261 anno
498 1222 616 1268 1668,
638 1219 856 1271 Lugduni,
876 1221 1116 1272 sumptibus
1135 1220 1318 1273 Philippi
1338 1220 1486 1270 Borcte,
1508 1220 1701 1260 Laurent.
1726 1220 1920 1268 Arnaud,
1940 1223 1981 1260 et
2000 1219 2109 1260 Petri
2127 1219 2274 1270 Borde,

159 1292 204 1332 in
218 1291 291 1332 VII
312 1291 431 1332 Tom.
453 1291 599 1331 omnia
618 1294 711 1330 tum
731 1290 884 1343 Opera,
907 1295 1084 1344 tumque
1106 1292 1314 1345 Opuscula
1333 1292 1463 1345 praelo
1483 1292 1708 1332 commissa
1726 1292 1858 1331 fuere.

213 1362 292 1404 Sed
315 1362 520 1416 quoniam
544 1362 688 1403 varius
711 1361 893 1414 Operum
921 1366 961 1402 et
981 1362 1291 1415 Opusculorum
1311 1368 1371 1404 est
1396 1363 1517 1413 ordo,
1540 1375 1587 1402 ac
1613 1363 1835 1415 multiplex
1862 1365 2118 1403 tractatuum
2138 1362 2279 1415 dispo-

159 1434 269 1483 sitio,
288 1446 381 1474 rem
399 1433 513 1473 haud
534 1434 747 1485 ingratam
769 1445 844 1473 nos
864 1434 1047 1474 facturos
1068 1447 1155 1475 esse
1169 1435 1472 1487 judicavimus,
1492 1435 1523 1473 si
1542 1446 1639 1473 cum
1660 1434 1880 1486 postremis
1896 1434 2054 1487 priscas
2074 1434 2279 1475 editiones

158 1517 515 1558 compararemus.
540 1504 586 1544 In
606 1517 691 1556 qua
709 1504 930 1544 collatione
951 1506 1211 1545 conficienda
1230 1506 1449 1557 seligimus
1468 1508 1689 1557 sequentes
1709 1505 1933 1555 editiones7
1957 1518 2010 1545 ex
2028 1518 2078 1546 eo
2099 1506 2210 1558 quod
2233 1507 2277 1546 in

158 1575 246 1616 istis
263 1576 374 1617 idem
394 1588 483 1616 non
502 1575 573 1626 sit⁷
593 1588 640 1615 ac
660 1576 704 1615 in
722 1575 834 1624 aliis,
857 1574 1168 1628 Opusculorum
1188 1589 1394 1618 numerus
1414 1579 1540 1629 atque
1560 1576 1815 1617 distributio.

1033 1901 1410 1961 COLLATIO

528 2049 1221 2136 ANTIQUARUM
1303 2053 1902 2127 EDITIONUM

691 2204 748 2236 AC
785 2205 1097 2246 OPERUM,ET
1134 2206 1518 2239 OPUSCULORL'M
1555 2206 1744 2238 SERIEs.

266 2441 374 2484 Ordo
1132 2444 1163 2486 Ο
1179 2445 1213 2485 R
1227 2444 1258 2485 D
1274 2444 1304 2486 O
2073 2446 2182 2489 Ordo

211 2512 319 2554 Edit.
362 2512 445 2553 Ar-
990 2515 1216 2558 Editiom’s
1248 2518 1445 2559 Romame
1989 2519 2096 2560 Edit.
2112 2518 2282 2559 Venetae

187 2584 447 2636 gentinensis
1123 2587 1243 2628 Tom.
1277 2588 1308 2628 l.
1990 2590 2102 2631 Anni
2130 2593 2248 2630 1611.

184 2655 296 2696 Anni
326 2658 444 2696 1495.
1085 2659 1197 2698 Anni
1227 2662 1346 2700 1588.
2033 2660 2152 2702 Tom.
2182 2661 2213 2702 Ι.

234 2725 335 2768 Pars
360 2726 391 2768 Ι.
2110 2736 2128 2772 1

305 2799 326 2838 1
518 2797 550 2839 I.
574 2798 834 2851 Principium
852 2798 991 2840 Sacrae
1010 2799 1253 2853 Scripturae,
1713 2818 1811 2859 pag.
1894 2809 1913 2845 1
2109 2807 2132 2844 2

305 2873 330 2910 ⁶2.
522 2870 575 2910 II.
598 2869 930 2911 Illuminationes
952 2870 1167 2922 Ecclesiae,
1894 2879 1918 2916 9
1990 2875 2147 2916 Desunt

199 2940 446 2982 Desideran-
518 2940 590 2981 Ill.
614 2940 829 2994 Expositio
849 2942 892 2981 in
914 2941 1164 2983 psalterium
1185 2976 1194 2992 ,
1868 2951 1918 2987 77

189 3013 261 3052 tur
287 3012 444 3054 omnia.
522 3011 589 3053 IV.
614 3011 828 3065 Expositio
850 3013 897 3053 in
918 3013 1196 3055 Ecclesiasten
1214 3047 1224 3065 ,
1841 3022 1917 3060 309

520 3082 569 3124 V.
596 3084 807 3136 Expositio
827 3084 874 3124 in
895 3084 1072 3125 Librum
1093 3085 1320 3139 Sapientiae
1339 3119 1350 3137 ,
1841 3092 1918 3130 358

523 3154 590 3196 VI.
614 3155 828 3208 Expositio
854 3155 898 3195 in
919 3155 1258 3197 Lamentationes
1276 3158 1390 3199 Hier.
1412 3159 1566 3213 Proph.
1839 3163 1917 3201 428

1115 3226 1235 3268 Tom.
1270 3229 1321 3270 II.

227 3294 328 3336 Pars
358 3296 410 3337 II.
1086 3299 1199 3339 Anni
1229 3303 1348 3341 1589.
2017 3303 2136 3344 Tom.
2174 3302 2223 3342 ΙΙ.

309 3369 333 3406 7
525 3368 556 3408 Ι.
582 3367 796 3420 Expositio
813 3369 858 3408 in
880 3381 971 3422 cap.
993 3382 1053 3411 v1.
1076 3369 1118 3410 S.
1144 3370 1329 3412 Matthaei
1350 3373 1400 3413 de
1423 3373 1534 3414 Orat.
1551 3373 1690 3425 Dom„
1706 3387 1807 3427 pag.
1894 3379 1913 3415 1
2102 3377 2151 3414 14

219 3434 388 3479 Desunt.
524 3439 576 3480 ΙΙ.
599 3439 815 3492 Expositio
836 3439 879 3479 in
898 3440 1062 3493 Evang.
1080 3440 1122 3482 S.
1136 3441 1279 3493 Lucae,
1895 3449 1918 3486 3
1990 3445 2083 3487 Non
2115 3445 2279 3486 habeu-

525 3510 580 3551 III
604 3510 821 3563 Expositio
841 3511 884 3551 in
904 3511 946 3553 S.
967 3511 1189 3563 Joannem‚
1840 3519 1917 3557 313
2087 3518 2159 3557 tur

486 3635 492 3645 .
525 3581 592 3623 IV.
618 3581 865 3624 Collationes
887 3583 932 3624 in
951 3584 1167 3636 eumdem,
1839 3590 1916 3628 467
