2570 3986
1151 295 1292 337 VITA.
2211 307 2284 334 xxi

167 389 260 430 latis
307 390 522 441 nonnulli,
575 389 650 442 qui
693 399 839 429 eorum
889 387 1139 428 sententiam
1192 386 1244 426 ad
1284 384 1493 438 pontificis
1531 382 1740 436 judicium
1783 382 2033 423 retulerunt.
2083 380 2285 422 Nonnulli

167 460 319 509 etiam,
343 461 415 513 qui
437 462 516 501 sub
538 459 778 500 conditione
815 458 1039 500 censebant
1071 458 1182 497 inter
1204 456 1377 498 Sanctos
1409 455 1698 502 referendum,
1733 453 1926 494 videlicet
1955 453 1989 492 si
2019 464 2120 493 vera
2151 456 2283 504 erant,

167 544 263 584 quae
292 532 344 572 ab
365 535 526 573 oratore
562 530 788 572 Octaviano
821 530 870 570 de
903 529 1078 579 meritis,
1120 530 1160 568 et
1190 526 1403 568 miraculis
1431 526 1601 566 recitata
1630 525 1811 565 fuerant.
1845 523 2032 564 Tandem
2068 524 2285 563 communi

166 607 265 644 voto
285 606 461 644 ventum
491 601 619 642 estin
651 601 794 642 Causae
825 600 1099 650 sententiam,
1122 611 1218 652 quae
1253 598 1351 646 fuit,
1377 599 1426 637 ut
1458 597 1653 649 proximo
1687 596 1752 636 die
1784 598 1908 648 Juxta
1935 594 2285 634 consuetudinem

167 675 403 715 ceremonia
428 674 563 723 fieret,
589 684 686 725 quae
716 672 761 712 in
793 671 1090 712 canonizandis
1118 670 1278 711 servari
1310 669 1527 709 consuevit
1533 700 1612 708 .....
1646 668 1717 708 Die
1749 679 1851 707 vero
1875 666 2107 715 dominico,
2131 678 2256 706 mane
2273 698 2282 716 ,

167 746 291 797 hora,
314 757 398 798 qua
417 743 634 784 consuevit
664 743 735 794 agi
762 743 907 783 divina
937 755 1023 790 res,
1050 753 1286 782 convenere
1317 740 1549 780 cardinales
1581 742 1621 780 et
1651 738 1814 792 praelati
1846 750 2015 788 omnes,
2038 740 2101 778 etc
2109 768 2187 777 .....
2212 737 2286 777 His

168 816 363 870 peractis,
385 817 631 868 procurator
650 813 979 854 canonizationis
1007 813 1124 866 petiit
1151 813 1356 853 instanter
1385 824 1409 851 a
1430 811 1626 864 pontifice
1653 809 1943 863 pronuntiari,
1981 811 2022 849 et
2043 808 2281 848 canonizari

168 888 338 929 beatum
365 885 729 935 Bonaventuram,
754 885 820 924 his
847 884 988 925 verbis
1016 884 1209 924 videlicet
1233 899 1242 925 z
1267 881 1510 924 Beatissime
1538 881 1680 931 Pater,
1705 880 1911 932 scriptum
1931 882 1992 920 est
2024 880 2053 931 (I
2084 880 2281 930 Joannis)

168 958 281 1013 quod
296 961 380 998 tres
401 960 513 1007 sunt,
536 957 609 1009 qui
628 955 918 997 testimonium
938 955 1162 1008 perhibent
1179 956 1223 995 in
1243 955 1362 1002 coelo,
1387 953 1524 1003 Pater,
1543 951 1746 1000 Verbum,
1769 955 1809 991 et
1830 951 2010 1004 Spiritus
2032 950 2223 999 Sanctus,
2247 955 2288 992 et

167 1030 212 1070 hi
231 1032 314 1070 tres
336 1028 627 1069 testimonium
646 1027 871 1078 dederunt,
893 1027 1006 1079 quod
1025 1027 1172 1067 beatus
1196 1026 1493 1067 Bonaventura
1513 1024 1563 1064 de
1586 1022 1863 1074 Balneoregio
1890 1022 2106 1074 quondam
2126 1022 2285 1062 ordinis

166 1102 343 1142 fratrum
364 1099 580 1140 minorum
599 1098 831 1151 generalis,
854 1110 901 1138 ac
926 1098 1198 1150 postmodum
1227 1097 1268 1139 S.
1290 1097 1338 1137 R.
1361 1097 1406 1137 E.
1442 1094 1686 1142 cardinalis,
1712 1096 1752 1134 et
1771 1094 1990 1146 episcopus
2012 1093 2284 1145 Albanensis,

166 1171 310 1214 veniat
325 1170 654 1222 canonizandus,
674 1174 721 1211 ut
739 1172 851 1223 patet
873 1181 947 1222 per
966 1181 1186 1222 processus
1204 1167 1501 1209 commissione
1521 1166 1749 1206 sanctitatis
1779 1168 1954 1214 vestrae,
1977 1168 2017 1205 et
2042 1165 2289 1206 auctoritate

167 1242 391 1296 apostolica
412 1243 632 1283 confectos.
658 1241 748 1294 Ego
769 1241 914 1281 Frater
934 1240 1082 1281 Petrus
1104 1240 1351 1293 Rodulphus
1371 1239 1420 1279 de
1442 1237 1677 1290 Viglevano
1699 1237 1862 1290 praefati
1881 1236 2046 1277 Ordinis
2066 1235 2288 1276 §tinorum

167 1315 214 1354 in
247 1314 360 1355 alma
390 1313 513 1355 Curia
544 1317 682 1355 vestra
712 1313 982 1362 Procurator,
1020 1324 1135 1361 meo,
1171 1315 1212 1352 et
1243 1310 1532 1364 procuratorio
1566 1309 1734 1351 Ordinis
1758 1308 1922 1360 praefati
1951 1307 2218 1358 nominibus,
2241 1320 2288 1348 ac

167 1386 292 1427 etiam
327 1386 572 1427 nominibus
608 1384 871 1427 Serenissimi
910 1383 1200 1424 Romanorum
1229 1382 1521 1435 Imperatoris,
1556 1384 1597 1421 et
1640 1378 1982 1421 Christianissimi
2026 1378 2288 1419 Francorum

168 1456 314 1509 Regis,
335 1456 602 1510 aliorumque
617 1457 807 1509 Regum,
830 1455 1015 1506 Ducum,
1038 1454 1305 1507 Principum,
1329 1456 1392 1494 etc
1399 1484 1478 1493 .....
1501 1454 1542 1492 et
1563 1463 1616 1492 ex
1635 1452 1752 1503 parte
1774 1449 1845 1490 SS.
1868 1450 2100 1499 Trinitatis,
2130 1450 2287 1501 Patris,

168 1531 209 1570 et
227 1528 338 1579 Filii,
362 1531 401 1569 et
421 1527 601 1581 Spiritus
622 1528 770 1577 sancti,
793 1527 880 1580 qui,
902 1530 949 1567 ut
968 1527 1193 1580 praefatum
1213 1528 1287 1576 est,
1311 1525 1360 1565 de
1382 1524 1515 1577 ipsius
1534 1523 1670 1575 gloria
1687 1521 1893 1562 testificati
1914 1521 2103 1572 fuerunt,
2127 1522 2291 1562 instan-

167 1603 244 1651 ter,
269 1600 516 1651 instantius,
538 1602 578 1640 et
599 1599 900 1639 instantissime
920 1598 1091 1651 requiro
1113 1597 1307 1650 supplex,
1329 1599 1369 1637 et
1385 1595 1603 1646 adstringo
1625 1593 1887 1634 sanctitatem
1907 1595 2108 1643 vestram,
2131 1605 2217 1633 non
2241 1594 2291 1634 de

169 1672 320 1725 gratia,
340 1671 412 1712 sed
428 1671 478 1712 de
497 1671 648 1721 debito,
666 1683 713 1711 ac
732 1683 849 1711 mera
864 1670 1042 1723 justitia,
1060 1673 1269 1723 quatenus
1288 1680 1404 1708 nunc
1424 1667 1474 1708 de
1496 1665 1691 1718 praesenti
1709 1665 1761 1705 ad
1783 1664 2152 1705 Canonizationem
2174 1665 2290 1706 Beati

170 1744 501 1792 Bonaventurae,
521 1742 754 1783 secundum
775 1742 887 1794 quod
908 1742 952 1781 in
973 1741 1153 1794 publicis
1176 1739 1438 1780 Consistoriis
1457 1738 1673 1778 decretum
1691 1736 1790 1786 fuit,
1814 1748 1867 1775 ne
1887 1736 2022 1776 dictus
2043 1735 2196 1776 Beatus
2212 1748 2289 1777 suo

169 1816 388 1857 fraudetur
418 1815 598 1864 honore,
629 1813 852 1867 procedere
884 1813 1068 1853 debeatis
1088 1812 1138 1853 ad
1160 1812 1405 1852 orthodoxae
1438 1809 1574 1857 Fidei,
1604 1812 1644 1848 et
1676 1807 1717 1848 S.
1748 1807 1795 1848 E.
1827 1808 2146 1859 exaltationem,
2170 1811 2210 1848 et
2239 1809 2291 1849 ad

170 1887 339 1928 laudem
361 1886 668 1939 Omnipotentis
687 1885 774 1935 Dei,
797 1885 870 1938 qui
890 1885 1011 1935 vivit,
1035 1887 1076 1925 et
1092 1887 1245 1936 regnat
1266 1884 1311 1923 in
1328 1882 1484 1923 saecula
1503 1880 1773 1922 saeeutorum.
1796 1879 1934 1920 Amen
1949 1883 1976 1920 ¹.
2004 1894 2023 1916 >³

212 1996 415 2076 {InssSDz'ar-io
433 1997 522 2029 Rom.
540 1996 581 2029 de
600 1996 684 2030 Sixti
702 1996 744 2029 IV
767 1995 984 2035 Pontificatu,
1004 1997 1090 2027 tom.
1105 1995 1210 2027 XXIII
1235 1994 1396 2035 Scrz'plor.
1414 2002 1526 2024 rerum
1546 1991 1655 2024 Italic.
1678 1992 1714 2024 C.
1734 1991 1773 2024 V.
1795 1990 1928 2022 Ludov.
1947 1987 2086 2021 Antonii
2105 1987 2292 2029 Muratorii,

172 2052 211 2075 co
228 2067 236 2075 .
254 2047 266 2076 1
315 2068 324 2076 .
