2613 3990
38 1996 148 2022 Paralo-

13 2038 129 2072 gismus.

42 2792 83 2818 Ad
97 2800 145 2827 op-

9 2841 68 2866 pos.

732 194 861 235 DIST.
886 193 969 235 XV.
1000 191 1152 232 PART.
1186 190 1216 231 I.
1247 191 1366 233 ART.
1399 193 1430 234 Ι.
1461 193 1660 243 QUAEST.
1695 193 1764 236 III.

178 292 283 321 num
312 283 392 331 est;
421 281 647 323 dicendum
673 283 786 336 quod
814 294 968 324 verum
1000 283 1086 330 est,
1121 281 1202 320 nisi

178 351 329 392 habeat
347 352 592 394 ulteriorem
611 358 848 408 respectum
867 354 917 394 ad
935 355 1170 394 creaturam
1189 367 1197 392 :

177 423 249 464 sed
275 424 416 465 missio
432 457 442 475 ,
473 429 626 478 praeter
650 429 884 479 respectum
908 424 983 477 qui
1012 426 1073 464 est
1099 424 1201 463 mit-

177 494 300 535 tentis
317 495 369 536 ad
382 495 572 547 missum,
591 497 788 550 importat
801 496 987 548 aliquem
1003 495 1200 535 effectum

177 564 222 605 in
242 569 448 607 creatura.

230 639 269 676 4.
299 638 362 678 Ad
393 637 498 679 illud
526 639 638 691 quod
666 637 881 690 objicitur,
913 637 1027 689 quod
1059 636 1201 677 missio

177 709 312 749 activa
327 708 378 762 (a)
395 712 435 750 et
443 710 606 762 passiva
627 711 688 749 est
699 707 827 757 Deus;
844 707 1069 748 dicendum
1087 708 1200 760 quod

177 781 238 819 est
257 780 453 832 quaedam
474 780 578 820 actio
595 811 605 830 ,
627 791 723 832 quae
752 779 891 819 solum
917 780 1086 832 respicit
1104 793 1201 833 pas-

177 862 288 901 sum,
304 854 378 891 ut:
400 867 418 890 «
435 850 628 892 Percutio
647 854 687 891 te
709 865 716 891 z
737 864 755 887 n
777 850 972 903 quaedam
988 863 1084 903 quae
1105 863 1201 903 pas-

179 933 275 961 sum
292 953 302 972 ,
325 924 366 962 et
399 921 531 962 alium
564 921 822 969 terminum,
841 924 890 961 ut
910 935 918 962 2
951 937 970 959 «
996 921 1128 962 Doeeo
1162 925 1201 962 te

176 992 520 1044 grammaticam,
540 1005 560 1029 »
585 992 778 1032 similiter
804 994 872 1032 et:
903 991 1056 1032 «Mitto
1084 995 1124 1032 te
1150 993 1201 1033 ad

177 1064 311 1104 illum.
331 1078 350 1101 n
374 1063 425 1104 Et
440 1063 552 1116 quod
571 1063 791 1115 oincitur,
812 1075 965 1103 verum
990 1067 1050 1103 est
1068 1064 1113 1104 in
1131 1076 1202 1104 ac-

176 1135 288 1187 tione
305 1139 345 1176 et
362 1136 554 1188 passione
576 1146 672 1188 quae
692 1135 798 1175 nihil
817 1135 933 1176 aliud
954 1135 1198 1188 respiciunt,

176 1206 257 1247 nisi
290 1206 549 1260 principium
580 1209 620 1247 et
653 1206 890 1259 obJectum3
928 1206 1000 1247 sed
1033 1219 1120 1247 non
1156 1207 1201 1247 in

175 1278 293 1329 aliis,
327 1290 422 1331 quae
453 1278 678 1331 requirunt
703 1278 835 1319 alium
864 1279 1096 1319 terminum
1121 1294 1128 1320 :
1161 1283 1201 1320 et

174 1349 266 1390 ideo
284 1349 411 1390 habet
423 1349 667 1390 instantiam
684 1350 730 1389 in
749 1350 975 1403 proposito.
997 1350 1200 1391 Similiter

174 1421 423 1462 solvendum
444 1411 506 1463 est
529 1422 580 1463 ad
598 1434 792 1476 sequeDS,
813 1423 926 1476 quod
948 1436 1099 1464 verum
1120 1426 1195 1474 est,

174 1493 208 1533 si
227 1492 335 1533 actio
350 1493 422 1534 illa
444 1493 619 1534 omnino
637 1494 937 1534 terminaretur
957 1494 999 1534 in
1029 1494 1161 1535 Deum
1188 1510 1195 1535 :

172 1564 242 1604 sed
265 1564 377 1616 quod
398 1564 543 1617 objicit
571 1564 682 1617 quod
710 1563 851 1604 missio
876 1564 1044 1617 respicit
1067 1565 1199 1605 Deum

172 1639 219 1677 ut
248 1635 481 1676 terminum
508 1636 560 1676 ad
590 1647 741 1688 quem3
770 1635 994 1676 dicendum
1022 1637 1136 1689 quod
1163 1637 1198 1676 si

172 1709 401 1759 terminus,
424 1708 476 1748 ad
503 1719 630 1761 quem
656 1710 716 1748 est
744 1707 909 1758 missio,
932 1712 1038 1749 esset
1059 1709 1199 1750 solum

172 1779 216 1818 in
240 1779 400 1820 ratione
428 1779 632 1827 finientis,
654 1778 712 1819 sic
737 1791 888 1819 verum
916 1783 1022 1820 esset
1048 1795 1056 1821 :
1084 1793 1199 1821 nune

173 1853 316 1890 autem
335 1862 422 1890 non
439 1853 499 1891 est
518 1850 591 1900 sic,
613 1849 683 1890 sed
702 1850 840 1901 magis
860 1851 905 1890 in
924 1852 1086 1892 ratione
1106 1864 1197 1892 sus-

172 1921 374 1974 c-ipIentis.

224 1996 262 2033 5.
284 1993 347 2033 Ad
368 1992 567 2033 ultimum
588 1992 815 2045 obiectum,
835 1993 1062 2034 dicendum
1083 1995 1196 2047 quod

173 2063 227 2103 ibi
252 2066 313 2103 est
341 2062 655 2116 paralogismus
681 2064 930 2115 accidentis,
956 2065 1064 2105 sicut
1084 2065 1153 2105 hic
1185 2080 1193 2106 ε

175 2151 194 2174 ι(
232 2135 364 2176 Omne
395 2147 454 2176 aes
487 2137 548 2175 est
580 2136 772 2177 naturale
786 2169 796 2187 ,
837 2139 974 2177 statua
1011 2139 1071 2177 est
1109 2149 1167 2177 aes
1182 2169 1193 2188 ,

169 2218 287 2258 ergo,
309 2220 328 2243 »
351 2209 452 2256 etc.;
476 2205 576 2258 quia
594 2206 707 2258 quod
725 2209 814 2247 erat
839 2206 1051 2256 materiae,
1077 2207 1194 2248 attri-

170 2276 314 2317 buitur
334 2279 483 2317 statuae
501 2276 663 2317 ratione
693 2277 873 2318 artificii.
903 2278 1106 2319 Similiter
1127 2279 1196 2319 hic

154 2347 282 2400 ‘quod
302 2350 390 2388 erat
409 2347 563 2388 divinae
583 2348 774 2389 essentiae
787 2381 797 2399 ,
822 2349 1066 2390 attribuitur
1090 2350 1194 2390 mis-

168 2420 274 2461 sioni
292 2421 453 2461 ratione
473 2421 698 2461 connotati.

497 2575 731 2626 QUAESTIo
762 2575 832 2616 III.

462 2678 522 2712 An
542 2677 664 2713 Patris
679 2678 729 2712 sz't
747 2679 848 2712 mitti
864 2677 889 2711 ¹.

225 2777 446 2827 Quaeritur
467 2778 592 2830 cujus
619 2777 672 2817 sit
706 2777 877 2827 missio,
908 2782 955 2819 ut
986 2780 1121 2831 missi;
1154 2785 1194 2822 et

165 2849 330 2890 videtur
349 2849 463 2902 quod
491 2849 545 2888 sit
572 2848 700 2888 totius
727 2847 954 2890 Trinitatis.
983 2851 1192 2903 Augusti-

165 2933 248 2961 nus
271 2920 317 2961 in
338 2919 390 2962 IV
415 2919 466 2962 de
495 2921 531 2961 T
528 2919 705 2962 rinitate
726 2920 738 2940 ²
762 2933 777 2960 .·
803 2935 822 2958 <t
842 2919 1019 2962 Mittitur
1035 2921 1190 2974 Filius,

166 3004 264 3033 cum
282 3004 336 3032 ex
354 2994 543 3044 tempore
566 2992 821 3044 cujusquam
846 2996 987 3034 mente
1007 2996 1192 3048 percipi-

166 3066 236 3103 tur
257 3075 266 3103 :
292 3077 312 3099 n
336 3062 409 3103 sed
434 3065 520 3103 tota
540 3061 722 3102 Trinitas
749 3074 803 3102 ex
832 3065 1019 3116 tempore
1051 3069 1192 3106 mente

166 3133 394 3186 percipitur
412 3146 422 3174 ε
439 3145 543 3186 ergo
555 3136 641 3174 tota
657 3132 838 3174 Trinitas
857 3135 1039 3176 mittitur
1060 3151 1067 3177 :
1087 3149 1191 3189 ergo

168 3205 303 3246 Pater.

208 3313 219 3334 ¹
243 3312 296 3352 Cf.
313 3311 407 3343 Alex.
422 3311 612 3353 Alensis‚p.
627 3313 651 3352 Ι,
663 3321 695 3353 q.
711 3319 834 3352 Lxxlu,
855 3313 982 3345 memb.
1006 3316 1037 3355 2,
1062 3318 1126 3347 art.
1152 3319 1165 3348 1
1179 3327 1189 3357 ;

167 3361 201 3393 S.
226 3359 362 3399 Thom.,
383 3368 418 3399 p.
436 3360 471 3400 I,
492 3368 526 3400 q.
546 3367 645 3399 me,
665 3362 728 3391 art.
754 3361 790 3399 43
812 3362 844 3390 et
864 3361 875 3391 l
896 3360 1002 3400 Sent,
1028 3362 1104 3394 dist.
1132 3371 1190 3403 XV,

166 3417 199 3448 q.
215 3415 253 3447 11,
274 3409 337 3438 art.
363 3409 402 3447 13
424 3407 529 3447 Scot.,
553 3408 560 3437 l
583 3408 689 3446 Sent„
709 3407 785 3438 dist.
814 3414 872 3438 XIV
891 3409 923 3438 et
941 3415 994 3447 XV,
1015 3418 1047 3450 q.
1071 3410 1188 3450 unica3

166 3454 278 3496 AEgid.
298 3455 412 3494 Rom„
440 3454 453 3484 Ι
479 3454 583 3494 88ηΐ.,
602 3454 680 3486 dist.
701 3462 757 3494 xv,
776 3464 811 3494 p.
836 3454 876 3494 ll,
898 3464 930 3495 q.
956 3463 989 3496 13
1018 3456 1190 3498 Richard.,

167 3503 300 3543 ISent.,
319 3501 468 3542 dist-‚xm
487 3511 519 3542 q.
546 3509 569 3542 1,
590 3504 654 3533 art.
676 3504 711 3542 2,
731 3502 925 3544 Durandus,
948 3503 959 3534 1
982 3503 1087 3542 Sent„
1111 3505 1187 3537 dist.

2219 204 2291 242 ⁹251

1329 285 1368 321 9..
1384 282 1505 331 Item,
1521 282 1630 322 mitti
1643 295 1880 335 personam,
1899 288 1960 325 est
1971 286 2106 338 ipsam
2119 288 2169 329 de
2188 302 2297 331 novo

1276 352 1421 393 venire
1448 353 1497 393 ad
1525 353 1804 394 habitandum
1827 368 1835 394 :
1860 355 1929 395 sed
1948 358 2032 396 tota
2050 356 2229 399 Trinitas
2248 360 2298 399 de

1274 435 1386 464 novo
1407 423 1524 464 venit
1538 424 1590 464 ad
1607 424 1881 465 habitandum
1896 425 1939 465 in
1954 431 2182 478 peccatore,
2201 442 2296 470 cum

1275 494 1411 545 gratia
1441 494 1565 535 datur
1592 495 1629 535 ei
1653 507 1662 535 :
1692 507 1794 547 ergo
1812 528 1821 544 ,
1853 499 1930 536 etc.
1961 496 2095 538 Minor
2124 501 2297 551 patet³z

1275 563 1344 605 Ad
1362 575 1453 606 eum
1473 566 1704 617 veniemus,
1725 572 1799 607 etc.

1330 639 1367 676 3.
1392 636 1511 687 Item,
1537 636 1682 678 missio
1701 641 1897 679 connotat
1911 639 2110 680 effectum
2127 641 2172 681 in
2191 654 2301 682 crea-

1275 709 1395 749 tura:
1415 708 1559 749 sedita
1576 712 1651 759 est,
1668 710 1781 762 quod
1798 722 1923 751 omne
1937 716 2168 752 connotans
2181 714 2300 754 effec-

1275 782 1367 818 tum
1395 779 1549 820 dicitur
1573 780 1848 821 essentialiter
1871 796 1878 821 :
1907 795 2010 834 ergo
2038 783 2180 824 missio
2207 797 2302 837 pas-

1275 849 1362 890 sive
1391 850 1527 900 dicta,
1564 850 1716 891 dicitur
1744 853 2049 894 essentialiter:
2084 854 2155 894 sed
2190 857 2301 907 quod

1275 921 1548 962 essentialiter
1568 922 1744 974 dicitur,
1767 925 1965 964 convenit
1984 925 2057 965 toti
2076 925 2267 967 Trinitati
2290 943 2297 968 :

1274 1004 1394 1045 ergo,
1413 996 1492 1034 etc.

1327 1066 1367 1104 4.
1391 1063 1509 1114 Item,
1533 1064 1704 1116 quando
1724 1065 1884 1118 aliquid
1902 1066 2099 1115 mittitur,
2123 1068 2303 1110 mittitur

1274 1148 1373 1176 cum
1406 1148 1454 1177 eo
1479 1148 1604 1176 omne
1633 1137 1745 1189 quod
1774 1138 2107 1190 inseparabiliter
2126 1144 2187 1180 est
2207 1153 2303 1181 con-

1269 1207 1468 1259 junctum
1496 1221 1504 1247 :
1537 1207 1609 1247 sed
1628 1206 1750 1247 Pater
1768 1212 1830 1249 est
1855 1209 2188 1262 inseparabiliter
2209 1223 2305 1251 con-

1269 1280 1444 1331 junctus
1469 1291 1566 1320 cum
1599 1278 1704 1319 Filio
1743 1294 1751 1320 :
1786 1292 1889 1332 ergo
1923 1281 2092 1333 quando
2121 1281 2304 1322 mittitur

1274 1349 1420 1401 Filius,
1444 1350 1625 1391 mittitur
1642 1353 1682 1390 et
1698 1349 1839 1391 Pater.

1327 1422 1365 1460 5.
1401 1420 1519 1470 Item,
1546 1422 1712 1463 mittere
1731 1424 1770 1462 et
1790 1423 1919 1473 mereti,
1939 1425 2013 1463 aut
2036 1427 2136 1463 sunt
2155 1436 2301 1477 aequa-

1272 1493 1323 1532 lis
1338 1493 1585 1540 nobilitatis,
1602 1496 1798 1534 autnon:
1816 1495 1850 1534 si
1868 1494 2058 1547 aequalis,
2073 1508 2190 1548 ergo,
2213 1509 2297 1549 qua

1272 1563 1435 1603 ratione
1452 1563 1606 1604 dieitur
1633 1565 1796 1605 Ίηῖῑῑθνθ
1817 1564 1867 1605 de
1898 1564 2036 1615 Patre,
2065 1566 2212 1606 eadem
2232 1579 2303 1607 ra—

1273 1633 1388 1674 tione
1421 1637 1461 1674 et
1496 1634 1612 1676 mitti
1626 1649 1636 1684 ;
1657 1634 1692 1673 si
1715 1638 1776 1674 est
1800 1635 2049 1687 inaequalis,
2072 1648 2175 1688 ergo
2207 1637 2304 1677 mit·

1273 1708 1366 1746 tens
1386 1709 1447 1746 est
1466 1707 1602 1758 major
1630 1706 1758 1746 misso
1784 1721 1790 1746 :
1817 1719 1921 1759 ergo
1947 1706 2082 1747 Filius
2110 1711 2171 1748 est
2197 1708 2304 1749 inae—

1275 1778 1412 1831 qualis
1430 1777 1557 1818 Patri.

1326 1848 1477 1889 Contra
1498 1863 1506 1888 z
1529 1849 1800 1901 Augustinus
1819 1849 1865 1888 in
1892 1848 1926 1888 II
1947 1849 1998 1891 cle
2024 1850 2234 1893 Trinitace
2251 1855 2264 1875 '⁴
2288 1866 2303 1892 .·

1277 1936 1296 1959 ((
1314 1920 1434 1961 Pater
1454 1932 1667 1973 nusquam
1686 1920 1844 1972 legitur
1867 1920 2024 1961 missus
2052 1935 2060 1961 :
2080 1936 2098 1957 »
2124 1922 2194 1962 sed
2216 1935 2302 1963 non

1271 1991 1473 2032 debemus
1494 1991 1666 2043 aliquod
1685 2003 1869 2031 asserere
1898 1991 1948 2031 de
1974 1991 2057 2031 Deo
2078 1992 2193 2044 quod
2216 2005 2302 2032 non

1270 2060 1478 2101 habemus
1494 2073 1546 2101 ex
1567 2060 1785 2114 Scriptura
1807 2076 1813 2102 :
1836 2074 1938 2114 ergo
1959 2062 2069 2103 mitti
2086 2075 2173 2103 non
2197 2076 2299 2104 con-

1269 2133 1387 2173 venit
1402 2133 1477 2173 toti
1496 2132 1704 2173 Trinitati.

1324 2203 1428 2244 Item
1453 2237 1464 2255 ,
1501 2205 1770 2257 Augustinus
1812 2205 1911 2247 dicit
1940 2207 1952 2228 ⁵
1983 2206 2095 2259 quod
2130 2222 2148 2244 (ι
2183 2206 2302 2247 Pater

1269 2276 1568 2317 absurdissime
1599 2265 1757 2318 dicitur·
1781 2277 1935 2316 missus
1957 2292 1964 2317 :
1994 2291 2013 2314 ›>
2038 2277 2109 2318 sed
2138 2289 2300 2318 sermo-

1269 2359 1344 2388 nes
1363 2349 1453 2388 veri
1481 2360 1567 2387 non
1596 2351 1696 2387 sunt
1721 2347 2038 2398 absurdissimi,
2069 2348 2138 2388 sed
2164 2348 2303 2401 potius

1270 2417 1359 2458 falsi
1381 2430 1390 2458 ε
1413 2430 1516 2470 ergo
1537 2419 1655 2461 mitti
1679 2430 1766 2459 non
1800 2431 1899 2459 vere
1917 2419 2069 2459 dieitur
2088 2419 2137 2460 de
2164 2418 2298 2459 Patre.

1322 2488 1442 2539 Item,
1465 2490 1733 2542 Augustinus
1751 2490 1853 2530 dicit
1872 2490 1986 2542 quod
2013 2491 2122 2531 mitti
2148 2494 2208 2531 est
2236 2503 2301 2531 co-

1269 2563 1417 2615 gnosci
1444 2576 1532 2604 esse
1557 2564 1609 2604 ab
1630 2564 1740 2604 alio:
1770 2563 1840 2604 sed
1870 2564 1994 2604 Pater
2011 2577 2097 2605 non
2116 2577 2298 2616 cognos-

1270 2634 1379 2674 citur
1396 2647 1485 2676 esse
1501 2636 1554 2676 ab
1569 2635 1651 2676 alio
1676 2651 1684 2676 :
1709 2648 1812 2687 ergo
1832 2635 1954 2676 Pater
1984 2648 2072 2675 non
2100 2635 2296 2675 mittitur.

1322 2706 1440 2758 Item,
1472 2720 1599 2749 omne
1631 2709 1787 2749 mobile
1820 2708 2036 2749 reducitur
2065 2708 2115 2748 ad
2142 2708 2298 2748 immo-

1266 2779 1349 2820 bile
1367 2784 1380 2804 ⁶
1404 2793 1413 2820 ε
1434 2792 1538 2832 ergo
1567 2780 1769 2821 missibile
1793 2781 1843 2821 ad
1880 2779 2144 2820 immissibile
2165 2794 2173 2820 :
2195 2791 2298 2832 ergo

1267 2851 1313 2891 in
1334 2851 1487 2892 divinis
1506 2855 1568 2892 est
1588 2853 1670 2893 alia
1688 2865 1868 2906 persona
1891 2851 2168 2892 immissibilis
2193 2866 2201 2891 :
2227 2851 2298 2892 sed

1267 2934 1353 2962 non
1372 2923 1455 2963 nisi
1475 2922 1598 2964 Pater
1620 2935 1630 2963 ε
1651 2936 1769 2976 ergo,
1789 2926 1866 2964 etc.

1267 3063 1338 3095 ΧΠ,
1361 3065 1395 3096 q.
1413 3063 1447 3095 13
1469 3055 1591 3087 Thom.
1610 3056 1704 3097 Arg„
1726 3056 1734 3086 1
1759 3056 1865 3093 sent„
1885 3053 1962 3085 dist.
1984 3061 2041 3093 xv,
2059 3063 2092 3094 q.
2117 3062 2150 3094 1,
2171 3055 2233 3085 art.
2260 3055 2293 3093 4,

1266 3102 1391 3134 Marsil.
1412 3103 1571 3144 luguen„
1601 3104 1613 3134 I
1632 3103 1737 3142 Seni„
1760 3111 1793 3142 q.
1813 3108 1922 3141 xv111,
1942 3103 2005 3132 art.
2023 3102 2059 3140 33
2081 3100 2184 3132 Gabr.
2212 3100 2294 3140 Biel,

1267 3149 1372 3187 Sent„
1393 3149 1469 3181 dist.
1484 3157 1541 3190 xv,
1564 3159 1596 3190 q.
1623 3150 1733 3180 unica.
1754 3166 1794 3171 —
1808 3150 1819 3170 ²
1833 3151 1932 3189 Aug„
1951 3148 1990 3179 de
2011 3148 2144 3186 Trinit„
2164 3147 2223 3179 lib.
2239 3148 2295 3185 lv,

1267 3205 1296 3227 c.
1313 3204 1369 3236 xx,
1390 3206 1425 3227 n.
1440 3199 1492 3228 28.
1510 3215 1551 3220 —
1573 3197 1584 3215 ³
1605 3197 1712 3234 Joarc„
1732 3204 1802 3236 ΧΠ,
1821 3197 1922 3228 23.-
1935 3196 1949 3217 ¹*
1963 3197 2064 3237 Aug„
2091 3194 2131 3226 de
2161 3194 2294 3233 Trinit„

1265 3243 1384 3284 lih.11,
1407 3253 1437 3275 c.
1452 3251 1485 3284 v,
1505 3253 1542 3275 n.
1564 3245 1594 3276 8.
1609 3244 1673 3266 —5
1689 3243 1787 3283 llud„
1813 3243 1871 3275 lib.
1892 3243 1950 3284 lV,
1973 3252 2004 3275 c.
2025 3250 2120 3284 exin,
2139 3251 2175 3274 n.
2189 3243 2241 3274 32.
2257 3259 2292 3263 —

1267 3291 1279 3309 ⁶
1296 3291 1412 3332 Arist.,
1432 3291 1533 3332 Phys.
1548 3291 1606 3322 lib.
1623 3291 1712 3331 VIII,
1728 3292 1820 3322 cont.
1837 3291 1888 3322 34.

1308 3364 1352 3405 (a)
1375 3365 1454 3396 Coet.
1475 3364 1556 3396 edit.
1571 3364 1680 3396 active
1701 3366 1734 3396 et
1750 3364 1898 3406 passive.

2354 1860 2463 1887 Funda-

2359 1905 2461 1928 menta.
