2613 3990
280 232 294 268 1
305 231 356 268 74

276 317 413 370 proles
433 318 610 370 perfecte
628 320 936 370 repraesentaus
953 318 1074 358 illum
1091 331 1114 358 a
1128 330 1212 370 quo
1227 321 1302 357 est.

277 388 492 438 Quantum
504 390 555 429 ad
570 390 915 440 coreternitatem,
932 390 1080 430 similis
1092 394 1153 430 est
1167 401 1306 441 egres-

277 462 343 502 sui
362 462 412 514 (a)
437 462 668 514 splendoris
684 473 708 501 a
726 461 833 511 luce,
855 461 899 500 in
913 473 998 514 quo
1015 465 1075 502 est
1092 461 1308 502 0010101111-

275 536 351 582 tas,
370 537 540 586 propter
568 533 672 573 lucis
691 532 988 574 actualitatem.
1013 533 1226 583 Quantum
1253 532 1306 572 ad

276 604 575 657 aequalitatem,
598 604 746 643 similis
766 607 825 644 est
841 604 1103 655 generationi
1124 603 1307 643 viventis

276 687 328 715 ex
345 676 529 724 vivente,
551 675 622 727 qui
639 679 813 727 generat
827 675 905 715 sibi
923 676 1086 729 aequale
1101 675 1276 715 omnino
1296 689 1304 715 :

276 750 316 787 et
345 747 401 787 sic
433 747 714 787 diversimode
757 753 1026 801 comparatur
1061 761 1085 788 a
1128 747 1304 788 Sanctis.

277 818 496 871 Comparat
514 830 616 870 ergo
637 818 842 871 Origenes
861 820 911 860 ad
934 832 1154 871 egressum
1173 819 1309 871 splen-

275 890 399 939 doris,
435 902 520 930 non
549 894 758 943 quantum
779 892 828 931 1111
851 891 1082 932 iterationis
1102 889 1307 930 assimila-

275 961 446 1010 tionem,
470 960 541 1001 sed
561 965 771 1013 quantum
792 962 842 1002 ad
873 963 1155 1015 privationem
1176 961 1308 1002 inter-

276 1029 504 1080 missionis,
529 1031 618 1070 sive
635 1031 984 1083 interpolationis
1009 1031 1059 1071 Et
1076 1034 1176 1071 nota
1196 1030 1309 1083 quod

275 1100 475 1141 differunt
512 1102 721 1154 splendor,
764 1103 908 1143 radius
939 1106 979 1143 et
1007 1103 1169 1152 lumen,
1211 1115 1309 1143 011111

274 1171 417 1211 omnia
437 1172 579 1212 dicant
606 1173 870 1213 influentiam
898 1186 923 1214 a
942 1174 1154 1214 luminoso
1177 1184 1186 1212 ε
1209 1174 1311 1226 quia

274 1243 419 1283 radius
450 1244 547 1284 dicit
579 1245 849 1285 emissionem
883 1246 1117 1286 secundum
1148 1246 1310 1286 diame-

274 1314 423 1356 tralem
455 1315 719 1367 distantiam3
760 1318 923 1367 lumen,
958 1317 1196 1358 secundum
1229 1316 1310 1357 cir—

274 1388 624 1429 cumferentiam:
660 1390 860 1442 utrinque
889 1392 1029 1429 tamen
1061 1389 1105 1428 in
1134 1388 1310 1441 profun-

274 1457 376 1498 dum
397 1459 711 1500 transferentis:
739 1460 935 1513 splendor
965 1460 1063 1500 dicit
1085 1472 1310 1513 repercus—

275 1530 436 1571 sionem
472 1531 522 1571 ad
563 1544 714 1585 corpus
750 1536 1038 1586 transparenS,
1081 1535 1243 1573 tersum
1272 1536 1312 1573 et

275 1601 520 1643 limitatum.
558 1603 635 1643 Sed
670 1606 813 1644 tamen
850 1604 918 1644 hic
956 1605 1158 1656 Origenes
1195 1608 1312 1645 notat

276 1675 557 1727 splendorem,
582 1675 729 1716 lumen
746 1676 1022 1728 progrediens
1041 1689 1065 1716 a
1084 1676 1193 1717 luce.

331 1747 388 1787 Ad
417 1747 520 1787 illud
542 1759 645 1798 ergo
674 1748 784 1799 quod
810 1747 1022 1799 objicitur,
1045 1748 1158 1800 quod
1178 1747 1311 1788 Filius

277 1820 337 1857 est
356 1817 453 1867 lux;
477 1818 717 1867 dicendum,
740 1818 852 1870 quod
874 1829 950 1858 lux
969 1817 1095 1858 habet
1114 1818 1158 1857 in
1176 1830 1219 1858 se
1239 1830 1312 1857 na-

276 1891 417 1929 turam
439 1889 750 1940 manifestandi,
781 1892 821 1929 et.
840 1889 897 1930 ita
917 1889 1086 1942 respicit
1104 1889 1312 1941 cognitio-

277 1972 390 2011 nem,
412 1963 451 2000 et
474 1961 771 2015 appropriatur
791 1961 821 2001 F
825 1961 918 2012 ilio3
941 1961 1069 2002 habet
1087 1961 1133 2002 in
1154 1975 1196 2001 se
1221 1961 1310 2001 vim

277 2031 601 2083 multiplicandi,
639 2031 729 2072 sive
761 2033 995 2084 generandi
1025 2033 1309 2086 splendorem,

276 2103 317 2141 et
333 2101 392 2142 ita
410 2102 709 2155 appropriatur
726 2102 855 2144 Patri.

700 2236 792 2265 DUB.
827 2236 887 2264 XI.

280 2311 319 2342 Et
334 2311 424 2352 quod
447 2321 525 2344 cum
542 2315 756 2344 sacramento
776 2312 926 2345 scientiae
940 2322 1010 2345 suae
1031 2322 1072 2344 ex
1085 2322 1126 2344 eo
1147 2313 1309 2346 nascitur.

330 2393 505 2435 Videtur
524 2396 638 2436 enim
658 2396 767 2437 male
785 2397 937 2448 dicere,
959 2396 1059 2450 quia
1075 2397 1311 2438 secundum

277 2465 358 2506 hoc
401 2467 514 2519 quod
557 2466 679 2508 Pater
717 2468 952 2509 secundum
998 2473 1311 2510 sacramentum

276 2537 460 2578 scientiae
490 2543 668 2591 generat
699 2539 886 2581 Filium:
919 2552 1023 2593 ergo
1052 2540 1226 2581 scientia
1251 2544 1313 2582 est

276 2609 383 2650 ratio
403 2610 652 2662 generandi.

333 2679 454 2735 Resp.
475 2681 723 2732 Dicendum,
744 2684 857 2736 quod
879 2683 1064 2725 Hilarius
1084 2688 1206 2726 vocat
1229 2684 1311 2725 hoc

278 2756 592 2794 sacramentum
610 2766 778 2795 sacrum
796 2757 1006 2796 secretum
1025 2771 1033 2794 :
1054 2755 1154 2796 dicit
1167 2759 1311 2797 autem

280 2821 436 2864 Filium
455 2827 569 2866 nasci
590 2839 689 2867 cum
709 2830 971 2867 sacramento
990 2828 1190 2879 scientiae,
1211 2828 1312 2881 quia

279 2892 370 2933 Filii
391 2897 610 2947 generatio
635 2910 721 2938 non
743 2901 910 2938 tantum
931 2910 1063 2949 sacra,
1089 2899 1160 2939 sed
1184 2899 1311 2940 etiam

280 2971 438 3007 secreta
466 2972 555 3010 est:
591 2982 693 3021 non,
725 2970 918 3023 inquam,
941 2969 1024 3011 Deo
1043 2974 1216 3020 secreta,
1240 2970 1311 3011 sed

280 3037 400 3077 nobis
419 3052 427 3079 :
451 3040 550 3092 quia
569 3053 646 3081 nos
665 3054 759 3082 eam
779 3054 867 3082 non
894 3042 1308 3095 comprehendimus,

279 3107 367 3160 ipse
399 3113 542 3150 autem
574 3112 753 3164 perfecte
783 3113 903 3153 novit
929 3125 1038 3155 eam.
1064 3113 1161 3155 Ideo
1189 3114 1308 3167 dicit,

284 3195 303 3218 ((
316 3192 415 3221 cum
432 3187 707 3235 sacramento,
722 3198 741 3222 »
763 3187 842 3225 etc.

693 3304 769 3332 DUB
776 3323 784 3332 .
817 3305 875 3333 XII
882 3324 891 3334 .

596 3378 692 3415 Quod
708 3382 820 3413 autem
842 3390 886 3413 ex
899 3381 991 3414 vivo.

333 3458 507 3501 Videtur
536 3461 618 3503 11οο
648 3462 823 3514 falsum3
861 3466 961 3517 quia
992 3478 1099 3519 puer
1123 3466 1312 3507 nascitur

323 3543 334 3564 ¹
350 3543 469 3585 Hilar.,
487 3544 526 3576 de
547 3545 681 3585 Triuit„
708 3546 767 3578 lib.
787 3547 859 3579 Vll.
879 3565 920 3571 —
937 3548 951 3569 2
964 3548 1105 3590 Dionys.
1125 3551 1310 3591 Areopag„

1048 218 1457 269 SENTENTIARUM
1486 223 1582 264 LIB.
1616 223 1646 263 l.

1380 315 1430 356 de
1443 317 1557 367 patre
1567 317 1606 353 et
1621 316 1753 353 matre
1766 311 2025 358 viventibus,
2041 315 2080 352 et
2090 316 2230 353 tamen
2245 316 2410 354 utrum-

1381 398 1463 438 que
1494 385 1635 435 habet,
1658 384 1814 424 scilicet
1833 382 2193 435 imperfectionem
2220 387 2260 424 et
2285 384 2411 424 novi-

1381 459 1523 496 tatem.

1436 529 1557 581 Resp.
1574 528 1692 569 Ratio
1702 527 1848 569 Hilarii
1864 528 1889 577 ¹,
1901 527 2008 566 sicut
2020 528 2131 579 patet
2142 538 2216 578 per
2229 527 2411 567 litteram

1382 605 1643 654 sequentem,
1664 599 1940 652 intelligenda
1968 601 2029 639 est
2055 597 2105 638 de
2131 598 2232 638 vivo
2260 610 2334 651 per
2352 611 2412 638 es-

1382 672 1574 713 sentiam.
1598 671 1678 712 Ubi
1697 672 1813 713 enim
1833 674 1894 712 est
1915 671 2064 711 vivens
2080 682 2154 723 per
2171 670 2409 721 essentiam,

1382 756 1469 784 11011
1491 745 1539 783 111
1558 756 1612 784 ex
1635 756 1721 783 non
1749 743 1849 785 vivo
1871 742 2034 792 vivens,
2056 741 2165 781 sicut
2197 742 2243 780 tit
2271 740 2314 780 in
2344 741 2411 780 vi-

1383 818 1508 856 vente
1528 827 1603 868 per
1626 814 2006 868 participationem,
2027 812 2101 853 ubi
2120 824 2207 852 non
2234 824 2415 863 genera—

1383 890 1452 927 tur
1467 887 1615 927 vivum
1638 899 1691 927 ex
1705 887 1820 937 vivo,
1837 886 1919 926 nisi
1940 898 2014 939 per
2035 885 2200 933 vivum,
2216 886 2265 924 ut
2285 886 2410 936 patet,

1383 958 1484 1011 quia
1514 958 1644 998 homo
1676 969 1760 997 non
1788 960 2014 1009 generatur
2049 968 2102 996 ex
2121 955 2310 1006 homine,
2335 954 2416 994 nisi

1384 1030 1596 1071 mediante
1616 1029 1791 1070 semine.

1797 1156 1888 1185 DUB.
1914 1156 2004 1183 XIII.

1426 1237 1542 1275 Neque
1563 1242 1605 1265 ex
1622 1232 1844 1274 derivatione,
1865 1233 1925 1264 sed
1945 1242 1986 1264 ex
1998 1232 2122 1264 virtute
2142 1232 2299 1264 nativitas
2313 1235 2374 1264 est.

1437 1318 1612 1359 Videtur
1631 1317 1742 1357 male
1765 1317 1918 1367 dicere,
1941 1316 2041 1369 quia
2066 1317 2299 1357 secundum
2320 1315 2417 1356 Dio-

1386 1391 1559 1444 nysium
1576 1391 1590 1412 ‘²
1609 1393 1649 1431 et
1677 1389 1929 1430 Anselmum
1946 1392 1974 1439 ³,
2003 1388 2124 1429 Pater
2147 1401 2189 1429 se
2218 1388 2343 1428 habet
2366 1388 2417 1427 ad

1385 1463 1544 1504 Filium
1575 1465 1615 1502 et
1641 1462 1848 1515 Spiritum
1877 1463 2074 1501 sanctum
2095 1463 2141 1501 ut
2159 1461 2266 1511 fons,
2290 1463 2330 1500 et
2360 1459 2419 1499 illi

1386 1538 1434 1575 ut.
1451 1534 1582 1575 rivuli
1606 1546 1615 1573 :
1639 1533 1709 1573 sed
1731 1533 1850 1573 rivus
1879 1535 1940 1573 est
1971 1545 1995 1572 a
2021 1532 2133 1572 fonte
2160 1544 2234 1585 per
2254 1532 2419 1572 deriva-

1387 1606 1560 1646 tionem.

1442 1677 1561 1730 Resp.
1594 1676 1840 1726 Dicendum,
1872 1676 1986 1728 quod
2006 1676 2221 1724 nativitaS,
2247 1687 2343 1728 quae
2360 1679 2421 1716 est

1386 1762 1460 1802 per
1500 1748 1830 1796 derivationem,
1861 1747 2092 1788 attenditur
2128 1751 2338 1800 quantum
2370 1747 2419 1787 ad

1385 1821 1784 1860 transmutationem
1815 1819 2003 1872 aliquam
2035 1819 2145 1860 circa
2174 1820 2278 1860 illud
2307 1820 2419 1873 quod

1385 1896 1710 1944 transmutatur,
1746 1897 1786 1934 et
1806 1893 1863 1933 ita
1891 1893 1989 1933 dicit
2008 1892 2246 1946 passionem
2267 1904 2422 1944 quam—

1385 1966 1498 2015 dam,
1533 1978 1581 2005 ac
1610 1977 1685 2017 per
1714 1965 1794 2005 hoc
1826 1965 2137 2014 infirmitatem3
2169 1964 2240 2005 sed
2272 1964 2421 2005 vivens

1386 2037 1501 2090 quod
1515 2040 1576 2078 est
1589 2037 1677 2078 'vita
1691 2039 1753 2077 est
1770 2039 1890 2077 actus
1904 2049 2052 2090 purus,
2072 2039 2113 2077 et
2126 2036 2183 2076 ita
2198 2035 2283 2076 vita
2296 2047 2418 2088 pura,

1385 2108 1429 2148 in
1449 2121 1533 2161 qua
1562 2120 1649 2149 non
1682 2111 1743 2149 est
1766 2108 2005 2158 infirmitas,
2034 2107 2106 2148 sed
2136 2119 2243 2160 pura
2275 2110 2418 2147 actua-

1384 2179 1478 2220 litas
1499 2192 1509 2220 :
1531 2182 1572 2220 et
1592 2179 1686 2220 ideo
1703 2179 1797 2220 vult
1816 2178 2000 2220 Hilarius
2018 2179 2155 2219 dicere
2168 2178 2281 2231 quod
2300 2177 2422 2218 Pater

1386 2263 1598 2304 generans
1616 2254 1676 2291 est
1695 2253 1782 2291 tota
1800 2250 1887 2291 vita
1907 2265 1915 2291 z
1935 2253 1975 2290 et
1993 2250 2108 2303 quod
2124 2251 2316 2302 generat,
2335 2260 2422 2289 non

1387 2326 1449 2363 est
1479 2335 1553 2376 per
1583 2322 1840 2375 passionem,
1872 2322 1939 2364 vel
1969 2321 2317 2371 demutationem,
2346 2333 2422 2361 seu

1387 2393 1732 2444 diminutionem,
1770 2406 1866 2446 quae
1908 2393 2140 2434 attenditur
2177 2393 2222 2433 in
2253 2392 2422 2434 deriva-

1386 2467 1521 2516 tione3
1546 2465 1617 2506 sed
1637 2478 1712 2519 per
1732 2466 2023 2507 omnimodam
2049 2465 2253 2506 virtutem
2275 2479 2283 2506 :
2315 2476 2420 2516 ergo

1386 2537 1517 2579 Filius
1550 2537 1720 2590 genitus
1749 2541 1809 2578 est
1830 2537 1981 2588 virtus,
2009 2549 2096 2578 non
2124 2549 2198 2590 per
2217 2536 2418 2577 mutatio-

1386 2621 1487 2650 nem
1504 2611 1644 2649 natus.

1791 2675 1881 2704 DUB.
1912 2674 2002 2704 xiv.

1450 2746 1515 2779 Ubi
1533 2749 1647 2778 autem
1665 2749 1762 2788 pater
1783 2749 1900 2779 auctor
1918 2749 1968 2778 est
1978 2770 1988 2787 ,
2008 2745 2055 2777 ibi
2075 2748 2108 2778 et
2125 2745 2281 2778 nativitas
2299 2749 2360 2779 est.

1439 2822 1614 2865 Videtur
1634 2824 1744 2876 quod
1768 2824 1999 2877 improprie
2020 2822 2128 2864 dicat
2144 2826 2171 2874 ³,
2191 2823 2293 2876 quia
2313 2836 2418 2864 auc—

1387 2895 1532 2935 toritas
1549 2895 1647 2935 dicit
1667 2896 1953 2936 causalitatem
1973 2909 1981 2935 :
2004 2895 2075 2936 sed
2094 2895 2187 2936 haec
2206 2908 2292 2936 non
2308 2897 2417 2937 reci-

1388 2965 1503 3018 pitur
1521 2966 1566 3006 in
1586 2966 1742 3007 divinis
1763 2982 1771 3007 :
1794 2979 1913 3019 ergo,
1937 2969 2014 3007 etc.

1453 3037 1576 3091 Resp.
1621 3037 1852 3080 Dicendum
1890 3038 2004 3092 quod
2046 3039 2271 3080 auctoritas
2317 3040 2419 3081 dicit

1387 3109 1618 3162 quamdam
1648 3109 2003 3163 principalitatem
2021 3141 2030 3158 ,
2068 3109 2158 3150 sive
2191 3112 2418 3152 auctorita—

1386 3183 1487 3232 tem,
1508 3181 1553 3221 in
1571 3193 1751 3234 persona
1770 3192 1866 3234 quae
1886 3180 1993 3220 nihil
2011 3180 2138 3222 habet
2155 3182 2208 3222 ab
2227 3182 2323 3230 alio,
2346 3182 2417 3223 sed

1387 3252 1439 3292 ab
1458 3252 1547 3305 ipsa
1567 3252 1613 3305 (b)
1631 3264 1778 3293 omnes
1801 3263 1811 3291 :
1832 3254 1872 3292 et
1889 3252 1967 3291 ista
1985 3253 2213 3294 auctoritas
2231 3253 2277 3294 in
2294 3253 2415 3293 Patre

1387 3325 1450 3364 est
1465 3323 1766 3365 innascibilitas
1788 3337 1797 3364 ε
1818 3323 1930 3364 unde
1960 3335 2046 3364 non
2070 3324 2168 3365 dicit
2192 3323 2418 3366 causalita-

1386 3400 1426 3432 de
1444 3401 1521 3433 Dz'v.
1535 3402 1683 3441 Nomia„
1699 3411 1728 3434 0.
1746 3409 1827 3434 11.—-
1839 3401 1850 3419 ³
1867 3401 2033 3443 Ansehn„
2054 3402 2093 3433 de
2111 3403 2292 3443 Itzcarnat„
2311 3412 2341 3435 0.
2356 3410 2416 3435 vn.

1389 3466 1430 3471 —
1445 3450 1457 3470 Β
1474 3449 1538 3482 Ubi
1559 3459 1674 3492 supra.

1389 3502 1474 3581 edgz)
1488 3504 1596 3592 iss'scgt.
1631 3504 1706 3535 Ven.
1734 3504 1810 3534 1751
1827 3526 1838 3542 ,
1859 3511 2034 3545 egressus,
2062 3503 2160 3536 male.
2189 3522 2223 3526 —
2261 3504 2305 3545 (b)
2336 3504 2415 3536 Coet.
