2613 3990
1090 313 1341 355 DISTINCT.
1374 313 1441 354 VI.

204 411 364 452 minem
386 408 620 462 arguendo,
649 407 707 447 ibi
729 419 738 447 :
761 407 962 447 Dicamus
989 413 1099 456 erqo,
1127 402 1227 444 Ver-

205 482 301 523 bum
321 481 398 522 Dei
420 491 505 523 esse
526 480 683 521 Filiam
708 477 794 518 Dei.
816 475 954 516 Tertio
971 486 1073 515 vero
1093 485 1225 527 oppo-

205 552 268 594 nit
300 554 444 593 contra
471 551 714 605 praedictam
745 547 1021 594 solutionem,
1061 548 1101 586 et
1135 557 1227 585 res-

204 623 361 678 pondet
384 623 442 663 ibi
466 637 474 664 :
499 621 578 664 Sed
604 623 750 662 contra
775 618 851 660 hoc
873 618 1103 670 opponitur
1134 617 1195 658 sic
1215 630 1228 656 .-

212 695 419 738 Volzmtas
446 695 541 744 Dei,
563 694 639 732 eto.
673 690 829 740 Quarto
857 691 897 730 et
920 689 1093 739 ultimo,
1123 687 1230 728 redit

207 767 260 808 ad
293 765 633 819 explanationem
664 762 815 815 primae
852 759 1092 809 solutionis,
1122 758 1180 798 ibi
1217 772 1226 798 ε

206 838 424 881 Proedicta
458 840 599 880 tamen
636 833 786 884 verba,
819 833 973 886 quibus
999 830 1231 885 prudenter

208 909 370 952 dictum
395 911 478 959 est,
507 905 583 947 ubi
608 905 808 958 explanat
835 904 1088 946 solutionem
1115 914 1229 955 prze-

208 981 410 1024 habitam.

643 1042 734 1071 Duss.
765 1042 793 1070 1.

427 1118 495 1150 Nec
512 1116 697 1158 voluntate,
717 1125 782 1148 nec
800 1114 1014 1147 necessitate.

262 1196 439 1238 Videtur
485 1194 699 1235 sufficiens
742 1192 905 1234 divisio.
950 1191 1082 1233 Omne
1120 1190 1233 1231 enim

210 1266 325 1322 quod
344 1266 454 1307 Deus
472 1265 589 1315 facit,
619 1267 692 1306 aut
713 1263 807 1305 facit
827 1263 1089 1313 naturaliter,
1118 1264 1157 1302 et
1177 1261 1235 1301 sic

208 1337 444 1381 necessario
459 1369 470 1388 ,
492 1339 566 1378 aut
585 1336 839 1377 voluntarie.
863 1334 906 1375 Si
924 1338 972 1375 tu
991 1334 1102 1374 dicas
1121 1333 1236 1386 quod

209 1411 297 1464 ipse
325 1408 551 1462 respondet
582 1408 634 1448 ad
664 1407 925 1447 intellectum
951 1405 1165 1454 haeretici,
1197 1407 1237 1445 et

209 1480 436 1523 haereticus
472 1479 670 1531 intelligit
711 1478 762 1519 de
807 1478 1026 1519 voluntate
1066 1479 1236 1517 antece-

211 1554 358 1604 dente,
393 1554 433 1593 et
466 1551 710 1592 necessitate
741 1549 1097 1599 inevitabilitatis3
1129 1548 1238 1600 obji-

213 1626 322 1667 citur
358 1623 473 1677 quod
511 1622 644 1663 oratio
683 1620 962 1661 nihilominus
1008 1620 1053 1659 in
1093 1631 1136 1660 se
1178 1622 1240 1660 est

213 1695 438 1749 multiplex
456 1709 465 1735 :
483 1694 568 1745 sed,
590 1693 664 1746 qui
688 1692 911 1745 respondet
929 1690 1110 1731 orationi
1132 1690 1240 1731 mul-

213 1769 343 1823 tiplici
359 1766 602 1821 simpliciter
628 1765 900 1816 affirmando,
926 1764 995 1806 vel
1013 1763 1211 1816 negando
1227 1795 1237 1813 ,

215 1841 325 1881 male
344 1838 587 1893 respondet,
607 1837 841 1878 secundum
862 1836 976 1890 quod
991 1835 1090 1877 dicit
1103 1834 1241 1875 Philo-

216 1911 376 1966 sophus
392 1911 403 1932 ¹
423 1922 433 1951 :
457 1921 560 1962 ergo
574 1941 583 1959 ,
605 1911 683 1949 etc.

269 1982 390 2035 Resp.
424 1981 684 2029 Dicendum,
709 1979 823 2033 quod
853 1979 1122 2032 Augustinus
1150 1991 1242 2020 res-

215 2053 370 2107 pondet
417 2051 653 2093 secundum
697 2050 957 2091 intellectum
998 2050 1187 2091 haeretici
1231 2064 1240 2091 ε

215 2123 411 2178 quamvis
441 2125 586 2164 autem
614 2122 749 2163 oratio
776 2122 821 2162 in
843 2134 887 2163 se
913 2122 966 2162 sit
992 2122 1240 2175 multipleX3

215 2196 318 2250 quia
353 2198 497 2236 tamen
524 2194 751 2235 haereticus
786 2194 832 2234 in
870 2206 957 2235 11110
986 2206 1114 2235 5011511
1149 2206 1243 2235 eam

215 2267 383 2322 accipit,
400 2269 492 2321 jam
518 2266 805 2320 multiplicitas
822 2266 894 2306 illa
913 2278 1000 2307 non
1017 2267 1171 2307 faceret
1189 2267 1245 2308 ad

216 2339 495 2388 solvendum,
533 2338 635 2392 quia
667 2350 756 2379 non
792 2339 979 2392 procedit
1009 2339 1245 2380 secundum

217 2412 348 2452 illam.
376 2410 457 2452 Sed
481 2409 689 2451 distinctio
714 2410 1011 2463 propositionis
1034 2410 1247 2464 multipli-

220 2483 304 2534 cis,
341 2483 510 2536 quando
549 2482 784 2523 secundum
812 2482 928 2522 illam
956 2482 1247 2535 multiplicita-

220 2558 308 2597 tem
325 2567 412 2596 non
430 2554 538 2597 cadit
556 2553 743 2607 deceptio
756 2586 767 2605 ,
795 2555 934 2606 magis
955 2556 1017 2594 est
1034 2554 1088 2594 ad
1107 2556 1244 2595 osten-

221 2626 445 2680 tationem,
480 2639 611 2681 quam
641 2626 694 2667 ad
722 2637 871 2666 veram
904 2625 1240 2679 responsionem.

653 2749 744 2778 DUB.
767 2748 813 2777 11.

226 2824 378 2860 Verbum
397 2823 481 2865 Dei,
501 2832 576 2856 esse
595 2823 715 2856 Filium
733 2822 796 2856 Dei
813 2824 933 2855 natura
945 2846 956 2864 ‚
973 2831 1044 2854 non
1065 2821 1249 2856 voluntate.

277 2910 452 2954 Videtur
468 2922 556 2951 non
574 2910 682 2951 bene
707 2909 868 2960 dicere,
893 2908 995 2962 quia
1021 2907 1144 2949 Pater
1168 2908 1252 2949 alio

227 2984 289 3025 est
306 2982 438 3033 Deus,
458 2982 542 3024 alio
561 2983 623 3023 est
651 2981 795 3031 Pater3
819 2981 919 3034 quia
947 2980 1165 3023 divinitate
1194 2982 1255 3021 est

228 3054 336 3096 Deus
351 3087 362 3106 ,
403 3056 445 3096 et
485 3053 735 3108 paternitate
780 3055 841 3093 est
884 3051 1030 3104 Pater,
1070 3053 1119 3094 ut
1155 3051 1255 3093 dicit

230 3125 497 3180 Augustinus
524 3131 556 3166 ².
592 3125 674 3167 Sed
713 3123 845 3165 Filius
873 3126 936 3165 est
963 3123 1072 3164 Deus
1099 3125 1256 3164 natura

230 3196 460 3240 divinitatis
492 3213 502 3240 :
531 3209 636 3251 ergo
669 3196 749 3238 hac
779 3208 868 3237 non
905 3196 1066 3237 dicetur
1094 3194 1227 3236 Filius
1241 3227 1252 3247 ,

232 3268 304 3310 sed
321 3269 414 3322 ipsa
436 3269 651 3311 filiatione.

285 3339 407 3394 Resp.
423 3340 669 3393 Dicendum,
689 3339 804 3395 quod
819 3339 888 3380 ille
902 3339 1112 3383 ablativus
1122 3341 1258 3394 potest

235 3410 420 3451 construi
437 3411 667 3462 fomaliter3
690 3413 731 3453 et
751 3410 809 3451 sic
826 3410 929 3451 falsa
950 3413 1034 3463 est,
1056 3411 1158 3464 quia
1176 3411 1259 3451 for-

236 3480 404 3522 maliter
424 3482 505 3524 alio
524 3486 585 3525 est
602 3483 726 3535 DeuS,
750 3482 906 3524 scilicet
925 3484 1092 3535 natura,
1119 3485 1160 3524 et
1175 3482 1258 3523 alio

237 3552 382 3594 Filius.
424 3552 562 3596 Potest
590 3556 746 3597 iterum
776 3555 966 3596 construi
992 3554 1256 3608 orignaliter,

283 3636 294 3658 ¹
308 3635 423 3677 Arist„
444 3635 584 3668 Elenclz.>
596 3637 656 3669 lib.
673 3639 708 3680 1,
729 3648 759 3670 c.
774 3645 814 3670 111
834 3639 867 3670 et
882 3645 952 3669 xiv.
967 3654 1008 3660 —
1023 3637 1034 3655 ²
1050 3638 1205 3680 August„
1223 3636 1261 3668 cle

2245 314 2322 351 119

1302 404 1342 443 et
1370 402 1415 442 in
1443 400 1605 442 ratione
1638 399 1854 454 principii3
1889 400 1930 439 et
1959 398 2016 438 sic
2047 410 2149 439 vera
2170 401 2255 450 est,
2284 401 2324 439 et

1302 476 1363 514 est
1382 484 1529 514 sensus
1546 504 1556 523 ,
1579 472 1677 525 quia
1697 471 1830 512 Filius
1850 473 1993 511 ortum
2016 469 2142 510 habet
2160 482 2184 510 a
2204 469 2325 511 Patre

1303 544 1502 585 naturali.

1727 607 1818 636 DUB.
1846 607 1910 634 111.

1481 684 1587 716 Acute
1606 692 1685 715 sane
1706 682 1843 724 quidam
1861 680 2037 722 respondit
2048 705 2058 721 ,
2078 682 2143 711 etc.

1358 765 1510 806 Contra
1549 779 1558 805 :
1598 763 1867 816 Augustinus
1905 760 2172 803 commendat
2206 759 2330 800 istam

1306 837 1586 885 solutionem,
1620 847 1716 888 quae
1754 846 1842 874 non
1873 835 1935 873 est
1969 830 2327 880 commendanda3

1306 907 1408 961 quia
1429 906 1708 960 multiplicare
1727 903 2048 954 inconveniens,
2069 914 2156 943 non
2174 903 2235 943 est
2253 900 2332 942 sol-

1307 991 1422 1022 vere.

1361 1050 1483 1104 Resp.
1509 1049 1740 1091 Dicendum
1754 1081 1764 1099 ,
1787 1047 1901 1101 quod
1922 1047 1982 1087 est
2007 1044 2159 1086 solutio
2181 1043 2233 1085 ad
2253 1043 2333 1084 ho-

1308 1122 1489 1172 minem,
1523 1124 1563 1162 et
1583 1123 1643 1162 est
1669 1120 1821 1161 solutio
1849 1119 1902 1159 ad
1927 1118 2160 1167 rationem,
2188 1118 2229 1156 et
2254 1114 2334 1155 ali-

1309 1194 1477 1248 quando
1492 1193 1643 1234 melius
1662 1196 1702 1234 et
1718 1192 1864 1233 utilius
1880 1193 1941 1231 est
1958 1189 2120 1230 solvere
2134 1188 2185 1229 ad
2199 1186 2336 1228 homi-

1309 1279 1432 1317 nem,
1455 1278 1585 1319 quam
1613 1265 1665 1305 ad
1689 1264 1899 1305 rationem
1927 1274 1938 1303 ι
1966 1262 2137 1314 utputa,
2166 1258 2335 1312 quando

1310 1338 1569 1392 respondeus
1594 1339 1655 1378 est
1680 1335 1875 1390 dyscolus
1890 1368 1899 1385 ,
1928 1335 1968 1374 et
1991 1344 2080 1373 non
2097 1331 2192 1373 vult
2210 1329 2337 1370 intel-

1309 1411 1445 1463 ligere
1464 1410 1702 1460 veritatem,
1727 1410 1767 1449 et
1787 1406 1956 1460 quando
1982 1404 2221 1446 assistentes
2239 1404 2340 1443 sunt

1312 1481 1535 1534 simplices,
1552 1484 1592 1521 et
1605 1493 1692 1521 11011
1707 1481 1884 1533 possunt
1900 1488 2048 1530 capere
2059 1475 2282 1517 veritatem
2298 1476 2340 1514 et

1313 1553 1613 1593 subtilitatem:
1632 1552 1741 1601 ideo,
1763 1550 1862 1603 quia
1880 1548 2105 1590 haereticus
2117 1546 2340 1588 veritatem

1313 1626 1556 1679 respuebat,
1580 1627 1621 1666 et
1647 1624 1973 1673 adversabatur3
2000 1620 2155 1662 idcirco
2184 1619 2341 1661 adver-

1315 1698 1425 1739 santi
1446 1701 1535 1738 erat
1562 1696 1899 1746 adversandum,
1922 1696 1962 1734 et
1985 1691 2058 1733 tali
2087 1691 2234 1742 modo,
2254 1702 2341 1743 quo

1315 1770 1453 1823 inagis
1480 1770 1721 1823 privaretur
1740 1767 1896 1820 gloria,
1921 1768 1961 1806 et
1979 1765 2243 1813 assistentes,
2264 1762 2343 1803 fal-

1314 1843 1433 1884 lacia.
1466 1842 1562 1883 Ideo
1589 1840 1856 1882 commendat
1878 1839 2002 1879 istam
2023 1835 2343 1890 responsionem

1317 1915 1588 1968 Augustinus
1607 1946 1615 1964 ,
1656 1913 1769 1966 quod
1808 1911 2028 1952 manifeste
2060 1910 2344 1963 opponentem

1317 2001 1394 2029 sua
1426 1987 1661 2040 quaestione
1688 1985 1855 2038 ligavit.
1888 1984 2012 2024 Hunc
2045 1993 2150 2034 ergo
2169 1980 2347 2021 modum

1318 2059 1598 2113 respondendi
1625 2058 1766 2099 docuit
1790 2056 1996 2098 Dominus
2011 2087 2021 2105 ,
2043 2066 2141 2095 cum
2169 2052 2277 2094 dixit
2294 2052 2308 2074 ³
2330 2065 2340 2093 :

1318 2134 1570 2186 Baptismus
1608 2132 1790 2174 Jocumz’s
1829 2129 1880 2172 cle
1908 2128 2005 2172 coelo
2042 2129 2132 2170 erac
2147 2158 2158 2177 ‚
2195 2135 2252 2167 cm
2294 2122 2345 2166 de

1319 2206 1560 2250 hominibus
1577 2205 1597 2246 ‚9
1619 2207 1696 2245 etc.

1376 2279 1480 2320 Item
1513 2277 1735 2331 quaeritur,
1769 2287 1868 2316 cum
1900 2285 1988 2314 non
2017 2271 2070 2312 sit
2096 2280 2349 2323 responsum

1321 2352 1374 2393 ad
1402 2350 1630 2400 rationem,
1662 2346 1876 2401 quomodo
1905 2342 2249 2398 respondendum
2281 2340 2348 2381 sit.

1321 2423 1498 2465 Videtur
1517 2421 1630 2475 quod
1650 2419 1801 2461 divisio
1819 2416 2008 2458 haeretici
2026 2415 2078 2456 sit
2100 2426 2175 2468 per
2194 2413 2350 2454 imme-

1322 2495 1432 2536 diata
1446 2527 1457 2545 ,
1479 2493 1581 2546 quia
1604 2492 1711 2533 velle
1744 2493 1785 2531 et
1807 2489 1919 2530 nolle
1949 2488 2227 2542 opponuntur
2249 2496 2351 2525 con-

1322 2564 1583 2615 tradictorie,
1610 2564 1719 2604 inter
1747 2573 1843 2615 quas
1873 2573 1961 2601 non
1993 2559 2103 2600 cadit
2133 2558 2347 2607 medium;

1325 2641 1365 2680 et
1382 2636 1607 2679 dicendum
1627 2634 1679 2675 ad
1699 2634 1806 2683 11εο0,
1828 2632 1941 2686 quod
1956 2631 2182 2672 haereticus
2196 2627 2351 2683 quaerit

1324 2710 1375 2751 de
1395 2709 1612 2750 voluntate
1631 2705 1866 2756 accedente,
1887 2704 1976 2746 sive
1994 2703 2044 2744 de
2058 2701 2346 2750 antecedente3

1325 2784 1365 2823 et
1383 2784 1486 2822 tunc
1506 2781 1657 2820 neutra
1676 2789 1773 2831 pars
1793 2778 1854 2817 est
1869 2788 1984 2826 vera,
2003 2786 2081 2815 nec
2098 2775 2198 2814 sunt
2214 2784 2354 2813 mem-

1324 2855 1401 2895 bra
1430 2852 1619 2906 opposita
1650 2847 1991 2898 contradictorie,
2025 2845 2098 2886 sed
2129 2844 2350 2885 contrarie.

1327 2925 1446 2967 Nolle
1473 2924 1588 2965 enim
1614 2925 1655 2963 et
1684 2920 1791 2980 velle
1812 2920 1957 2961 dicunt
1987 2919 2105 2958 actus
2125 2915 2355 2958 voluntatis

1327 2996 1574 3046 contrarios,
1589 2995 1698 3034 inter
1714 3004 1821 3046 quos
1839 2990 1947 3031 cadit
1966 2988 2177 3030 medium:
2195 2987 2355 3040 aliquid

1327 3070 1444 3112 enim
1463 3071 1538 3118 est,
1560 3067 1752 3120 respectu
1770 3063 1835 3115 cuj
1843 3074 1893 3103 us
1907 3060 2104 3103 voluntas
2119 3071 2207 3101 non
2225 3059 2353 3099 habet

1330 3142 1539 3183 rationem
1575 3148 1739 3188 causae,
1771 3147 1849 3176 nec
1875 3131 2200 3187 repugnantiae3
2228 3132 2269 3172 et
2299 3129 2357 3170 ita

1329 3214 1444 3268 patet
1462 3211 1582 3253 illud.

1753 3299 1843 3328 DUB.
1873 3298 1932 3327 IV.

1652 3387 1737 3418 Nam
1757 3387 1790 3418 et
1808 3383 2033 3426 praescientia.

1384 3482 1557 3525 Videtur
1575 3480 1730 3521 falsum
1757 3479 1894 3520 dicere
1920 3478 1971 3519 de
2002 3475 2175 3517 scientia
2196 3472 2285 3523 Dei,
2319 3473 2360 3513 et

1332 3552 1593 3609 praescientia
1625 3551 1676 3593 de
1709 3550 1832 3592 bonis
1863 3551 1904 3591 et
1933 3547 2069 3589 malis.
2106 3545 2210 3586 Dicit
2242 3543 2359 3586 enim

1337 3634 1467 3673 Trinit„
1501 3633 1560 3664 lib.
1584 3633 1642 3665 vll
1657 3656 1667 3673 ,
1694 3641 1725 3663 c.
1742 3634 1806 3672 Μ,
1827 3631 1993 3670 11.ξ11.-
2013 3629 2026 3650 ³
2046 3625 2181 3666 Mami„
2201 3633 2282 3666 xxi,
2306 3626 2359 3657 25.
