2613 3990
46 3304 159 3332 Funda-

22 3349 124 3374 menta·

870 268 998 310 DIST.
1029 268 1096 309 IX.
1126 267 1244 308 ART.
1278 267 1308 308 I.
1340 267 1534 317 QUAEST.
1563 267 1612 308 ΙΙ.

181 360 343 410 partem
372 358 455 398 sui.
489 357 556 399 Sic
586 362 702 411 pater
726 358 930 399 naturalis
957 359 1132 408 generat
1150 357 1202 395 fi-

179 429 301 478 lium,
336 432 499 482 partem
529 430 772 470 substantiae
808 428 1132 469 transmittendo
1163 429 1203 468 et

180 501 404 542 decidendo
419 501 486 554 (a).
500 501 548 542 Et
559 502 650 543 haec
664 501 879 554 generatio
894 500 1126 541 necessario
1142 502 1203 540 est

181 584 278 612 cum
293 574 643 614 transmutatione
665 587 673 613 :
698 573 797 625 quia
812 572 926 612 enim
945 583 1042 624 pars
1067 571 1203 612 decisa

180 655 264 685 non
297 643 424 685 babet
455 647 596 685 actum
628 643 769 693 totius,
801 655 967 683 necesse
1000 645 1060 683 est
1089 643 1202 695 quod

181 728 256 768 per
275 716 550 757 mutationem
572 715 760 768 acquirat
779 729 787 755 :
811 715 881 755 sed
896 715 1011 767 quod
1027 714 1204 767 acquirit

182 788 292 840 quod
323 800 409 828 non
440 788 578 838 habet,
600 787 813 827 variatur:
844 786 936 826 ideo
958 786 1050 826 haec
1070 798 1203 838 gene-

180 858 285 899 ratio
305 861 366 899 est
385 859 576 907 mutatio,
598 859 638 898 et
655 857 781 898 habet
802 857 1080 898 variationem
1101 870 1202 898 con-

174 931 381 983 junctam.
398 929 469 970 Est
482 929 607 970 etiam
622 941 720 969 cum
735 929 1002 981 corruptione
1014 929 1198 978 adnexa3

177 1002 277 1054 quia
295 1002 410 1042 enim
428 1000 569 1053 aliqua
586 1012 684 1053 pars
700 999 923 1052 generanti
944 1000 1198 1053 deperditur,

178 1084 384 1125 generans
401 1074 463 1113 est
481 1085 505 1112 a
524 1083 609 1124 quo
628 1073 764 1124 potest
782 1071 875 1111 fieri
894 1071 1061 1120 ablatio,
1082 1075 1122 1112 et
1145 1072 1203 1111 ita

177 1144 401 1197 corruptio.
434 1143 504 1183 Est
534 1143 661 1183 etiam
695 1156 792 1183 cum
825 1143 1097 1185 conversione
1127 1144 1202 1184 ad-

171 1216 339 1267 juncta3
366 1215 468 1268 quia
487 1214 602 1255 enim
623 1215 670 1254 fit
689 1215 932 1268 deperditio,
954 1228 1121 1256 necesse
1141 1217 1203 1255 est

174 1287 287 1340 quod
317 1298 392 1340 per
416 1286 729 1327 nutrimentum
762 1287 835 1327 fiat
863 1287 1140 1327 restauratio:
1163 1289 1202 1327 et

173 1357 266 1399 ideo
287 1358 504 1410 generatio
517 1358 562 1397 in
581 1361 787 1409 creatura,
809 1361 849 1398 et
865 1358 1142 1411 perfectionis,
1162 1360 1203 1398 et

174 1429 498 1482 imperfectionis
514 1416 576 1470 est
595 1444 603 1469 :
625 1429 908 1482 perfectionis,
931 1442 955 1469 a
976 1432 1091 1481 parte
1110 1429 1201 1469 vir—

175 1500 277 1541 tutis
311 1500 603 1553 producentis;
647 1500 989 1552 imperfectionis,
1030 1513 1053 1540 a
1085 1503 1202 1553 parte

175 1572 352 1625 subjecti
372 1571 617 1612 divisibilis:
652 1573 692 1612 et
721 1571 814 1611 ideo
832 1574 893 1611 est
919 1571 963 1610 in
991 1571 1087 1611 solis
1106 1572 1200 1611 ani-

177 1644 299 1686 matis
328 1656 425 1697 qnae
451 1643 607 1684 habent
636 1643 817 1683 formam
848 1643 1127 1695 perfectionis,
1159 1643 1200 1683 id

177 1719 258 1767 est,
291 1716 494 1766 animam,
535 1717 575 1755 et
609 1714 656 1768 (b)
695 1715 836 1767 ipsum
869 1715 1023 1755 scilicet
1051 1727 1202 1768 corpus

175 1789 406 1830 defectibile
425 1792 465 1829 et
485 1788 774 1828 restaurabile.
796 1787 1016 1828 Generatio
1035 1800 1136 1829 vero
1157 1788 1202 1828 in

175 1861 330 1902 divinis
365 1864 425 1901 est
463 1859 719 1901 omnimodae
760 1859 1046 1912 perfectionis;
1089 1859 1202 1911 quod

175 1932 289 1972 enim
306 1944 392 1973 non
419 1933 480 1972 est
500 1943 554 1972 ex
573 1933 704 1983 parte,
727 1930 819 1970 ideo
841 1932 916 1979 est,
945 1930 1046 1983 quia
1075 1930 1201 1971 habet

175 2006 272 2044 actu
291 2003 472 2056 speciem
493 2017 502 2043 ε
527 2005 568 2043 et
586 2002 679 2043 ideo
708 2015 785 2043 nec
810 2002 870 2042 ibi
898 2004 959 2042 est
984 2002 1028 2042 in
1049 2005 1202 2042 natura

174 2075 456 2129 imperfecti03
480 2087 558 2116 nec
576 2074 774 2125 variatio,
797 2074 896 2127 quia
915 2074 1022 2114 nihil
1039 2086 1200 2115 novum

173 2146 430 2200 acquiritur3
452 2159 530 2187 nec
548 2145 775 2199 corruptio,
800 2145 899 2198 quia
920 2145 1025 2185 nihil
1045 2146 1201 2186 adimi-

173 2221 243 2259 tur
252 2233 262 2269 ;
293 2231 371 2259 nec
397 2219 587 2268 nutritio,
622 2218 722 2271 quia
749 2217 856 2257 nihil
875 2217 1126 2258 restituitur.
1150 2217 1202 2258 Et

174 2300 227 2330 ex
240 2291 321 2331 hoc
335 2292 449 2344 patet
467 2290 618 2332 solutio
636 2290 915 2342 obJectorum,
942 2289 1043 2342 quia
1062 2302 1200 2342 gene-

173 2361 280 2403 ratio
295 2362 346 2403 de
360 2364 447 2403 toto
461 2364 521 2403 est
536 2363 664 2402 tantae
682 2361 962 2414 perfectionis,
982 2362 1096 2414 quod
1113 2374 1199 2402 non

172 2436 306 2486 potest
337 2445 426 2475 esse
461 2434 506 2473 in
540 2435 734 2474 creatura
770 2433 932 2486 aliqua3
982 2433 1198 2485 generatio

171 2517 273 2546 vero
292 2518 345 2546 ex
364 2508 482 2559 parte
499 2508 661 2546 tantam
689 2505 815 2545 habet
833 2505 1196 2558 imperfectionem

170 2577 428 2630 adiunctam,
453 2580 502 2618 ut
520 2588 606 2617 non
626 2576 755 2629 possit
771 2588 859 2616 esse
877 2575 988 2616 circa
1006 2576 1200 2617 substan-

169 2647 272 2688 tiam
288 2648 582 2690 invariabilem
601 2650 641 2688 et
654 2647 1015 2700 incorruptibilem
1032 2650 1072 2688 et
1092 2648 1200 2688 sim-

171 2719 336 2772 plicem,
369 2731 458 2760 non
481 2719 619 2760 solum
643 2719 688 2759 in
718 2721 870 2759 natura
899 2719 1098 2769 increata,
1123 2732 1199 2761 ve-

172 2802 270 2831 rum
295 2791 422 2832 etiam
448 2791 494 2831 in
521 2793 674 2832 natura
698 2793 850 2831 creata.
878 2790 984 2831 Aliae
1015 2792 1197 2832 rationes

174 2863 352 2914 probant
363 2863 414 2904 de
427 2862 701 2916 generatione
714 2873 811 2915 quae
825 2864 885 2902 est
901 2874 954 2903 ex
966 2865 1098 2915 parte,
1116 2866 1193 2903 etc.

525 3021 762 3073 QUAESTIO
793 3021 843 3062 II.

176 3126 238 3162 An
255 3128 296 3162 in
314 3126 447 3163 divinis
464 3129 645 3173 generatio
662 3128 864 3173 distinyztat
882 3128 978 3162 inter
997 3128 1198 3172 qiqnentem

560 3192 591 3223 et
609 3189 767 3233 qenitum
787 3186 811 3221 ¹.

232 3287 382 3329 Utrum
400 3291 614 3342 generatio
629 3291 675 3331 in
691 3289 846 3332 divinis
858 3289 910 3330 sit
922 3302 1198 3343 personarum

180 3359 435 3410 distinctiva,
451 3363 491 3402 et
500 3362 613 3414 quod
625 3363 697 3414 sic,
714 3362 951 3403 ostenditur
961 3362 1041 3404 hoc
1053 3364 1196 3405 modo:

222 3444 234 3466 1
250 3444 303 3484 Cf.
320 3445 355 3476 S.
371 3444 504 3485 Thom.,
522 3454 554 3485 p.
569 3446 594 3484 I,
608 3455 641 3486 q.
657 3454 778 3487 xxvm,
794 3449 855 3478 art.
874 3449 915 3486 2;
938 3447 1044 3488 Scot„
1064 3448 1075 3478 Ι
1096 3449 1199 3486 Seni„

181 3491 257 3523 dist.
273 3499 320 3532 xi,
342 3499 428 3532 q.11‚
449 3493 482 3523 et
503 3491 578 3523 dist.
593 3500 691 3534 xxvi,
710 3503 742 3535 q.
760 3502 790 3535 13
812 3494 923 3535 AEgid.
939 3495 1054 3534 Rom.,
1072 3495 1083 3524 l
1099 3496 1203 3534 Seni„

181 3538 256 3570 dist.
272 3546 320 3579 rx,
341 3546 422 3579 q.13
442 3538 613 3580 Richard.,
637 3541 647 3571 1
668 3541 772 3581 Seni„
791 3542 868 3573 dist.
883 3549 939 3582 IX,
961 3550 1057 3582 q.11;
1081 3542 1201 3582 Steph.

183 3586 318 3628 Brulef.,
333 3588 342 3618 l
359 3586 462 3624 Sent„
479 3586 555 3618 dist.
567 3595 614 3628 1x,
627 3596 715 3629 q.11;
731 3590 819 3621 Petr.
833 3589 874 3621 de
890 3590 1039 3630 Tar-ant„
1064 3591 1072 3621 Ι
1094 3590 1200 3629 Sem„

393 3657 490 3686 TOM.
520 3658 549 3687 Ι.

2222 280 2296 316 177

1277 357 1542 409 Augustinus
1556 356 1653 396 dicit
1668 357 1776 398 circa
1792 358 2049 413 principium
2067 361 2112 415 (c)
2134 364 2184 405 cle
2202 365 2297 406 Tri—

1275 429 1410 470 nz'tctte
1423 429 1461 468 ²:
1487 443 1504 467 «
1522 426 1555 467 N
1562 427 1645 468 ulla
1665 440 1732 469 res
1749 432 1809 470 est
1825 442 1921 482 quae
1936 431 2115 484 seipsam
2131 434 2295 486 gignat,

1275 503 1323 539 ut
1333 501 1386 540 sit
1402 513 1411 540 :
1427 515 1446 539 n
1462 500 1496 540 si
1510 512 1612 551 ergo
1623 501 1778 552 gignit,
1793 502 1919 542 aliam
1931 503 2072 555 gignit
2087 505 2177 546 :sed
2188 505 2297 546 inter

1276 571 1400 611 aliam
1419 583 1524 622 rem,
1544 573 1583 611 et
1597 571 1736 623 aliam,
1753 575 1815 613 est
1827 573 2036 615 distinctio
2057 590 2064 615 :
2082 588 2200 628 ergo,
2216 578 2293 617 etc.

1330 642 1448 692 Item,
1471 643 1686 694 generatio
1706 647 1766 684 est
1787 646 2022 687 emanatio:
2049 647 2120 687 scd
2145 647 2218 687 ubi
2238 651 2299 688 est

1276 714 1501 765 emanatio,
1528 714 1587 754 ibi
1617 718 1678 755 est
1702 716 2006 769 multiplicatio,
2028 718 2115 759 siv-e
2134 719 2300 772 plurifi-

1276 785 1414 826 catio:
1447 786 1520 826 ubi
1552 788 1696 826 autem
1728 788 2033 841 multiplicatio,
2056 790 2114 830 ibi
2145 793 2185 831 et
2215 791 2299 831 dis-

1274 857 1450 898 tinctio:
1484 869 1587 910 ergo
1616 858 1690 898 ubi
1721 860 1953 911 generatio,
1981 860 2039 900 ibi
2066 862 2300 902 necessario

1276 932 1336 969 est
1358 929 1581 970 distinctio.

1329 1001 1447 1051 Item,
1470 1001 1686 1054 generatio
1713 1001 1757 1042 in
1775 1003 1929 1044 divinis
1947 1006 2008 1044 est
2029 1005 2174 1046 relatio
2197 1021 2205 1047 ε
2229 1009 2300 1047 sed

1274 1072 1420 1113 relatio
1450 1074 1648 1126 importat
1671 1077 1909 1126 respectum
1928 1077 1968 1115 et
1988 1075 2179 1116 ordinem
2199 1089 2208 1116 :
2230 1078 2300 1118 sed

1275 1145 1348 1184 ubi
1376 1148 1589 1198 respectus
1617 1147 1658 1186 et
1682 1145 1799 1195 ordo,
1830 1146 1888 1186 ibi
1917 1147 2232 1199 suppositorum
2261 1151 2302 1188 et

1275 1217 1520 1267 relatorum,
1551 1218 1640 1259 sive
1667 1218 1973 1268 ordinatorum,
1999 1219 2233 1260 distinctio:
2262 1223 2301 1260 et

1275 1289 1346 1339 sic,
1366 1291 1443 1329 etc.

1330 1358 1448 1409 Item,
1479 1362 1615 1413 major
1645 1360 1862 1401 diversitas
1889 1361 2121 1402 sustinetur
2146 1375 2171 1402 a
2196 1374 2301 1415 sup-

1278 1430 1426 1481 posito,
1448 1431 1515 1471 vel
1534 1431 1579 1470 in
1603 1431 1818 1484 supposito
1838 1432 2068 1485 composito
2097 1435 2137 1473 et
2157 1433 2301 1474 multi-

1275 1501 1386 1552 plici,
1421 1514 1552 1553 quam
1585 1502 1629 1542 in
1659 1503 1892 1543 substantia
1922 1503 2101 1556 simplici
2134 1506 2173 1544 et
2202 1505 2302 1544 uni—

1274 1571 1400 1612 formi
1420 1585 1429 1612 :
1452 1573 1523 1613 sed
1543 1573 1717 1614 relativa
1736 1574 1926 1626 opposita
1944 1586 2032 1614 non
2050 1576 2159 1614 stant
2175 1575 2302 1615 simul

1274 1643 1320 1683 in
1336 1644 1483 1684 eodem
1500 1644 1722 1685 individuo
1740 1648 1877 1685 creato
1898 1655 1906 1683 :
1928 1657 2030 1697 ergo
2047 1658 2124 1686 nec
2142 1646 2186 1686 in
2204 1647 2301 1686 sim-

1275 1716 1374 1768 plici
1405 1716 1633 1769 hypostasi.
1668 1715 1862 1756 Probatio
1894 1716 2059 1757 mediae.
2092 1717 2204 1758 Bene
2237 1731 2304 1759 se-

1275 1787 1422 1838 quitur
1442 1799 1450 1827 t
1489 1785 1709 1827 «Socrates
1745 1786 1798 1838 (d)
1837 1790 1897 1827 est
1935 1791 2052 1840 pater
2088 1787 2299 1829 Platonis:

1275 1869 1379 1909 ergo
1399 1870 1485 1898 non
1505 1860 1566 1898 est
1582 1858 1695 1898 filius
1715 1860 1821 1910 ejus,
1843 1858 1911 1899 vel
1931 1861 1992 1899 est
2009 1859 2230 1900 distinctus
2249 1862 2300 1901 ab

1276 1941 1324 1969 eo
1342 1943 1350 1969 :
1371 1943 1388 1966 >³
1415 1941 1517 1981 ergo
1539 1930 1673 1970 multo
1692 1930 1843 1970 fortius
1863 1930 1907 1970 in
1927 1930 2096 1972 divinis.

1308 2039 1313 2043 .
1329 2000 1479 2041 Contra
1495 2014 1504 2041 :
1523 2005 1560 2041 1.
1578 2000 1714 2053 Pater,
1732 2001 1974 2054 generando
1990 2001 2159 2053 Filium,
2177 2004 2246 2044 dat
2263 2005 2300 2044 ei

1274 2074 1411 2113 totum
1440 2073 1553 2126 quod
1573 2073 1726 2113 habet:
1761 2073 1833 2114 sed
1862 2073 1989 2113 habet
2007 2075 2234 2115 essentiam
2262 2078 2303 2116 et

1275 2157 1498 2197 personam
1525 2158 1533 2185 :
1557 2158 1660 2197 ergo
1678 2145 1748 2186 dat
1774 2145 1812 2186 ei
1832 2146 2055 2186 essentiam
2087 2149 2127 2187 et
2154 2158 2301 2199 perso-

1274 2228 1401 2257 nam:
1432 2229 1551 2269 ergo,
1580 2217 1688 2257 sicut
1712 2216 1843 2257 Filius
1870 2229 1957 2258 non
1982 2217 2260 2270 distinguitur
2278 2231 2303 2259 a

1275 2286 1397 2328 Patre
1428 2288 1718 2337 essentialiter,
1749 2288 1807 2329 ita
1836 2300 1913 2329 nec
1936 2289 2225 2341 personaliter,
2257 2293 2305 2331 ut

1275 2358 1457 2400 videtur.

1327 2434 1366 2471 2.
1398 2430 1517 2480 Item,
1552 2431 1674 2473 Pater
1701 2431 1989 2472 communicat
2022 2431 2128 2473 Filio
2156 2444 2302 2474 essen-

1273 2501 1377 2542 tiam
1394 2514 1516 2543 suam
1536 2505 1705 2555 propter
1723 2514 1938 2544 summam
1955 2515 2079 2544 suam
2097 2503 2301 2557 simplici-

1273 2575 1426 2614 tatem:
1447 2574 1518 2614 sed
1538 2586 1658 2627 aeque
1679 2575 1861 2628 simplex
1885 2578 1947 2616 est
1969 2588 2165 2628 persona,
2182 2579 2230 2616 ut
2252 2576 2296 2629 (e)

1273 2645 1450 2686 essentia
1480 2657 1489 2684 ε
1511 2658 1614 2699 ergo
1640 2659 1725 2699 qua
1741 2647 1904 2688 ratione
1935 2648 2219 2688 communicat
2240 2660 2300 2688 es-

1272 2716 1467 2768 sentiam,
1488 2718 1774 2758 communicat
1792 2720 1834 2759 et
1849 2731 2087 2772 personam.

1326 2790 1364 2828 3.
1390 2787 1507 2839 Item,
1530 2789 1575 2829 in
1593 2788 1715 2830 Patre
1733 2790 1845 2831 idem
1865 2793 1927 2831 est
1950 2793 2117 2841 natura,
2139 2793 2181 2831 et
2201 2803 2300 2844 per-

1271 2871 1395 2900 sona:
1414 2871 1518 2911 ergo
1535 2860 1797 2913 impossibile
1814 2861 2003 2914 estquod
2018 2862 2303 2902 communicet

1270 2942 1423 2982 unum,
1446 2931 1552 2984 quin
1571 2933 1856 2974 communicet
1873 2932 1987 2974 aliud
2008 2947 2017 2973 ε
2040 2945 2157 2986 ergo,
2180 2933 2216 2975 si
2231 2934 2302 2975 dat

1271 3005 1486 3053 naturam,
1508 3007 1548 3045 et
1564 3017 1807 3057 personam.

1326 3078 1366 3116 4.
1398 3075 1516 3128 Item,
1537 3077 1705 3118 videtur
1724 3077 1837 3130 quod
1856 3077 2003 3118 relatio
2036 3089 2122 3118 non
2144 3077 2298 3119 distin-

1274 3149 1378 3198 guat
1393 3147 1534 3200 aliqua
1546 3148 1723 3199 ratione,
1746 3148 1846 3201 quia
1859 3160 1972 3190 unus
1987 3150 2028 3189 et
2039 3149 2151 3189 idem
2169 3161 2300 3202 punc-

1274 3220 1343 3258 tus
1361 3220 1423 3259 est
1440 3219 1696 3272 principium
1715 3222 1755 3260 et
1774 3219 1870 3260 finis
1888 3222 2082 3274 respectu
2110 3221 2300 3262 diversa-

1277 3313 1416 3354 dist.1x‚
1434 3323 1466 3354 q.
1483 3315 1751 3355 1.—2August.,
1771 3314 1810 3346 de
1830 3315 1963 3355 Trinit„
1980 3315 2039 3348 lib.
2060 3316 2083 3357 Ι,
2102 3323 2171 3356 c.1,
2193 3317 2225 3347 et
2240 3314 2299 3345 lib.

1276 3361 1314 3392 de
1330 3360 1588 3392 Immortalz'tate
1599 3363 1731 3401 anz’mae,
1747 3371 1776 3393 c.
1790 3370 1863 3393 vm.
1885 3364 1969 3394 Item
1985 3363 2098 3403 Arist„
2114 3362 2152 3393 cle
2166 3362 2299 3401 Anima,

1276 3408 1334 3440 lib.
1354 3409 1402 3446 11,
1426 3411 1574 3440 context.
1589 3410 1647 3450 483
1670 3411 1704 3441 et
1721 3410 1884 3452 Anselm.,
1905 3410 2069 3451 Monoloq.
2090 3417 2206 3442 c.xL1.

1322 3492 1363 3532 (α)
1377 3492 1456 3523 Coet.
1469 3491 1519 3522 ecl.
1535 3492 1816 3526 descindendo.—-
1829 3494 1871 3535 (b)
1886 3493 2008 3535 Supple
2022 3491 2299 3534 imperfectionis,

1278 3541 1402 3581 ipsum,
1422 3542 1530 3570 etc.—
1551 3540 1585 3580 (c)
1609 3539 1724 3582 Suppl.
1740 3542 1930 3583 libii—(cl)
1952 3542 2031 3574 Coet.
2052 3541 2102 3572 ed.
2124 3542 2301 3573 Sortes.—

1281 3590 1318 3630 (e)
1343 3588 1421 3619 Coet.
1441 3586 1521 3619 edit.
1543 3589 1586 3619 et.

2062 3651 2112 3689 12

2351 2008 2395 2035 Ad
2413 2017 2461 2043 op-

2323 2058 2386 2085 posu
