2613 3990
908 270 1036 312 DIST.
1067 270 1243 311 XXXIII.
1274 269 1395 312 ART.
1428 272 1459 312 I.
1489 272 1685 322 QUAEST.
1718 273 1769 314 II.

271 361 521 410 pictavensi,
542 362 654 415 quod
676 361 906 414 proprietas
921 373 998 400 nec
1019 361 1070 400 sit
1088 360 1267 401 essentia
1283 392 1293 409 ,

271 445 349 473 nee
368 433 412 472 in
429 432 622 483 essentia,
643 432 712 472 sed
732 431 870 472 solum
888 432 1098 472 assistens,
1121 431 1198 472 Sec]
1218 432 1297 472 ista

271 504 421 557 positio
435 504 654 544 manifeste
667 503 903 556 improbata
923 505 997 552 est,
1017 504 1118 556 quia
1132 516 1296 544 necesse

272 578 332 616 est
361 576 476 628 quod
502 576 554 615 sit
578 575 722 616 divina
747 575 945 625 essentia,
968 575 1001 614 si
1031 577 1092 615 est
1120 576 1294 628 aliquid.

272 646 446 699 Propter
463 647 542 687 hoc
554 677 567 696 ,
591 647 642 686 ad
661 645 983 697 intelligentiam
1013 647 1294 698 obiectorum,

271 718 615 770 intelligendum,
636 717 742 757 sicut
771 720 1052 769 praenotatum
1080 721 1162 768 est,
1184 719 1297 771 quod

271 790 417 830 relatio
443 789 604 829 ratione
629 789 952 841 comparationis
980 789 1031 829 ad
1060 790 1296 842 subjectum

270 864 420 904 transit
438 863 485 903 in
505 863 796 913 substantiam,
816 865 856 902 et.
875 862 968 902 ideo
989 863 1223 915 proprietas
1237 866 1298 903 est

271 933 415 974 divina
431 931 664 972 substantia
679 945 688 981 3
710 931 873 971 ratione
890 943 992 971 vero
1012 932 1295 984 comparatio-

270 1004 338 1044 nis
356 1005 407 1044 ad
425 1003 657 1044 terminum
677 1003 766 1043 sive
784 1004 1013 1055 objectum,
1031 1006 1234 1053 remanet,
1258 1005 1298 1042 et

271 1078 480 1129 quantum
499 1074 550 1115 ad
573 1075 655 1115 hoc
677 1077 738 1115 est
762 1074 955 1115 distincta
970 1106 979 1124 ,
1011 1077 1051 1114 et
1081 1074 1218 1114 differt
1244 1074 1296 1113 ab

270 1146 467 1195 essentia,
497 1157 585 1185 non
614 1146 715 1198 quia
745 1146 853 1186 dicat
886 1145 1013 1185 aliam
1047 1145 1294 1193 essentiam,

270 1218 341 1259 sed
359 1218 490 1258 alium
510 1218 684 1258 modum
705 1230 747 1258 se
771 1217 974 1266 habendi,
995 1217 1069 1269 qui
1088 1229 1161 1269 per
1181 1228 1297 1256 com-

269 1290 534 1343 parationem
555 1289 606 1329 ad
624 1289 862 1339 essentiam,
885 1289 954 1328 vel
973 1300 1210 1341 personam,
1231 1300 1295 1328 so-

269 1361 363 1402 lum
382 1361 482 1401 dicit
504 1361 680 1418 modum
699 1360 807 1400 nihil
827 1360 982 1400 addens
1001 1363 1028 1399 ¹.
1059 1359 1103 1399 In
1125 1372 1297 1412 compa-

271 1433 434 1473 ratione
455 1444 555 1473 vero
575 1432 626 1472 ad
646 1432 957 1480 correlativum,
976 1444 1074 1471 vere
1093 1431 1192 1471 dicit
1207 1444 1299 1471 rem

274 1507 315 1545 et
341 1504 650 1545 distinctionem
670 1516 680 1543 :
707 1507 747 1544 et
778 1504 870 1544 ideo
895 1516 981 1544 non
1011 1507 1072 1544 est
1093 1504 1232 1544 unitas
1255 1504 1299 1543 in

274 1577 437 1617 ratione
469 1575 755 1628 intelligendi,
782 1588 859 1615 nec
891 1575 1137 1628 compositio
1164 1575 1208 1614 in
1228 1587 1297 1623 re,

274 1649 346 1690 sed
365 1660 467 1690 vera
485 1648 710 1689 distinctio.
734 1647 782 1688 Et
802 1648 1004 1700 quoniam
1031 1648 1105 1687 iste
1132 1659 1300 1699 respec-

273 1722 342 1761 tus
375 1732 461 1760 non
488 1720 588 1760 dicit
626 1719 739 1759 aliud
770 1732 900 1772 quam
932 1719 1178 1769 essentiam,
1220 1718 1300 1771 ipsi

274 1793 554 1845 comparatus,
575 1791 765 1831 simiIIter
784 1803 862 1831 nec
880 1791 995 1831 aliud
1014 1803 1144 1844 quam
1162 1802 1301 1843 perso<

273 1876 395 1914 nam,
416 1863 509 1904 ideo
529 1874 629 1904 vere
653 1864 714 1903 est
734 1862 915 1903 essentia
939 1864 978 1902 et
1007 1874 1199 1914 persona.
1223 1861 1301 1902 Sed

275 1936 374 1988 quia
391 1935 570 1976 ulterius
595 1937 810 1987 respectus
828 1934 898 1974 ille
919 1947 1004 1974 non
1025 1936 1086 1974 est
1110 1935 1300 1974 essentiae

273 2007 327 2047 ad
358 2007 493 2056 aliud,
527 2006 597 2046 sed
627 2017 818 2058 personae
847 2005 897 2045 ad
928 2017 1173 2057 personam,
1208 2005 1301 2045 ideo

273 2080 486 2131 respectus
520 2080 560 2118 et
587 2077 809 2117 relationes
823 2109 833 2127 ,
866 2077 1033 2129 proprie
1067 2076 1298 2129 quuendo,

273 2150 432 2191 suntin
451 2149 660 2203 personis,
688 2161 775 2188 non
794 2149 838 2188 in
857 2148 1059 2198 essentia3
1087 2149 1187 2200 quia
1206 2161 1302 2201 per-

274 2234 389 2262 sonae
424 2221 658 2262 secundum
695 2232 765 2260 eos
802 2221 1044 2260 referuntur
1083 2224 1123 2260 et
1154 2221 1301 2260 distin-

274 2295 487 2344 guuntur,
516 2291 696 2331 essentia
720 2294 864 2331 autem
893 2303 970 2330 nec
999 2291 1202 2341 refertur,
1225 2304 1302 2331 nec

273 2363 565 2415 distinguitur.
614 2362 722 2403 Sunt
761 2365 903 2402 tamen
944 2363 987 2401 in
1024 2362 1204 2402 essentia
1239 2363 1303 2402 di—

273 2435 394 2485 vina,
423 2435 632 2487 loquendo
661 2433 944 2473 communiter
974 2436 1014 2472 et
1045 2433 1299 2485 improprie,

274 2510 322 2547 ut
340 2506 502 2547 dicatur
517 2506 563 2545 in
581 2505 726 2545 divina
745 2504 923 2545 essentia
941 2517 1029 2544 esse
1049 2517 1174 2545 omne
1188 2506 1302 2557 quod

275 2581 336 2619 est
358 2579 504 2619 divina
534 2577 735 2627 essentia,
772 2576 839 2617 vel
870 2589 996 2616 omne
1025 2577 1138 2628 quod
1170 2580 1230 2617 est
1258 2577 1302 2617 in

275 2651 454 2691 essentia
471 2649 539 2691 vel
555 2660 748 2702 persona.

331 2725 370 2761 1.
392 2721 456 2762 Ad
476 2721 581 2761 illud
598 2732 701 2771 ergo
721 2720 833 2772 quod
852 2719 1066 2771 objicitur,
1091 2719 1203 2771 quod
1219 2719 1300 2759 alio

276 2796 338 2833 est
350 2792 473 2843 Deus,
489 2791 570 2832 alio
583 2794 644 2831 est
659 2790 799 2841 Pater,
818 2790 1045 2831 dicendum
1063 2790 1174 2842 quod
1192 2791 1303 2830 abla-

277 2864 392 2906 tivus
426 2863 523 2904 dicit
556 2863 763 2903 rationem
791 2862 977 2912 dicendi,
1015 2862 1082 2902 vel
1112 2862 1303 2902 denomi-

278 2935 428 2985 nandi,
449 2934 560 2975 unde
577 2937 619 2974 et
638 2934 796 2984 alietas,
816 2946 890 2986 per
909 2934 1144 2974 ablativum
1168 2934 1303 2986 signi-

278 3007 414 3056 ficata,
430 3006 660 3046 attenditur
673 3006 809 3045 solum
824 3008 1031 3056 quantum
1043 3006 1093 3046 ad
1110 3006 1300 3057 modum,

279 3090 364 3119 non
383 3080 593 3131 quantum
612 3078 664 3118 ad
686 3077 927 3126 essentiam,
947 3080 995 3117 ut
1013 3080 1142 3130 patet.

333 3153 372 3190 02.
397 3150 463 3190 Ad
481 3149 588 3190 illud
615 3148 806 3189 similiter
831 3149 944 3200 quod
968 3149 1164 3201 objicitur
1188 3149 1303 3202 quod

280 3233 370 3262 non
396 3220 509 3261 idem
540 3223 602 3260 est
630 3219 887 3272 principium
916 3219 1229 3271 distinguendi,
1265 3223 1305 3260 et

281 3292 470 3342 uniendi,
487 3295 599 3344 patet
615 3291 845 3343 responsio,
866 3290 966 3341 quia
980 3290 1211 3342 proprietas
1230 3291 1305 3331 dis-

281 3363 442 3415 tinguit
463 3363 509 3403 in
537 3374 586 3403 eo
613 3362 727 3415 quod
748 3361 966 3410 differens,
994 3374 1080 3402 non
1101 3363 1302 3413 essentia,

283 3434 355 3474 sed
375 3434 499 3474 modo
521 3448 529 3474 :
550 3433 624 3486 (1111
644 3434 795 3474 modus
813 3444 898 3472 non
919 3432 1019 3472 dicit
1038 3435 1304 3486 compositio—

285 3517 385 3546 nem
398 3536 408 3554 ,
430 3504 531 3557 quia
549 3505 699 3544 transit
725 3505 771 3544 in
790 3504 1088 3554 substantiam3
1114 3517 1191 3544 nec
1210 3505 1307 3545 dicit

331 3587 342 3608 ¹
357 3587 521 3619 Dissentit
543 3589 633 3620 Scot.
654 3587 730 3619 dist.
749 3595 787 3628 11,
808 3596 842 3627 p.
863 3587 905 3627 ΙΙ,
928 3596 960 3627 q.
979 3594 989 3618 1
1010 3589 1043 3618 et
1059 3595 1111 3628 IV,
1132 3587 1208 3620 dist.
1227 3596 1301 3630 vul,

2316 279 2393 318 533

1372 362 1510 402 solum
1529 363 1802 414 intellectum,
1826 362 1928 415 quia
1946 374 2013 403 res
2029 366 2090 404 est
2103 366 2143 404 et
2159 367 2300 405 manet
2313 376 2396 406 res-

1371 436 1497 485 pectu
1515 433 1686 486 objecti.

1425 511 1462 548 3.
1482 508 1545 548 Ad
1566 509 1671 549 illud
1692 508 1805 561 quod
1825 508 2019 561 objicitur
2037 509 2148 560 quod
2170 522 2257 551 non
2280 523 2394 563 prae-

1369 579 1531 619 dicatur
1548 579 1598 619 de
1616 580 1850 620 substantia
1871 579 1983 632 quod
2001 581 2063 619 est
2082 579 2125 619 in
2144 581 2391 634 substantia,

1370 649 1598 690 dicendum
1620 650 1733 702 quod
1752 662 1839 690 non
1858 649 2111 702 praedicatur
2131 650 2180 691 de
2201 653 2394 693 substan-

1369 720 1427 760 tia
1447 723 1495 760 ut
1512 720 1563 761 de
1580 721 1782 772 subiecto,
1802 733 1880 761 nec
1897 733 1970 773 per
1990 721 2304 773 inhaerentiam,
2325 725 2395 764 sed

1370 790 1508 830 solum
1539 791 1587 831 de
1617 803 1795 843 persona
1817 792 1874 832 sic
1902 791 2169 844 praedicatur.
2204 792 2321 834 Unde
2346 795 2396 835 de

1370 862 1551 902 essentia
1581 863 1857 914 praedicatur,
1891 863 1992 915 quia
2022 862 2200 903 essentia
2231 866 2272 903 et
2298 876 2396 916 pro-

1370 934 1523 986 prietas
1555 936 1654 974 sunt
1688 946 1828 974 unum
1859 934 1904 974 in
1938 946 2137 987 persona,
2177 946 2265 974 non
2296 934 2398 987 quia

1370 1016 1509 1043 unum
1533 1004 1585 1044 sit
1603 1005 1647 1044 in
1667 1005 1764 1044 alio.

1424 1081 1462 1118 4.
1484 1079 1548 1118 Ad
1567 1078 1666 1119 illud
1698 1079 1811 1131 quod
1833 1078 2042 1130 objicitur,
2073 1082 2220 1121 utrum
2242 1080 2396 1133 praedi-

1371 1151 1489 1189 cetur
1522 1161 1596 1201 per
1628 1161 1697 1200 se,
1728 1151 1801 1189 aut
1830 1161 1903 1201 per
1932 1149 2137 1199 accidens,
2170 1151 2395 1192 dicendum

1371 1219 1483 1272 quod
1511 1232 1597 1260 non
1625 1232 1700 1272 per
1725 1233 1791 1271 se,
1818 1220 1919 1272 quia
1939 1232 2015 1272 per
2044 1233 2288 1273 personam;
2311 1234 2398 1262 non

1372 1303 1446 1343 per
1465 1291 1675 1339 accidens,
1698 1291 1799 1343 quia
1816 1303 1996 1343 persona
2016 1304 2102 1332 non
2126 1295 2186 1333 est
2211 1293 2325 1333 aliud
2344 1294 2396 1334 ab

1372 1364 1564 1402 essentia.
1598 1362 1806 1411 Quoniam
1838 1363 1972 1414 igitur
2002 1363 2111 1404 sicut
2143 1376 2210 1404 res
2241 1364 2398 1405 divinae

1372 1436 1709 1488 superexcedunt
1739 1447 1805 1475 res
1826 1435 2063 1485 inferiores,
2088 1436 2147 1476 sic
2173 1439 2213 1477 et
2243 1436 2397 1489 praedi-

1373 1507 1480 1547 catio
1500 1506 1864 1559 praedicationem.

1428 1583 1466 1620 5.
1488 1581 1552 1621 Ad
1569 1580 1674 1621 illud
1702 1580 1816 1632 quod
1838 1579 1990 1619 ultimo
2016 1579 2212 1632 objicitur
2230 1581 2343 1633 quod
2364 1581 2399 1621 si

1374 1652 1552 1693 essentia
1579 1654 1712 1702 creat,
1744 1653 1785 1691 et
1815 1651 2070 1704 proprietas3
2094 1651 2319 1693 dicendum
2340 1655 2400 1693 est

1374 1724 1531 1773 adhoc,
1547 1724 1661 1776 quod
1676 1722 1873 1775 quamvis
1887 1723 2121 1775 proprietas
2135 1724 2189 1764 sit
2204 1725 2397 1775 essentia,

1373 1799 1517 1836 tamen
1541 1795 1718 1836 essentia
1738 1807 1825 1836 non
1845 1795 2046 1848 supponit
2078 1796 2397 1849 proprietatem,

1374 1881 1452 1908 nec
1483 1880 1505 1908 e
1535 1879 1752 1908 converso.
1792 1866 1908 1907 Unde
1940 1879 2029 1906 non
2065 1867 2255 1920 sequitur
2287 1869 2401 1920 quod

1374 1939 1481 1980 illud
1497 1939 1608 1992 quod
1630 1939 1826 1980 convenit
1839 1939 2046 1983 essentiae,
2068 1939 2292 1980 conveniat
2309 1952 2401 1992 per-

1375 2023 1490 2052 sonae
1505 2043 1514 2061 ,
1535 2010 1603 2051 vel
1622 2023 1644 2050 e
1662 2022 1864 2051 converso
1891 2025 1898 2050 :
1923 2010 2064 2063 aliqua
2083 2013 2227 2051 tamen
2246 2023 2402 2051 conve-

1375 2084 1500 2123 niunt
1533 2082 1723 2122 essentiae
1756 2084 1796 2122 et
1825 2082 2092 2135 proprietati,
2128 2082 2268 2135 aliqua
2296 2095 2397 2124 non.

1377 2154 1493 2195 Unde
1512 2154 1748 2194 notandum
1778 2154 1893 2206 quod
1912 2154 2110 2206 quasdam
2131 2154 2331 2195 dicuntur
2351 2155 2401 2196 de

1376 2226 1519 2265 divina
1534 2225 1715 2265 essentia
1734 2225 1778 2264 in
1793 2237 1851 2275 se,
1872 2228 1918 2265 ut
1933 2228 2034 2278 puta
2050 2226 2121 2266 illa
2139 2239 2236 2279 quae
2256 2227 2402 2268 dicun-

1375 2300 1446 2338 tur
1464 2297 1509 2337 in
1528 2296 1792 2349 oppositione
1812 2295 1864 2336 ad
1882 2299 2133 2345 creaturam,
2156 2299 2203 2337 ut
2222 2299 2399 2339 immen-

1376 2379 1437 2417 sa,
1461 2369 1669 2416 increata,
1689 2370 1729 2406 et
1747 2367 2010 2419 hujusmodi,
2032 2370 2072 2408 et
2090 2369 2183 2408 haec
2203 2369 2403 2409 dicuntur

1376 2439 1426 2479 de
1443 2438 1782 2491 proprietatibus,
1807 2439 1961 2491 Aliqua
1978 2439 2177 2479 dicuntur
2193 2439 2242 2479 de
2260 2439 2403 2480 divina

1377 2510 1569 2558 essentia,
1591 2512 1640 2549 ut
1655 2510 1700 2549 in
1720 2510 1924 2562 personis,
1949 2513 1996 2550 ut
2017 2521 2102 2552 esse
2120 2511 2404 2552 communica·-

1378 2582 1518 2631 bz'lem‚
1542 2583 1582 2620 et
1603 2591 1688 2622 esse
1711 2581 1760 2621 in
1781 2581 1918 2622 tribus
1938 2593 2084 2623 unam.
2113 2581 2228 2622 Talia
2247 2594 2403 2623 conve-

1376 2654 1502 2694 niunt
1520 2653 1709 2693 essentiae
1727 2685 1737 2703 ,
1759 2655 1807 2693 ut
1826 2653 1983 2693 habent
2001 2653 2207 2693 rationem
2226 2653 2374 2693 formae
2391 2667 2401 2702 ;

1377 2727 1417 2764 et
1436 2724 1478 2763 in
1500 2724 1581 2763 1100
1599 2724 1736 2764 differt
1753 2724 1859 2764 ratio
1880 2723 2082 2772 essentiae,
2104 2727 2143 2763 et
2170 2724 2406 2776 proprieta—

1377 2793 1429 2832 tis
1443 2824 1452 2840 ,
1473 2795 1514 2832 et
1529 2791 1627 2831 talia
1646 2804 1733 2832 non
1756 2792 1958 2833 dicuntur
1987 2792 2038 2832 (10
2064 2792 2401 2844 proprietatibus.

1378 2864 1538 2904 Rursus
1569 2863 1711 2916 aliqua
1740 2863 1940 2904 dicuntur
1964 2863 2014 2903 de
2038 2863 2217 2903 essentia
2242 2865 2292 2903 ut
2322 2873 2405 2904 esse

1374 2935 1640 2988 principium
1661 2936 1974 2987 operationum,
1997 2936 2044 2974 ut
2071 2945 2156 2976 esse
2177 2936 2404 2987 potentem,

1376 3009 1633 3058 sufflantem,
1656 3006 1883 3057 volentem,
1904 3008 1944 3047 et
1966 3016 2122 3056 creare,
2147 3009 2188 3046 et
2206 3006 2304 3046 talia
2321 3017 2407 3045 non

1378 3078 1575 3119 dicuntur
1596 3078 1647 3118 (10
1669 3078 2007 3130 proprietatibus.
2031 3077 2148 3118 Unde
2168 3077 2406 3117 notandum

1379 3149 1491 3202 quod
1510 3149 1715 3201 adjectiva
1732 3149 1985 3198 essentialia,
2004 3160 2100 3201 quaa
2120 3149 2341 3189 essentiam
2360 3147 2405 3186 in

1381 3233 1424 3260 se
1455 3220 1710 3273 respiciunt,
1742 3223 1789 3260 ut
1815 3220 2025 3261 diversam
2055 3233 2079 3259 a
2105 3222 2316 3269 creatura,
2339 3217 2406 3258 di-

1381 3295 1535 3332 cuntur
1549 3292 1599 3331 de
1616 3291 1960 3344 proprietatibus:
1978 3303 2073 3343 quae
2090 3293 2233 3330 autem
2248 3289 2298 3329 de
2314 3289 2406 3341 ipsa

1379 3363 1626 3411 formaliter,
1645 3363 1734 3402 sive
1754 3364 1802 3402 ut
1821 3365 1882 3402 est
1898 3363 2048 3411 forma,
2066 3360 2196 3401 velut
2214 3362 2274 3400 est
2295 3359 2410 3411 prin-

1380 3435 1557 3487 cipium,
1581 3447 1667 3474 non
1692 3434 1890 3475 dicuntur
1919 3448 1927 3474 t
1958 3433 2075 3473 etsie
2102 3434 2244 3485 patent
2266 3430 2408 3471 omnia

1381 3506 1574 3558 quaesita.

1381 3588 1420 3620 de
1440 3588 1611 3628 attrahat„
1631 3591 1664 3620 et
1680 3589 1757 3620 dist.
1776 3595 1874 3628 XLIII,
1894 3595 1918 3628 1,
1939 3587 1976 3619 de
1991 3587 2138 3619 eli'slmci.
2153 3586 2409 3618 emanationum.
