2613 3990
1095 241 1345 283 DICTINCT.
1371 241 1510 284 XXIV.

239 331 414 383 gnificat
445 332 643 372 deitatem
672 332 715 371 in
755 329 1067 383 comparatione
1097 330 1147 370 ad
1181 331 1262 371 113-

237 404 419 454 bentem,
441 407 481 445 et
503 404 596 445 ideo
608 416 695 444 non
715 401 1033 454 multiplicatur.

290 477 328 514 3.
359 475 422 514 Ad
449 475 551 516 illud
585 475 699 528 quod
729 474 882 515 dicitur
913 473 962 513 (10
992 474 1257 525 operatione,

235 545 463 585 dicendum
507 546 619 598 quod
663 557 819 585 nomen
852 543 919 584 vel
957 546 1090 595 potest
1125 544 1259 595 signi-

234 616 359 656 ficare
387 617 673 669 operationem
700 627 774 668 per
802 614 977 654 modum
1004 615 1231 667 adjacentis
1247 647 1256 664 ,

235 690 273 727 et
305 687 362 727 sic
400 688 528 728 trahit
563 698 796 727 numerum
841 685 1038 736 aliunde,
1078 686 1143 726 vel
1185 700 1259 739 per

234 759 409 799 modum
438 758 688 799 substantivi
718 789 728 807 ,
771 760 810 797 et
842 756 899 796 sic
934 769 1019 796 11011
1050 757 1257 810 multipli-

233 832 352 870 catur
388 844 396 870 :
435 832 476 870 et
514 829 656 870 taliter
701 828 911 880 significat
944 828 1025 868 hoc
1062 841 1221 869 nomen
1243 861 1253 879 ,

231 900 356 943 Deus.
1215 925 1222 942 ·.
1265 919 1267 921 ·

282 976 323 1013 4.
352 972 416 1013 Aa
444 972 546 1012 iliud
583 972 697 1024 quoa
728 972 925 1024 objicitur
958 971 1070 1024 quoa
1104 971 1161 1011 lbi
1195 951 1259 1020 eit

230 1043 519 1096 multiplicatio
540 1042 854 1095 suppositorum
875 1046 914 1083 et
931 1043 1094 1093 formae,
1116 1042 1255 1082 dicen-

230 1114 333 1154 dum
367 1114 479 1166 quod
511 1113 592 1154 hoc
621 1126 779 1154 nomen
809 1113 1003 1154 divinum
1038 1116 1099 1154 est
1132 1114 1254 1165 quasi

227 1185 512 1238 possessivum
552 1198 561 1225 :
602 1185 717 1226 unde
757 1185 990 1238 imponitur
1033 1197 1058 1224 a
1098 1184 1251 1237 duplici

227 1256 364 1296 forma
384 1288 395 1307 ,
425 1256 584 1297 scilicet
612 1257 884 1310 possessionis
919 1259 959 1297 et
985 1255 1249 1309 possessoris.

227 1326 277 1367 Et
304 1327 438 1368 forma
465 1327 694 1369 divinitatis
715 1330 776 1369 est
796 1328 838 1367 in
857 1328 1020 1368 ratione
1040 1340 1251 1380 possesso-

226 1397 315 1443 rio:
337 1402 392 1449 et,
407 1399 543 1440 forma
561 1400 811 1456 possessoris
832 1400 1035 1440 existente
1054 1399 1248 1449 indivisa,
1271 1414 1278 1418 ·

225 1473 481 1511 numeratur
512 1472 648 1512 forma
672 1470 960 1525 possessionis,
981 1473 1029 1510 ut
1052 1483 1151 1511 oves
1173 1470 1252 1511 So-

225 1541 404 1582 craticae.
435 1542 485 1582 Et
513 1542 571 1583 sic
591 1542 636 1582 in
654 1542 899 1596 proposito:
926 1541 1038 1581 unde
1058 1553 1143 1581 non
1164 1554 1248 1582 nu-

224 1621 414 1659 meratur
430 1620 566 1660 forma
584 1620 741 1660 habita.

279 1693 317 1730 5.
341 1691 405 1731 Ad
435 1691 539 1731 illud
565 1691 678 1743 quod
700 1690 895 1743 objicitur
915 1689 1031 1742 quod
1051 1688 1249 1741 generale

224 1762 432 1814 contingit
461 1761 714 1815 specificari,
747 1761 974 1802 dicendum
1013 1760 1126 1813 quod
1156 1772 1250 1813 per-

223 1845 339 1884 sona,
362 1845 461 1874 cum
484 1833 675 1873 nominat
694 1832 967 1872 individuum
985 1831 1248 1872 intellectua-

222 1904 272 1944 lis
290 1907 471 1956 naturae,
500 1904 723 1958 dupliciter
743 1906 876 1957 potest
893 1903 1140 1956 specificari,
1163 1903 1247 1943 sci-

221 1974 316 2015 licet
346 1987 421 2028 per
450 1977 620 2029 propria
646 1987 939 2029 personarum,
961 1977 1009 2015 ut
1029 1987 1126 2015 cum
1144 1974 1246 2015 dici-

222 2048 293 2087 tur
313 2060 324 2087 :
350 2063 369 2086 «
389 2046 488 2088 Tres
512 2060 717 2101 personae,
740 2047 782 2088 id
801 2050 862 2088 est
882 2047 1017 2097 Pater,
1036 2046 1183 2098 Filius,
1207 2049 1247 2087 et

2282 249 2358 287 385

1337 331 1518 384 Spiritus
1544 333 1741 382 sanetus,
1764 344 1783 368 1)
1819 331 1954 383 potest
1973 331 2100 372 etiam
2127 334 2356 385 specificari

1335 416 1410 456 per
1429 405 1593 442 naturae
1613 401 2019 451 determinationem,
2046 405 2091 442 ut
2110 404 2144 443 si
2160 404 2322 446 dicatur
2345 419 2355 446 :

1341 490 1359 512 «
1392 473 1586 514 Persona]
1623 473 1780 514 divinae
1799 505 1808 522 ,
1841 473 1908 515 vel
1936 473 2165 525 angelicae,
2182 476 2249 515 vel
2270 476 2355 516 hu-

1334 557 1487 585 manae.
1508 559 1527 581 ))
1554 544 1604 584 Et
1624 545 1658 584 si
1677 547 1725 585 tu
1742 545 1918 597 quaeris,
1939 557 2071 597 quare
2088 557 2173 586 non
2190 547 2357 599 specifi-

1333 619 1452 657 catur
1478 628 1552 669 per
1571 628 1709 656 unum
1726 629 1898 666 nomen,
1921 616 2027 657 sicut
2047 619 2108 656 est
2126 616 2172 656 in
2188 621 2354 658 creatu-

1332 689 1403 736 ris,
1423 688 1496 727 ubi
1515 691 1598 728 tres
1618 699 1806 740 personae
1827 688 2033 739 angelicae
2054 688 2255 729 dicuntur
2272 691 2356 729 tres

1331 759 1491 811 angeli3
1510 759 1753 811 responderi
1769 761 1903 811 potest
1920 759 2032 811 quod
2049 759 2129 800 hoc
2149 762 2208 799 est
2228 772 2356 813 prop—

1329 833 1392 871 ter
1406 830 1593 883 inopiam
1606 830 1785 870 humani
1800 830 1972 882 eloquii,
1989 843 2074 883 qua
2086 831 2249 871 laborat
2267 834 2354 872 tam

1329 902 1479 953 lingua
1496 913 1637 953 graeca
1656 913 1784 953 quam
1801 901 1946 949 latina,
1964 901 2033 942 sed
2053 902 2192 954 magis
2208 902 2352 943 latina.

1329 973 1403 1014 Vel
1425 975 1558 1026 potest
1586 973 1665 1013 dici
1699 973 1813 1025 quod
1833 972 1913 1012 hoc
1930 985 2017 1012 non
2045 973 2251 1025 permittit
2276 986 2354 1014 na-

1327 1048 1425 1086 tura
1454 1045 1645 1097 ipsorum
1682 1043 1928 1095 nominum,
1961 1045 2165 1096 quoniam
2196 1057 2354 1086 nomen

1328 1116 1503 1169 speciale
1539 1129 1563 1155 a
1600 1115 1768 1168 speciali
1802 1115 1938 1156 forma
1976 1116 2229 1169 imponitur.
2268 1118 2355 1158 Aut

1327 1186 1460 1238 igitur
1496 1186 1741 1239 impositum
1773 1188 1834 1226 est
1861 1199 1885 1226 a
1916 1189 2069 1227 natura
2100 1188 2350 1240 communi,

1327 1262 1400 1298 aut
1418 1271 1443 1298 3
1460 1259 1712 1311 proprietate
1731 1269 1922 1310 personae
1941 1271 1951 1298 ε
1972 1258 2005 1298 51
2026 1261 2087 1299 051
2105 1258 2351 1312 impositum

1326 1342 1350 1369 a
1369 1332 1521 1369 natura
1539 1329 1771 1380 communi,
1795 1342 1893 1370 cum
1910 1329 1981 1370 illa
2000 1342 2087 1370 non
2103 1330 2352 1383 multiplice-

1325 1402 1409 1451 tur,
1432 1413 1518 1440 non
1532 1400 1669 1453 potuit
1682 1412 1756 1453 per
1770 1413 1909 1441 unum
1925 1413 2082 1441 nomen
2096 1401 2348 1453 specificari3

1325 1471 1358 1511 si
1388 1476 1532 1512 autem
1563 1474 1624 1512 est
1655 1472 1901 1525 impositum
1926 1485 1950 1512 3
1974 1472 2226 1525 proprietate
2251 1460 2350 1526 per—

1324 1555 1440 1583 sonae
1457 1575 1466 1592 ,
1488 1546 1590 1583 tunc
1613 1555 1711 1583 cum
1736 1543 1807 1583 illa
1835 1555 1922 1583 non
1946 1543 2171 1583 conveniat
2197 1543 2348 1594 tribus,

1324 1627 1413 1655 non
1443 1617 1576 1668 potest
1613 1626 1689 1667 per
1725 1614 1830 1654 illud
1867 1613 2100 1666 specificari
2129 1628 2138 1654 ε
2181 1616 2221 1654 01
2256 1614 2350 1655 ideo

1323 1686 1527 1738 Ecclesia,
1549 1686 1767 1740 compulsa
1789 1686 2049 1735 necessitate,
2073 1685 2253 1739 imponit
2271 1699 2349 1727 110-

1323 1771 1421 1799 11101]
1450 1758 1649 1810 generale
1664 1790 1675 1809 ,
1696 1758 1783 1798 sive
1803 1758 1914 1810 quod
1936 1758 2135 1811 importat
2155 1770 2350 1799 commu-

1322 1830 1497 1871 nitatem
1537 1829 1724 1870 nominis
1742 1862 1752 1881 ,
1787 1829 1900 1882 quod
1948 1832 2008 1870 est
2045 1842 2273 1870 commune
2308 1833 2349 1871 et

1322 1902 1675 1955 multiplicabile:
1708 1904 1748 1942 et
1775 1901 1869 1942 ideo
1901 1914 1989 1943 non
2022 1904 2083 1943 est
2118 1902 2349 1956 quaerenda

1321 1973 1572 2027 specificatio
1592 1985 1667 2027 per
1682 1973 1796 2013 aliud
1816 1984 1973 2014 nomen
1994 1973 2078 2014 nisi
2097 1986 2170 2026 per
2189 1986 2347 2014 nomen

1321 2046 1595 2098 adJectivum,
1623 2047 1663 2086 et
1681 2057 1756 2098 per
1775 2046 1948 2086 nomina
1967 2057 2261 2098 personarum.

897 2281 1393 2344 DISTINCTIO
1439 2281 1668 2343 XXIV

482 2470 577 2505 QUID
609 2471 888 2500 SIGNIFICETUR
919 2472 992 2501 PER
1024 2471 1163 2500 NOMEN
1195 2471 1431 2513 NUMERALE,
1467 2471 1547 2500 CUM
1579 2470 1785 2505 LOQUIMUR
1816 2470 1868 2498 DE
1899 2470 2067 2500 DIVINIS.

277 2622 359 2666 Hic
392 2622 624 2680 diligenter
655 2623 823 2683 inquiri
854 2629 1045 2684 oportet,
1067 2639 1168 2669 cum
1194 2625 1241 2668 in
1272 2625 1481 2668 Trinitate
1501 2640 1589 2669 non
1609 2625 1664 2669 sit
1683 2625 1929 2681 diversitas,
1949 2625 2019 2670 vel
2038 2625 2337 2683 singularitas,

218 2715 296 2744 nec
328 2700 628 2759 multiplicitas
646 2735 656 2753 ,
678 2701 748 2745 vel
769 2701 974 2758 solitudo,
1005 2702 1112 2761 quid
1137 2702 1407 2760 significetur
1434 2702 1504 2745 his
1529 2702 1797 2760 nominihus,
1821 2703 1981 2746 scilicet
2006 2704 2122 2746 Unus
2142 2703 2211 2747 vel
2230 2718 2333 2756 una,

216 2779 312 2821 Duo
344 2778 414 2823 vel
446 2777 561 2831 cluoe,
591 2780 625 2821 T
621 2794 686 2822 res
707 2779 777 2823 vel
798 2779 901 2833 tria,
930 2781 964 2822 T
960 2780 1083 2823 rinus
1104 2780 1173 2823 vel
1198 2780 1404 2836 Trinitas,
1426 2780 1578 2823 Plures
1596 2780 1665 2824 vel
1676 2780 1888 2840 pluritas,
1908 2780 2142 2825 Distinctoe
2161 2780 2230 2825 vel
2250 2780 2337 2824 dis-

217 2855 387 2909 tinctio,
422 2870 521 2899 cum
551 2855 711 2899 dicitur
743 2872 859 2900 unus
887 2857 1002 2901 Deus
1023 2892 1033 2913 ,
1065 2858 1163 2901 duae
1191 2873 1401 2917 personae,
1426 2858 1495 2902 vel
1516 2863 1600 2901 tres
1619 2873 1829 2917 personae,
1852 2858 2000 2916 plures
2018 2873 2229 2917 personae,
2251 2859 2337 2902 dis-

216 2934 359 2978 tinctae
390 2938 493 2977 sunt
522 2949 739 2993 personae;
773 2935 843 2979 vel
873 2950 972 2979 cum
1006 2935 1180 2990 dicitur,
1209 2935 1426 2978 distinctio
1457 2949 1760 2993 personarum,
1782 2935 2011 2994 pluralitas
2029 2950 2331 2994 personarum,

215 3011 405 3055 Trinitas
423 3026 726 3070 personarum,
758 3016 800 3055 et
830 3011 1098 3071 hujusmodi.
1131 3013 1349 3058 Videmur
1369 3013 1502 3067 enim,
1525 3013 1606 3057 hoc
1625 3013 1830 3068 dicentes,
1854 3028 2142 3058 numerorum
2161 3016 2336 3074 quanti-

216 3093 337 3145 13105,
360 3094 401 3132 01
419 3104 567 3133 rerum
588 3089 917 3133 multitudinem
946 3091 1015 3134 vel
1047 3090 1413 3150 multiplicitatem
1433 3090 1479 3133 in
1498 3091 1586 3134 Deo
1605 3105 1779 3149 ponere.
1804 3090 1920 3143 Quid
1945 3106 2047 3148 ergo
2066 3091 2148 3136 ista
2166 3092 2334 3150 signifi·
2354 3101 2399 3127 vel
2427 3103 2495 3130 Tri-

214 3171 327 3222 cent,
351 3166 443 3225 ipso
467 3166 518 3210 de
536 3183 623 3226 quo
642 3167 869 3226 loquimur
884 3168 1118 3227 aperiente,
1141 3168 1364 3212 insinuare
1381 3183 1598 3211 curemus.

273 3243 320 3287 Si
341 3243 571 3301 diligenter
590 3245 822 3303 praemissis
851 3245 1158 3289 auctoritatum
1187 3245 1330 3290 verbis
1356 3245 1649 3301 intendimus,
1670 3250 1720 3288 ut
1747 3245 1963 3290 dictorum
1995 3245 2330 3304 intelligentiam

213 3321 455 3380 capiamus,
491 3323 627 3379 magis
655 3323 829 3367 videtur
852 3322 1010 3367 horum
1037 3324 1270 3368 verborum
1299 3338 1405 3367 usus
1435 3322 1708 3366 introductus
1740 3322 1907 3367 ratione
1926 3323 2180 3369 removendi
2199 3328 2330 3383 atque

213 3398 471 3443 excludendi
491 3414 516 3442 a
537 3399 809 3459 simplicitate
828 3400 997 3444 deitatis
1017 3416 1115 3461 quae
1135 3401 1198 3445 ihi
1214 3416 1303 3445 non
1322 3405 1440 3454 sunt,
1461 3415 1593 3460 quam
1613 3400 1802 3459 ponendi
1822 3401 1986 3461 aliqua.

271 3476 382 3520 Cum
401 3476 518 3519 enim
535 3476 691 3520 dicitur
708 3493 819 3522 unus
838 3480 967 3533 Deus,
993 3479 1230 3523 multitudo
1250 3478 1441 3522 Deorum
1462 3476 1726 3534 excluditur,
1748 3493 1825 3522 nec
1845 3478 2021 3522 numeri
2040 3477 2259 3537 quantitas
2279 3477 2329 3522 in
2364 3475 2409 3503 ¹¹5⁵
2429 3480 2481 3506 ¹⁸¹²

2379 2642 2452 2675 Quid
2466 2643 2502 2670 si-

2372 2684 2491 2719 guilice-

2377 2727 2423 2751 tur
2439 2726 2483 2752 his

2369 2767 2489 2794 nomini-

2357 2808 2500 2843 bus,u7zus

2357 2850 2400 2876 vel
2422 2859 2498 2883 una,

2375 2891 2430 2918 duo
2452 2896 2496 2920 101

2385 2935 2467 2968 duce,

2371 2979 2428 3004 tres
2451 2979 2497 3006 vel

2388 3019 2446 3046 tria
2457 3041 2464 3051 ,

2378 3059 2485 3089 Trinus

2380 3143 2476 3177 nitas,

2375 3185 2478 3219 plures

2365 3226 2408 3252 vel
2429 3228 2494 3261 plu-

2365 3267 2492 3302 ralitas,

2365 3307 2487 3339 distinc-

2371 3350 2413 3378 tio
2435 3357 2480 3383 vel

2366 3391 2485 3423 distinc-

2351 3434 2405 3466 toe,
2428 3445 2491 3466 cum

2362 3525 2426 3544 mur
2445 3521 2480 3548 de

209 3553 433 3600 divinitate
453 3553 650 3613 ponitur;
684 3560 894 3615 tanquam
920 3556 956 3600 si
984 3556 1200 3601 diceretur
1224 3573 1233 3601 :
1259 3556 1412 3601 «Deus
1430 3560 1513 3611 est,
1536 3570 1615 3599 1100
1633 3555 1762 3600 11111111
1789 3560 1908 3612 511111,
1930 3555 2000 3600 vel
2023 3554 2171 3613 plures
2192 3554 2277 3598 Dii.
2305 3573 2327 3598 »
2363 3559 2422 3587 Deo
2445 3562 2490 3590 10-

416 3644 513 3673 TOM.
543 3645 572 3673 Ι.

2089 3634 2141 3672 25

2362 3607 2491 3637 quentes.
