2613 3990
279 209 356 247 528

279 298 486 348 quantum
515 289 892 345 ad'indicativam,
925 308 1022 336 cum
1054 295 1152 335 dicit
1182 300 1309 336 eoetrct

277 378 427 408 sensus
448 367 724 408 intentionem
743 381 755 405 :
776 370 816 407 et
834 366 917 406 alia
937 377 1033 418 quae
1051 368 1305 417 sequnntur,

276 437 344 477 his
365 437 500 477 trihus
520 441 735 490 aptantur,
757 442 803 478 ut
826 440 938 489 patet
958 436 1207 490 inspicienti.

700 561 790 589 DUB.
822 561 866 588 ΙΙ.

473 638 624 675 Quorum
643 637 789 668 audaciae
809 637 1025 676 resistentes,
1046 639 1111 668 etc.

329 720 431 760 Dicit
451 722 560 773 quod
581 721 857 774 proprietates
878 732 977 773 quae
998 723 1095 760 sunt
1113 719 1156 759 in
1174 719 1306 772 hypo-

274 794 468 843 stasibus,
488 797 527 833 et.
541 806 611 833 cas
625 793 922 841 determinant,
941 792 981 831 in
1000 791 1177 832 essentia
1192 794 1304 842 suut,

274 864 343 905 sed
371 877 462 903 ean]
490 877 574 904 non
605 864 903 905 determinant.
924 863 1101 905 Videtur
1121 875 1306 916 0550011-

274 936 447 988 positio,
478 936 578 988 quia
599 937 737 976 omnis
763 936 999 989 proprietas
1026 938 1087 976 est
1109 935 1306 975 determi-

273 1008 418 1048 nativa
440 1009 533 1059 ejus
558 1008 603 1047 in
630 1020 713 1060 quo
734 1011 795 1048 est
823 1022 832 1058 3
850 1007 1040 1060 alioquin
1064 1007 1109 1046 in
1129 1006 1201 1047 illo
1220 1019 1307 1047 non

273 1082 333 1119 est
351 1094 359 1119 ε
381 1091 484 1131 ergo
504 1079 537 1118 si
555 1079 831 1132 proprietates
848 1092 935 1119 non
950 1077 1235 1119 determinant
1248 1090 1308 1118 es-

273 1150 450 1190 sentiam
466 1182 476 1199 ,
499 1162 586 1190 11011
606 1154 706 1190 sunt
725 1150 771 1190 in
789 1150 983 1191 essentia.

327 1220 449 1273 Resp.
478 1220 708 1261 Dicendum
729 1222 843 1274 quod
864 1221 1065 1273 Magister
1084 1221 1192 1261 bene
1218 1233 1308 1261 res-

273 1293 441 1346 pondet,
456 1293 555 1345 quia
567 1292 660 1333 haec
674 1293 932 1346 praepositio,
947 1293 1011 1343 in,
1028 1294 1146 1332 notat
1163 1292 1306 1333 diver—

271 1377 337 1404 sas
356 1364 641 1404 habitudines.
663 1364 795 1405 Aliter
813 1364 927 1404 enim
947 1364 1102 1405 dicitur
1119 1362 1241 1404 Pater
1261 1363 1306 1404 in

270 1433 376 1475 Filio
394 1468 404 1485 ,
427 1436 548 1476 aliter
568 1436 801 1488 paternitas
821 1436 867 1476 in
886 1435 1022 1476 Patre.
1046 1434 1168 1475 Pater
1189 1435 1305 1475 enim

270 1506 314 1546 in
333 1506 438 1547 Filio
457 1519 545 1547 esse
561 1506 716 1547 dicitur
733 1519 819 1547 non
837 1506 945 1547 sicut
963 1506 1196 1560 proprietas
1216 1507 1305 1548 dis-

268 1578 458 1627 tinctiva,
489 1578 560 1619 sed
581 1579 688 1619 sicut
709 1590 888 1631 persona
906 1579 1272 1619 consubstantialis
1292 1594 1301 1629 3

269 1651 498 1703 paternitas.
517 1662 620 1690 vero
635 1650 679 1689 in
693 1649 831 1699 Patre,
855 1650 964 1690 sicut
977 1651 1209 1704 proprietas
1225 1651 1305 1691 dis-

270 1722 460 1762 tinctiva.
493 1721 560 1762 Sic
584 1721 678 1762 vult
705 1721 842 1762 dicere
861 1721 1063 1774 Magister
1090 1722 1204 1775 quod
1231 1722 1305 1762 ali-

268 1795 332 1833 ter
352 1796 475 1842 sunt,
507 1793 596 1834 sive
623 1793 824 1833 dicuntur
852 1805 940 1833 esse
963 1793 1240 1846 proprietates
1259 1793 1303 1832 in

269 1865 446 1905 essentia
461 1897 470 1914 ‚
493 1877 623 1918 quam
644 1865 686 1905 in
707 1877 901 1918 persona.
933 1864 1040 1905 Nam
1058 1865 1102 1905 in
1122 1865 1303 1906 essentia

267 1937 469 1977 dicuntur
489 1949 576 1977 esse
603 1940 775 1990 propter
795 1937 1059 1977 identitatem
1073 1970 1083 1988 ‚
1112 1937 1170 1978 ita
1189 1938 1302 1991 quod

265 2011 314 2051 in
334 2009 508 2050 omnino
527 2009 626 2049 dicit
649 2009 928 2049 identitatem.
958 2008 1006 2048 In
1026 2010 1217 2062 personis
1238 2010 1300 2050 di-

266 2084 422 2122 cuntur
442 2092 529 2121 esse
543 2113 553 2131 ,
582 2081 691 2120 sicut
710 2092 825 2121 verae
850 2080 1128 2133 proprietates
1154 2081 1201 2122 in
1219 2081 1302 2135 hy-

265 2151 519 2204 postasibus,
543 2154 583 2191 et
601 2151 973 2191 determinationes
986 2151 1031 2191 in
1044 2151 1303 2192 determina—

266 2224 332 2264 tis.
356 2223 403 2264 In
425 2223 628 2264 creaturis
647 2225 791 2263 autem
819 2235 906 2263 non
928 2226 989 2263 est
1012 2236 1126 2264 unus
1148 2225 1301 2265 modus

265 2297 355 2337 sine
376 2296 456 2336 alio
472 2328 481 2345 ‚
510 2295 611 2349 quia
630 2295 864 2348 proprietas
884 2307 969 2335 non
991 2295 1167 2336 omnino
1188 2296 1300 2337 idem

264 2372 326 2409 est
351 2381 449 2409 cum
473 2380 522 2409 eo
549 2369 672 2420 cujus
702 2370 764 2408 est
794 2367 1054 2420 proprietas3
1078 2371 1118 2408 et
1137 2368 1231 2409 ideo
1254 2369 1300 2408 in

264 2440 466 2481 creaturis
480 2453 568 2481 non
583 2439 737 2481 dicitur
754 2451 845 2480 esse
860 2439 906 2479 in
924 2439 1068 2492 aliquo
1084 2440 1166 2480 nisi
1187 2440 1232 2480 in
1249 2453 1299 2481 eo

264 2513 333 2553 cui
353 2513 554 2562 inhaeret,
576 2524 664 2553 non
683 2511 742 2552 sic
763 2511 808 2551 in
827 2511 998 2552 divinis.

684 2644 775 2672 DUB.
805 2643 866 2671 ΙΙΙ.

388 2722 589 2763 Respondeo
609 2721 670 2753 tibi
683 2745 694 2762 ,
715 2720 817 2752 ethic
835 2729 912 2752 011111
934 2720 1061 2753 Hilario
1075 2746 1086 2762 ,
1107 2724 1172 2754 etc.

316 2805 491 2848 Videtur
517 2806 668 2847 falsum
695 2805 809 2857 quod
829 2805 949 2856 dicit⁷
977 2806 1091 2858 quod
1117 2806 1296 2848 solutio-

263 2890 363 2918 nem
385 2878 505 2918 istius
523 2876 770 2930 quaestionis
791 2876 1050 2929 Archangeli
1071 2878 1267 2920 nesciunt
1283 2894 1292 2930 3

264 2962 362 2989 cum
378 2948 492 2988 enim
507 2948 591 2988 sint
604 2947 992 3000 comprehensores,
1008 2952 1170 2990 constat
1183 2951 1296 3003 quod

264 3020 407 3060 omnia
435 3021 697 3071 cognoscunt
725 3030 822 3071 quae
850 3022 951 3059 sunt
980 3019 1031 3060 de
1061 3021 1296 3063 substantia

263 3090 412 3142 gloriae
429 3104 438 3130 z
461 3102 564 3141 ergo
585 3093 847 3142 cognoscunt
865 3090 1178 3132 distinctionem
1197 3105 1293 3146 per-

264 3173 491 3210 sonarum,
514 3163 555 3200 et
579 3161 770 3201 essentiae
789 3161 1000 3202 unitatem
1023 3165 1064 3203 et
1083 3164 1260 3205 modum
1281 3176 1291 3204 ε

263 3245 367 3285 ergo
386 3232 534 3273 vident
559 3243 691 3284 quare
712 3232 985 3285 proprietates
1011 3234 1295 3276 determinant

263 3304 548 3358 hypostasim,
582 3315 669 3343 non
696 3304 934 3344 essentiam.
963 3304 1015 3346 Et
1043 3305 1225 3358 iterum⁷
1259 3307 1293 3347 si

263 3374 585 3429 comprehensio
605 3374 685 3414 erit.
704 3374 754 3414 de
774 3375 929 3427 quibus
946 3378 1008 3416 est
1025 3378 1152 3419 modo
1171 3379 1290 3430 fideS,

263 3451 304 3488 et
316 3459 393 3488 nos
409 3447 535 3488 modo
550 3445 632 3487 fide
648 3448 845 3487 tenemus
865 3462 873 3488 :
896 3460 1000 3500 ergo
1013 3449 1059 3490 in
1072 3451 1209 3503 patria
1221 3463 1293 3493 00-

262 3531 529 3571 gnoscemus.

1037 203 1456 247 SENTENTIARUM
1484 205 1583 247 LIB.
1614 207 1645 247 Ι.

1434 294 1558 348 Hesp.
1582 296 1810 337 Dicendum
1835 297 1945 349 quod
1960 329 1970 347 ,
1994 297 2103 337 sicut
2122 298 2219 340 dicit
2235 301 2408 354 Augus-

1384 366 1514 416 tinus,
1536 367 1586 409 (Ic
1611 369 1643 408 T
1644 369 1835 419 νῑηῖταΐθ,
1863 368 1969 408 sicut
1995 369 2117 410 fovea
2141 370 2294 412 dicitur
2323 386 2412 415 esse

1383 450 1516 487 caira,
1546 452 1631 479 non
1654 441 1767 493 quod
1792 441 1882 492 ipsa
1906 452 1992 480 11011
2016 441 2180 493 videat,
2216 443 2286 483 sed
2313 445 2413 496 quia

1383 510 1494 561 quod
1523 510 1670 563 habet,
1699 526 1785 553 non
1811 513 1994 553 ostendit
2023 514 2141 565 aliis;
2171 515 2229 555 sic
2257 516 2413 568 Angeli

1382 579 1581 621 dicuntur
1610 582 1829 634 ignorare,
1865 585 1905 623 et
1936 583 2099 634 Sancti,
2134 588 2305 638 propter
2333 587 2415 628 hoc

1383 651 1498 702 quod
1517 664 1602 692 non
1619 655 1809 694 revelant
1828 654 1943 704 talia,
1966 655 2036 695 sed
2054 656 2192 707 magis
2208 656 2414 710 intelligi-

1383 721 1504 773 liilia3
1528 727 1568 764 et
1581 725 1681 776 quia
1695 726 1794 766 talia
1808 738 1896 766 non
1910 726 2068 767 hahent
2084 727 2220 768 simile
2238 727 2283 768 in
2297 741 2414 769 crea-

1382 795 1497 844 tura,
1531 795 1618 835 imo
1651 796 1788 847 inagis
1811 797 2040 847 dissimile,
2070 797 2269 839 dicuntur
2294 800 2415 840 nobis

1382 864 1842 919 incomprehensibilia.
1864 868 1914 908 Et
1929 872 2120 908 removet
2138 868 2323 910 Hilarius
2337 871 2412 910 tri-

1382 936 1534 988 plicem
1565 939 1853 990 cognitionem
1880 952 2009 992 quam
2033 940 2241 981 habemus
2266 941 2315 982 de
2341 954 2414 982 re·-

1381 1007 1462 1048 bus
1479 1009 1634 1050 divinis
1653 1025 1661 1050 2
1682 1023 1771 1050 una
1789 1013 1851 1051 est
1868 1023 1942 1063 per
1962 1012 2228 1064 Angelorum
2250 1012 2414 1053 revela-

1381 1081 1542 1122 tionem
1555 1097 1564 1132 3
1577 1082 1742 1135 aliaper
1751 1081 2059 1134 Prophetarum
2070 1083 2410 1134 illustrationem,

1381 1153 1504 1193 tertia
1535 1166 1610 1206 per
1642 1153 1943 1206 Apostolorum
1973 1154 2331 1205 praedicationem.
2363 1155 2414 1196 Et

1381 1224 1482 1265 dicit
1500 1224 1687 1277 Angelos
1701 1236 1787 1265 non
1802 1224 1964 1275 audire„
1988 1224 2088 1277 quia
2109 1225 2190 1277 ipsi
2204 1226 2413 1279 recipiunt

1380 1296 1686 1336 revelationem
1707 1308 1730 1335 a
1750 1295 2008 1347 maj0rihus‚
2031 1298 2072 1336 et
2088 1296 2209 1337 nobis
2228 1309 2316 1338 non
2336 1309 2413 1338 ex-

1380 1369 1590 1421 primunt.
1617 1368 1817 1420 Magister
1836 1380 1941 1420 ergo
1957 1367 2065 1408 110110
2085 1369 2320 1421 respondet,
2343 1381 2412 1410 os—

1380 1442 1589 1482 tendendo
1610 1441 1970 1481 insufficientiam.
1994 1439 2038 1480 Si
2059 1440 2174 1481 enim
2195 1444 2413 1493 quaeratur

1379 1527 1512 1567 quare
1536 1514 1770 1567 proprietas
1801 1516 1862 1553 est
1892 1512 1938 1552 in
1966 1525 2146 1566 persona
2181 1516 2228 1553 ut
2263 1513 2412 1554 distin-

1379 1599 1519 1639 guens
1535 1619 1544 1637 ‚
1571 1586 1617 1626 in
1644 1585 1823 1626 essentia
1849 1597 1963 1636 non;
1993 1585 2270 1638 respondetur
2299 1585 2412 1637 quod

1378 1670 1558 1711 persona
1586 1670 1630 1698 se
1656 1657 1784 1697 habet
1812 1657 1865 1697 ad
1893 1656 2044 1705 aliam,
2077 1658 2117 1696 et
2143 1656 2339 1706 refertur,
2370 1658 2412 1696 et

1377 1729 1656 1781 distinguitur
1675 1742 1685 1769 ε
1710 1732 1750 1769 et
1773 1729 1808 1769 si
1825 1729 1906 1769 1100
1925 1727 2244 1781 respondeatur,
2273 1727 2411 1768 adhuc

1378 1804 1520 1841 manet
1534 1801 1726 1854 quaestio,
1748 1812 1879 1853 quare
1893 1812 2071 1853 persona
2084 1799 2285 1840 refertur:
2305 1811 2410 1851 ergo

1376 1873 1656 1926 respondetur
1674 1871 1775 1925 quia
1794 1884 1881 1912 una
1901 1874 1962 1912 est
1979 1871 2158 1912 essentia
2171 1904 2181 1920 ‚
2207 1873 2292 1911 tres
2310 1883 2409 1924 per-

1376 1957 1508 1985 sonae.
1538 1943 1582 1985 Si
1610 1946 1659 1984 tu
1682 1955 1849 1996 qiiaeras
1873 1942 2122 1996 hujusmodi
2152 1941 2329 1983 omnino
2349 1942 2408 1982 si-

1376 2016 1497 2068 mile,
1526 2028 1613 2057 non
1639 2015 1854 2066 invenies,
1883 2017 1923 2056 et
1947 2015 2041 2056 ideo
2060 2015 2104 2054 in
2130 2014 2408 2055 fundamento

1374 2088 1474 2128 fidei
1493 2090 1657 2141 oportet
1676 2087 1837 2128 sistere.

1801 2214 1892 2242 DUB.
1923 2214 1983 2242 IV.

1471 2294 1540 2324 Nos
1560 2295 1675 2325 autem
1694 2292 1790 2324 aliter
1807 2292 1881 2324 fore
1898 2291 1961 2323 ista
1981 2289 2220 2332 intelligenda,
2239 2292 2304 2321 etc.

1429 2375 1671 2417 Notandum
1703 2388 1831 2429 super
1861 2375 1942 2416 ista
1973 2374 2181 2415 solutione
2213 2373 2405 2426 Magistri

1373 2459 1503 2500 quam
1534 2448 1653 2500 ponit
1669 2447 1739 2487 hic
1755 2479 1764 2496 ‚
1796 2447 1911 2499 quod
1937 2445 2171 2486 locutiones
2189 2445 2279 2485 istae
2301 2456 2406 2497 quas

1373 2519 1574 2572 proponit
1592 2519 1864 2571 Augustinus
1879 2522 1908 2569 1,
1928 2517 2082 2558 scilicet
2105 2531 2113 2557 :
2138 2533 2157 2555 «
2174 2516 2296 2557 Pater
2315 2528 2403 2556 non

1373 2593 1434 2631 est
1459 2603 1509 2631 eo
1535 2591 1767 2632 substantia
1782 2623 1793 2642 ‚
1824 2602 1910 2643 quo
1931 2592 1992 2630 est
2012 2588 2148 2640 Pater,
2163 2603 2181 2626 n
2207 2591 2248 2629 et
2267 2587 2405 2629 consi-

1372 2663 1506 2714 miles⁷
1523 2663 1710 2716 duplices
1721 2664 1834 2713 sunt,
1859 2661 1959 2715 quia
1975 2661 2186 2702 ablativus
2205 2660 2404 2712 importat

1370 2734 1665 2776 habitudinem
1690 2735 1735 2775 in
1756 2734 1920 2775 ratione
1945 2734 2093 2774 formae
2110 2765 2120 2784 ⁷
2148 2733 2239 2773 sive
2264 2744 2402 2772 causa}

1369 2807 1579 2857 formalis,
1601 2807 1799 2861 quamvis
1820 2807 1866 2847 in
1886 2806 2042 2847 divinis
2061 2818 2147 2846 non
2165 2805 2285 2846 cadat
2301 2816 2402 2845 vere

1370 2877 1575 2920 habitudo
1606 2891 1745 2920 causae
1776 2880 1988 2932 quantum
2018 2878 2068 2919 ad
2104 2889 2194 2918 rem
2212 2909 2223 2928 ⁷
2259 2879 2402 2917 tamen

1369 2952 1580 3002 quantum
1613 2950 1664 2990 ad
1696 2949 1905 2990 rationem
1943 2948 2223 3000 intelligendi.
2262 2946 2402 2987 Potest

1369 3034 1474 3074 ergo
1494 3021 1714 3062 causalitas
1732 3021 1880 3061 cadere
1902 3020 1981 3060 suh
2005 3019 2232 3072 negatione
2245 3051 2256 3070 ‚
2278 3020 2325 3059 ut
2346 3018 2401 3058 sit

1369 3095 1541 3148 negatio
1554 3094 1823 3143 causalitatis⁷
1840 3096 1880 3133 et
1898 3096 2000 3133 tunc
2010 3092 2164 3133 locutio
2183 3094 2244 3132 est
2262 3102 2364 3132 vera
2388 3105 2396 3131 :

1368 3171 1409 3208 et
1429 3167 1474 3207 in
1493 3167 1574 3207 hoc
1597 3179 1723 3207 sensu
1748 3164 1899 3217 accipit
1918 3163 2212 3216 Augustinus,
2241 3164 2282 3203 et
2309 3161 2400 3202 Ma—

1367 3239 1499 3291 gister
1518 3238 1706 3290 exponit.
1729 3236 1801 3277 Est
1823 3236 1937 3276 enim
1957 3246 2104 3276 sensus
2124 3249 2132 3274 :
2158 3233 2252 3274 Non
2270 3245 2320 3274 eo
2336 3235 2398 3273 est

1367 3310 1476 3351 Deus
1502 3321 1586 3362 quo
1610 3308 1747 3357 Pater,
1770 3307 1871 3360 quia
1894 3306 2144 3360 paternitate
2167 3308 2228 3346 est
2256 3304 2393 3355 Pater,

1365 3384 1571 3435 tanquam
1605 3380 1767 3421 ratione
1800 3378 1964 3420 dicendi
1995 3379 2061 3419 vel
2090 3376 2356 3429 intelligendi
2382 3388 2392 3416 :

1363 3466 1451 3495 non
1485 3454 1543 3493 sic
1574 3455 1718 3493 autem
1745 3449 1973 3504 paternitas
2000 3452 2061 3490 est
2092 3449 2198 3489 ratio
2229 3447 2394 3489 dicendi

1409 3537 1421 3560 ¹
1436 3537 1536 3578 Aug„
1555 3535 1595 3567 cle
1614 3535 1748 3572 Trinit„
1765 3534 1824 3567 lib.
1842 3533 1923 3574 VII,
1941 3543 1971 3565 0.
1993 3541 2046 3575 VI,
2065 3542 2100 3565 n.
2119 3536 2170 3566 11.
