2613 3990
694 245 821 288 olsT.
853 244 923 285 111.
955 241 1107 284 PART.
1139 240 1191 282 n.
1221 239 1339 281 ART.
1372 239 1402 281 1.
1435 239 1630 289 QUAEST.
1661 240 1691 281 1.
2248 245 2297 282 77

229 339 401 380 Contra:
424 338 597 379 Videtur
613 337 748 378 dicere
767 335 942 383 falsum3
959 332 1072 385 quia,
1098 342 1197 371 cum

175 409 260 450 sint
274 409 404 450 unius
421 408 627 458 essentiae,
645 410 685 448 et
697 405 875 447 essentia
888 404 939 444 sit
954 403 1076 452 Deus,
1093 413 1197 453 ergo

176 483 273 521 sunt
289 480 417 520 unius
431 480 516 520 Dei.
536 479 579 520 Si
599 479 723 528 (11005,
747 476 859 529 quod
877 487 964 515 non
984 473 1193 526 sequitur3

175 563 255 603 ego
272 563 418 604 quaero
432 583 442 602 ,
465 562 595 604 quare
615 561 702 588 non
726 546 968 588 conceditur
985 545 1098 598 quod
1115 548 1199 584 tres

174 633 365 674 personae
385 625 484 662 sunt
504 621 631 662 unius
650 619 749 660 Dei?
764 618 808 659 Si
829 618 930 659 dicis
945 617 1056 670 quod
1075 629 1197 669 prop-

173 695 237 733 ter
255 692 355 744 hoc,
377 692 490 746 quod
515 691 711 743 obliquus
739 692 856 730 notat
882 687 1194 736 diversitatem3

174 775 299 815 ergo,
329 775 428 804 cum
458 761 634 803 essentia
665 773 753 802 non
777 760 830 800 sit
857 760 1022 801 diversa
1048 771 1073 798 a
1098 770 1197 811 per-

174 846 296 880 sona,
330 847 416 875 non
442 836 577 887 potest
605 833 713 874 dici:
751 832 852 873 Tres
882 844 1073 885 personae
1100 834 1199 871 sunt

173 906 302 947 nnius
319 905 526 947 essentiae.

226 977 348 1030 Resp.
378 977 612 1018 Dicendum
639 975 751 1029 quod
781 977 1010 1028 generatus
1032 976 1086 1025 (a)
1117 974 1196 1013 ali-

173 1049 340 1101 quando
367 1047 629 1089 construitur
654 1047 701 1087 in
720 1047 883 1087 ratione
901 1046 1195 1100 possessionis,

171 1122 220 1159 ut
232 1119 265 1159 si
280 1119 455 1168 dicatur,
468 1119 544 1160 1105
557 1118 668 1160 Petri
686 1119 749 1159 vel
761 1117 782 1159 J
785 1118 954 1167 oannis;
971 1117 1199 1169 aliquando

172 1202 226 1231 ex
243 1191 288 1231 vi
316 1190 628 1241 declarationis,
655 1193 703 1230 ut
721 1189 876 1230 mulier
904 1188 1093 1240 egregiae
1114 1188 1199 1228 for-

172 1273 273 1311 mae3
295 1261 521 1314 aliquando
538 1261 822 1310 intransitive,
845 1263 894 1301 ut
913 1263 1106 1300 creatura
1126 1271 1197 1299 sa-

171 1333 236 1374 lis.
269 1333 538 1374 Intransitive
571 1334 832 1374 construitur
865 1332 1064 1384 generale
1099 1344 1198 1372 cum

172 1405 355 1458 speciali,
377 1407 418 1445 et
438 1405 497 1445 sic
512 1408 651 1458 potest
667 1405 747 1445 dici
766 1404 1001 1445 substantia
1021 1403 1088 1444 vel
1106 1415 1198 1456 per-

172 1489 275 1518 sona
306 1477 392 1518 Dei.
421 1477 484 1518 Ex
514 1477 559 1517 vi
588 1477 881 1518 declarationis
907 1476 1121 1526 essentiae,
1151 1478 1200 1516 ut

172 1548 406 1601 importans
438 1549 619 1589 formam
642 1561 717 1602 per
742 1548 919 1589 modum
952 1548 1124 1597 sormae,
1160 1551 1200 1587 et

172 1620 230 1660 sic
260 1619 460 1660 dicuntur
493 1623 577 1661 tres
608 1631 800 1673 personae
828 1619 958 1659 unius
989 1618 1195 1659 essentiae.

174 1690 280 1739 Quia
299 1703 422 1743 ergO,
444 1691 615 1744 quando
635 1691 786 1731 dicitur
809 1703 818 1731 :
847 1705 865 1728 (ι
885 1689 985 1730 Tres
1004 1701 1195 1743 personae

173 1766 272 1803 sunt
290 1763 418 1803 unius
438 1762 524 1814 Dei,
538 1777 557 1800 »
574 1762 683 1803 Deus
700 1775 787 1803 non
803 1762 1013 1814 significat
1027 1773 1103 1801 nec
1123 1774 1198 1814 per

174 1834 350 1874 modum
367 1834 533 1883 formae,
552 1846 630 1874 1100
657 1846 731 1887 per
755 1834 931 1874 modum
952 1833 1194 1886 specifican-

174 1905 240 1956 tis,
261 1905 353 1946 ideo
370 1905 621 1957 intelligitur
640 1917 715 1958 per
734 1905 911 1945 modum
931 1904 1194 1957 possidentis,

174 1977 242 2017 vel
277 1976 569 2030 principiantis
586 1992 596 2027 ;
643 1980 683 2018 et
724 1976 818 2018 ideo
857 1976 1100 2029 simpliciter
1137 1979 1199 2017 est

173 2047 275 2088 falsa
292 2046 339 2101 (b)
348 2078 357 2088 .
596 2113 672 2142 ΗΕΒ
715 2113 758 2141 XI

358 2181 401 2213 Ut
419 2190 462 2213 ex
480 2180 629 2213 maxima
648 2184 742 2222 parte
768 2181 811 2213 sit
829 2181 1011 2214 dissimilis.

225 2265 403 2307 Contra:
425 2265 514 2308 Hoc
531 2267 700 2308 videtur
719 2267 895 2315 falsum3
924 2268 1024 2321 quia
1050 2268 1194 2321 imago

171 2339 232 2378 est
250 2337 480 2379 similitudo
497 2350 717 2392 expressa:
739 2351 857 2391 ergo,
877 2339 911 2379 si
933 2339 1119 2380 maxime
1137 2343 1198 2380 est

170 2408 404 2459 dissimilis,
427 2422 515 2451 non
532 2413 594 2451 est
614 2410 776 2463 imago.
1008 2405 1009 2408 ’

224 2479 346 2535 Resp.
368 2480 619 2531 Dicendum,
641 2482 754 2535 quod
775 2485 837 2522 est
861 2482 1074 2535 expressio
1092 2482 1197 2523 sim-

169 2552 349 2607 pliciter,
367 2554 436 2596 vel
454 2554 497 2594 in
518 2567 675 2607 genere
693 2567 704 2596 :
726 2554 760 2594 si
776 2567 879 2607 ergo
893 2554 1121 2608 loquamur
1148 2555 1198 2596 de

169 2626 439 2678 expressione
458 2626 720 2680 simpliciter,
744 2626 803 2667 510
830 2627 941 2678 (1100,
970 2628 1086 2680 quod
1105 2628 1194 2668 ani-

169 2712 240 2741 ma
263 2700 478 2742 rationalis
501 2714 588 2742 non
618 2704 680 2742 est
703 2701 824 2742 valde
855 2701 1004 2742 similis
1027 2702 1134 2754 Deo;
1163 2705 1198 2745 si

170 2774 314 2813 autem
337 2772 562 2826 loquamur
587 2773 631 2813 in
658 2785 816 2826 genere
840 2777 1066 2824 creaturae,
1098 2776 1199 2828 quia

169 2846 338 2885 tantum
368 2845 589 2898 exprimit,
627 2847 836 2898 quantum
871 2848 1005 2899 potest
1039 2850 1194 2888 natura

169 2919 326 2968 creata,
347 2916 406 2957 510
424 2916 578 2957 dicitur
596 2916 718 2958 valde
737 2916 886 2958 similis
899 2950 910 2968 ,
933 2920 974 2959 et
993 2930 1192 2972 expressa

166 2987 396 3029 similitudo
416 2987 503 3029 Dei.

582 3053 672 3082 DUB.
703 3054 780 3083 xn.

254 3123 289 3156 Si
305 3124 372 3156 duo
391 3127 516 3166 essent,
535 3124 591 3157 vel
610 3127 751 3166 uterque
771 3125 981 3158 insufficiens
997 3129 1100 3159 esset.

221 3199 396 3242 Contra:
413 3201 519 3252 Quia
531 3202 768 3243 secundum
784 3202 900 3244 viam
914 3203 1038 3244 istam
1056 3217 1196 3245 mons-

168 3271 270 3312 trari
287 3276 425 3325 posset
443 3274 556 3326 quod
575 3286 664 3315 non
683 3274 738 3314 sit
756 3273 839 3314 nisi
857 3286 946 3315 una
965 3287 1158 3328 persona.

222 3341 343 3396 Resp.
364 3344 598 3386 Dicendum
615 3345 728 3398 quod
748 3345 792 3385 in
811 3345 1002 3397 personis
1016 3358 1103 3387 non
1122 3359 1193 3399 po-

168 3415 248 3454 test
278 3426 367 3456 esse
396 3417 663 3470 superfluitas
676 3450 686 3469 ,
717 3417 819 3470 quia
849 3417 894 3458 in
927 3418 986 3459 eis
1014 3422 1075 3459 est
1106 3431 1192 3460 una

169 3485 444 3529 sufficientia:
467 3489 595 3539 unde,
616 3489 651 3530 si
669 3502 758 3530 una
777 3490 884 3530 esset
902 3490 1131 3543 superflua,
1152 3493 1193 3532 et

210 3570 253 3611 (a)
275 3568 314 3600 Id
326 3572 374 3601 est
393 3579 490 3604 casus
505 3573 689 3614 genitivus.
702 3591 742 3597 —
760 3572 806 3615 (b)
828 3572 964 3605 Scilicet
983 3575 1185 3615 propositio.

1271 341 1431 370 omnes.
1455 328 1534 369 Sed
1555 341 1640 369 non
1662 329 1871 381 potestibi
1893 342 1980 370 esse
2004 331 2145 383 aliqua
2163 331 2298 371 insui*-

1271 399 1473 448 ficientia,
1494 398 1593 450 quia
1613 399 1718 439 nihil
1746 399 1841 451 plus
1860 399 2018 440 habent
2036 404 2119 440 tres
2133 432 2142 449 ,
2170 414 2299 453 quam

1272 482 1372 509 una.
1396 468 1475 509 Sed
1499 469 1532 508 si
1549 472 1685 509 essent
1703 470 1799 510 duae
1819 471 2030 521 essentiae,
2047 471 2144 511 duae
2165 476 2302 513 essent

1271 539 1556 589 sufficientiae,
1580 543 1620 580 et
1645 541 1844 593 quaelihet
1875 554 1950 594 per
1980 554 2022 582 se
2053 545 2157 582 esset
2185 543 2301 582 suffi-

1271 612 1397 652 ciens.
1421 610 1463 651 Si
1483 614 1626 651 autem
1651 612 1781 652 altera
1807 625 1904 652 cum
1925 613 2076 660 altera,
2105 613 2303 665 quaelibet

1272 685 1378 723 esset
1399 682 1672 722 insufficiens.
1702 682 1751 723 Et
1778 683 1836 723 ita
1861 687 1974 736 patet
2001 683 2115 736 quod
2137 696 2223 724 non
2243 687 2304 724 est

1272 753 1407 794 simile
1426 753 1476 793 de
1496 753 1660 794 duabus
1690 755 1900 806 essentiis,
1927 755 2036 795 sicut
2068 755 2119 796 de
2140 755 2304 796 duabus

1272 825 1475 878 personis.

1679 892 1769 920 11111.
1801 892 1893 919 xm.

1378 963 1417 994 Et
1435 961 1529 1003 vidit,
1550 962 1628 1003 quia
1645 963 1771 1004 absque
1792 964 1957 1004 sapientia
1977 973 2046 996 non
2064 963 2119 1005 sit,
2134 966 2199 996 etc.

1328 1040 1501 1082 Contra:
1521 1041 1756 1082 secundum
1770 1042 1849 1082 hoc
1862 1042 2035 1083 videtur
2051 1042 2165 1095 quod
2180 1041 2302 1082 Pater

1273 1112 1325 1153 sit
1344 1113 1549 1165 sapientia
1569 1114 1728 1166 genita.

1326 1184 1448 1238 Resp.
1483 1185 1714 1226 Dicendum
1745 1186 1858 1238 quod
1889 1186 1967 1226 ista
2004 1186 2305 1238 consequentia

1273 1268 1360 1297 non
1376 1260 1436 1297 est
1451 1256 1725 1309 intelligenda
1740 1257 2001 1306 immediate,
2021 1256 2177 1297 scilicet
2196 1256 2306 1303 Ouia

1272 1339 1358 1370 non
1378 1332 1438 1370 est
1456 1339 1521 1370 res
1543 1329 1689 1380 fatua,
1708 1339 1801 1381 erqo
1816 1328 1938 1371 habet
1957 1329 2222 1381 sapientiam
2245 1339 2307 1381 ye-

1273 1402 1424 1442 m'tam.
1449 1400 1529 1441 Sed
1548 1401 1629 1441 hoc
1648 1401 1978 1452 intelligendum
1999 1403 2060 1440 est
2081 1400 2139 1440 sic
2162 1414 2170 1440 :
2196 1399 2307 1440 Deus

1274 1475 1335 1511 est
1359 1472 1592 1511 substantia
1615 1471 1873 1524 spiritualis:
1901 1483 2005 1523 ergo
2026 1473 2088 1511 est
2111 1473 2211 1511 nata
2232 1482 2306 1511 co—

1276 1554 1507 1593 gnoscere:
1539 1554 1666 1593 ergo,
1694 1543 1728 1581 si
1759 1554 1848 1582 non
1877 1542 2004 1582 habet
2032 1542 2304 1594 sapientiam,

1275 1616 1335 1653 est
1353 1625 1420 1653 res
1439 1613 1567 1653 fatua.
1589 1612 1669 1653 Sed
1686 1625 1771 1653 non
1787 1616 1847 1653 est
1866 1625 1934 1653 res
1951 1613 2088 1653 fatua:
2112 1625 2215 1665 ergo
2235 1613 2308 1653 ha-

1274 1684 1344 1724 bet
1374 1684 1637 1736 sapientiam.
1661 1684 1742 1725 Sed
1776 1697 1864 1725 non
1896 1687 1957 1725 est
1982 1684 2186 1737 sapientia
2219 1684 2307 1725 sine

1273 1758 1425 1809 verbo,
1456 1760 1496 1798 et
1525 1770 1611 1798 non
1640 1761 1702 1798 est
1732 1758 1915 1798 verbum
1946 1757 2027 1797 nisi
2058 1757 2256 1811 procedat
2284 1771 2309 1798 a

1275 1832 1439 1880 mente,
1470 1832 1510 1869 et
1538 1831 1596 1869 ita
1625 1833 1854 1882 generetur
1876 1842 1885 1870 :
1911 1842 2015 1882 ergo
2036 1843 2060 1870 a
2086 1830 2248 1883 primo,
2274 1830 2309 1869 si

1274 1900 1400 1941 habet
1413 1901 1676 1954 sapientiam,
1694 1914 1862 1942 necesse
1877 1904 1939 1942 est
1952 1901 2202 1954 sapientiam
2217 1913 2306 1941 esse

1276 1975 1478 2026 genitam.
1495 1974 1546 2015 Et
1563 1987 1712 2015 omnes
1731 1976 1832 2015 istas
1849 1975 2172 2028 consequentias
2186 1987 2307 2028 opor-

1274 2048 1333 2086 tet
1350 2045 1588 2098 intelligere
1608 2046 1870 2087 immediate.

1597 2214 1922 2260 ARTICULUS
1956 2216 1991 2260 I.

1330 2340 1660 2394 Consequenter,
1678 2341 1730 2382 ad
1748 2341 2075 2394 intelligentiam
2086 2340 2205 2381 istius
2216 2353 2309 2394 par-

1274 2412 1327 2452 tis
1344 2411 1539 2453 secundae
1554 2412 1774 2465 praesentis
1791 2411 2081 2460 distinctionis,
2097 2415 2306 2465 quantum

1275 2485 1327 2526 ad
1346 2485 1530 2538 primam
1548 2484 1882 2537 assignationem
1900 2484 2118 2536 imaginis,
2135 2495 2232 2536 quae
2247 2485 2308 2523 est

1275 2568 1350 2609 per
1371 2555 1641 2607 Memoriam,
1670 2555 2020 2607 Intelligentiam,
2044 2558 2083 2596 et
2102 2554 2308 2596 Volunta-

1274 2630 1381 2677 tem,
1401 2627 1482 2668 tria
1504 2629 1758 2680 quaeruntur
1781 2643 1791 2668 1
1818 2627 1986 2680 primo,
2007 2630 2154 2668 utrum
2173 2626 2218 2667 in
2242 2626 2308 2667 his

1273 2699 1429 2750 tribus,
1452 2699 1607 2740 scilicet
1624 2699 1830 2740 memoria
1842 2731 1851 2748 ,
1874 2698 2153 2750 intelligentia
2170 2701 2211 2739 et
2229 2710 2306 2739 vo-

1273 2771 1457 2823 luntate,
1477 2772 1717 2813 attendatur
1734 2772 1844 2812 ratio
1861 2771 2084 2824 imaginis3
2105 2771 2304 2822 secundo,

1273 2843 1323 2884 de
1343 2843 1658 2896 comparatione
1677 2842 1858 2883 istarum
1883 2842 1935 2882 ad
1960 2842 2194 2894 obJectum3
2220 2845 2307 2882 ter-

1272 2918 1346 2967 tio,
1370 2919 1420 2959 de
1440 2918 1754 2972 comparatione
1773 2929 1922 2959 earum
1941 2916 1993 2958 ad
2014 2916 2219 2966 animam,
2237 2917 2306 2958 vel

1274 2990 1530 3043 subjectum.

1617 3094 1891 3146 QUAESTIO
1924 3094 1956 3136 Ι.

1273 3193 1335 3228 An
1360 3194 1536 3238 Imaqz'm's
1553 3194 1651 3228 ratio
1682 3194 1850 3228 consistat
1875 3193 1971 3228 circa
1988 3192 2299 3238 Intelliqentiam,

1504 3253 1713 3288 Memoriam
1735 3255 1768 3288 et
1791 3252 2024 3289 Voluntatem
2046 3251 2073 3289 ¹.

1326 3345 1445 3395 Quod
1470 3346 1516 3386 in
1543 3346 1743 3387 omnibus
1774 3347 1903 3388 simul
1928 3347 2000 3398 sit,
2024 3347 2219 3397 videtur3
2246 3346 2299 3387 ad

1271 3420 1479 3460 rationem
1497 3419 1611 3460 enim
1630 3419 1831 3472 imaginis
1849 3420 2082 3474 requiritur
2099 3432 2298 3473 expressa

1315 3528 1327 3549 ¹
1345 3527 1396 3566 Cf.
1413 3527 1576 3558 Alexand.
1593 3526 1736 3568 Alensis,
1754 3537 1788 3568 p.
1807 3528 1833 3567 1,
1853 3536 1886 3568 q.
1902 3535 1972 3568 LXI,
1991 3526 2117 3558 memb.
2134 3527 2165 3566 3,
2183 3528 2246 3558 art.
2263 3527 2294 3566 33

1271 3576 1304 3608 S.
1321 3574 1480 3615 Thomas,
1497 3584 1531 3615 p.
1550 3575 1575 3616 1,
1593 3584 1625 3616 q.
1641 3581 1740 3615 xc111,
1757 3577 1820 3606 art.
1836 3576 1853 3606 5
1869 3577 1902 3606 et
1915 3577 1953 3614 63
1975 3573 2141 3614 AEgidius,
2159 3573 2171 3605 1
2190 3572 2298 3612 Seni„

2348 3365 2462 3393 Funda-

2325 3411 2428 3438 menta.
