2613 3990
109 934 226 964 Divisio.

651 379 800 429 PART.
833 377 868 430 Ῑ.

252 506 303 535 DE
329 503 679 540 PROPRIETATIBL'S,
700 503 750 530 ET
779 498 1086 529 CONmTIONIBES
1115 495 1280 531 QUODAM

306 571 417 600 MODO
445 569 763 605 ESSENTIALIMS,
787 567 834 594 ET
857 565 1022 600 QUODAM
1051 563 1161 592 MODO
1192 562 1282 590 PER-

308 637 524 666 SONALIBL'S
553 632 794 670 TleTATIS,
827 632 876 659 ET
901 630 1099 660 UMTATIS.

515 745 784 789 EXPOSITIO
814 743 1032 786 TEXTUS.

272 847 368 878 Nunc
387 847 567 887 postquam
583 843 808 875 :eternitatem
824 840 925 873 trium
940 841 1179 876 Personarum,
1199 837 1265 867 etc.

308 927 560 970 Terminatis
597 926 762 967 duabus
808 923 1023 977 partibus,
1054 921 1099 960 in
1131 919 1286 972 quibus

255 1000 455 1052 Magister
474 998 562 1051 egit
580 997 630 1039 de
646 997 713 1037 his
733 1008 831 1049 quae
849 994 1059 1048 pertinent
1072 991 1124 1032 ad
1144 1001 1284 1030 essen-

255 1073 324 1113 tiae
355 1071 584 1120 unitatem,
623 1072 663 1110 et
693 1077 971 1122 personarum
1001 1063 1287 1117 pluralitatem

255 1143 493 1196 sigillatim,
516 1141 585 1182 hic
604 1140 752 1193 incipit
769 1139 891 1179 tertia
909 1148 1021 1190 pars,
1044 1135 1090 1175 in
1113 1146 1198 1187 qua
1216 1132 1287 1174 de-

254 1214 454 1256 terminat
484 1224 763 1267 personarum
792 1209 1090 1263 aequalitatem,
1114 1217 1212 1259 quae
1231 1203 1289 1244 si-

255 1286 347 1327 mul
362 1285 509 1339 recipit
528 1284 812 1339 pluralitatem
827 1285 868 1323 et
885 1280 1107 1321 unitatem.
1128 1277 1179 1318 Et
1197 1276 1289 1316 haec

256 1370 353 1411 pars
369 1357 499 1398 habet
513 1360 599 1398 tres
624 1358 765 1409 partes
784 1352 1036 1407 principales
1056 1366 1065 1392 z
1084 1351 1130 1390 in
1150 1349 1290 1403 prima

256 1430 471 1484 proponit,
497 1429 542 1470 in
569 1429 724 1482 quibus
752 1426 950 1468 consistat
981 1422 1222 1477 aequatitas3
1245 1421 1291 1460 in

257 1502 443 1543 secunda
461 1500 611 1554 probat
631 1498 881 1553 specialiter,
903 1497 986 1537 ibi:
1008 1496 1130 1538 szc
1152 1493 1292 1546 iqt'tw·

258 1575 447 1626 superest
479 1571 707 1621 ostendere,
741 1573 836 1621 etc.;
870 1569 915 1609 in
942 1567 1079 1617 tertia,
1109 1565 1224 1618 quia,
1247 1563 1292 1603 in

258 1644 492 1698 probando,
522 1642 830 1697 propositiones
857 1639 1007 1682 dubias
1036 1638 1215 1687 dixerat,
1247 1635 1293 1675 in

259 1715 416 1769 quihus
440 1714 565 1755 dictio
586 1712 804 1755 exclusiva
831 1713 1008 1765 generat
1029 1707 1294 1760 ambiguita—

260 1791 367 1839 tem,
395 1787 487 1829 ideo
517 1785 771 1827 determinat
792 1783 971 1838 qualiter
991 1781 1193 1824 dictiones
1213 1791 1294 1819 ex-

261 1859 436 1901 clusivae
460 1858 719 1911 accipiantur
748 1856 793 1896 in
829 1854 997 1906 divinis,
1019 1853 1155 1893 infra¹
1181 1866 1189 1891 :
1212 1851 1293 1892 Hie

262 1932 399 1973 oritur
417 1930 593 1984 qaeestio
614 1929 787 1972 trahens
807 1927 1018 1980 orz'yinem
1040 1936 1094 1966 ea:
1107 1921 1294 1977 praedie—

263 2004 334 2045 tis.
358 2001 502 2043 Prima
517 2014 616 2055 pars
634 1999 892 2054 principalis,
916 1999 962 2038 in
988 2009 1073 2050 qua
1095 1995 1295 2049 proponit

263 2074 375 2116 eain
394 2074 551 2127 quibus
569 2072 791 2126 {equalitas
811 2070 1014 2121 consistit,
1035 2068 1162 2110 habet
1190 2067 1296 2109 duas

263 2148 418 2199 partes.
452 2145 502 2185 In
528 2145 668 2199 prima
685 2146 804 2198 parte
829 2141 1028 2196 proponit
1052 2139 1167 2193 quod
1193 2150 1296 2179 con-

265 2217 373 2258 sistit
389 2217 434 2257 in
450 2216 518 2257 his
532 2216 683 2268 tribus,
700 2215 950 2264 aeternitate,
966 2210 1266 2264 magnitudine
1282 2242 1292 2261 ,

266 2292 307 2330 et
324 2291 543 2343 potestate.
566 2288 613 2328 In
633 2286 831 2338 secunda,
849 2298 904 2327 ne
920 2284 1193 2326 crederentur
1206 2282 1298 2323 haec

266 2361 349 2402 tria
367 2361 549 2410 diversa,
567 2359 747 2401 ostendit
766 2358 879 2412 quod
897 2358 991 2398 haec
1010 2358 1108 2397 sunt
1125 2355 1237 2396 idem
1253 2354 1298 2394 in

265 2431 365 2484 Deo,
398 2432 483 2473 ibi:
519 2432 698 2485 Cumque
727 2433 1022 2473 enumerentur
1053 2428 1143 2470 ista
1173 2426 1301 2479 quase·

267 2504 453 2553 diversa,
476 2505 555 2545 etc.
584 2502 784 2544 Similiter
814 2500 1000 2542 secunda
1020 2512 1118 2553 pars
1138 2498 1300 2552 princi—

266 2576 386 2630 palis,
409 2575 455 2616 in
483 2587 568 2628 qua
599 2574 749 2627 probat
776 2572 1076 2626 aequalitatem,
1098 2570 1301 2611 dividitur

266 2647 313 2687 in
331 2647 436 2688 duas
458 2661 467 2687 :
491 2645 723 2699 suppositio
741 2644 856 2685 enim
876 2643 989 2697 quod
1009 2643 1054 2683 in
1073 2641 1227 2684 divinis
1249 2641 1302 2681 sit

269 2718 486 2772 aequalitas
506 2719 717 2771 quantum
738 2716 790 2757 ad
810 2715 1105 2766 aeternitatem,
1122 2713 1304 2754 ostendit

269 2791 407 2844 primo
427 2789 712 2843 aequalitatem
733 2790 944 2841 quantum
968 2786 1020 2827 ad
1040 2785 1303 2838 magnitudi-

270 2875 393 2913 nem;
416 2862 614 2911 secundo,
633 2863 844 2914 quantum
869 2859 921 2900 ad
939 2860 1202 2912 potestatem,
1232 2857 1303 2898 in-

271 2934 389 2974 sra²z
421 2934 543 2975 Nunc
572 2931 789 2975 ostendere
812 2933 943 2973 restat
968 2940 1048 2982 quo
1079 2928 1200 2971 modo
1220 2929 1302 2970 ali-

272 3016 373 3058 qua,
393 3008 469 3046 etc.
502 3004 644 3045 Prima
661 3003 819 3044 iterum
848 3013 944 3055 pars
964 3001 1090 3041 habet
1105 3001 1234 3042 duas:
1258 3000 1304 3042 in

272 3076 410 3130 prima
429 3076 576 3129 probat
597 3075 883 3129 aequalitatem
902 3073 1213 3126 magnitudinis
1230 3085 1305 3126 per

273 3147 464 3188 essentia}
490 3148 722 3198 unitatem3
752 3145 936 3187 secundo
957 3145 1105 3198 probat
1125 3144 1304 3197 aequali-

272 3221 417 3270 tatem,
450 3218 711 3259 excludendo
731 3217 1080 3271 inaequalitatem,
1103 3216 1192 3256 ibi:
1224 3215 1306 3258 Sed

267 3290 363 3343 jam
391 3301 505 3332 nunc
536 3289 593 3331 ad
611 3291 876 3342 propositum
895 3288 1133 3330 redeamus.
1162 3287 1306 3329 Prima

273 3375 386 3417 pars,
417 3363 464 3403 in
490 3375 575 3416 qua
598 3363 746 3415 probat
775 3374 1057 3415 personarum
1086 3360 1306 3413 aequalita-

274 3437 360 3475 tem
374 3437 583 3487 quantum
597 3434 650 3475 ad
663 3434 1019 3486 magnitudinem,
1033 3433 1159 3473 habet
1171 3432 1276 3473 duas
1292 3447 1301 3474 :

319 3543 330 3564 1
344 3541 428 3574 Dist.
444 3549 560 3573 xxm·
572 3540 585 3561 2
601 3540 685 3573 Dist.
701 3548 805 3572 xx.--
821 3540 835 3562 3
851 3541 952 3581 Aug„
972 3540 1012 3571 de
1028 3539 1132 3581 Tria„
1150 3539 1208 3572 lib.
1230 3540 1304 3580 vil,

276 3599 350 3630 cap.
370 3597 396 3621 1.

1020 255 1433 302 SENTENTIARUM
1449 257 1559 306 LlB.
1592 256 1623 297 Ι.

1353 346 1398 386 in
1419 347 1558 399 prima
1583 345 1733 399 probat
1760 356 1835 398 per
1852 344 2043 385 essentiae
2063 345 2377 399 indivisionem,

1354 417 1443 457 sive
1456 417 1663 457 unitatem
1676 431 1685 467 ;
1703 416 1747 456 in
1761 415 1959 467 secunda,
1973 428 2048 469 per
2062 416 2178 458 illam
2187 418 2379 459 eamdem

1355 487 1538 528 ostendit
1556 499 1645 528 esse
1660 488 1703 527 in
1717 487 1905 540 personis
1918 487 2376 541 circumincessionem,

1355 559 1414 599 ibi
1435 571 1444 599 ε
1467 559 1520 601 Et
1550 559 1650 602 inde
1669 563 1727 602 esc
1751 559 1865 613 quod
1893 559 2020 602 Pater
2044 559 2208 603 dicitur
2231 572 2315 615 esse
2333 561 2381 603 in

1356 631 1484 673 Filio.

1791 698 1881 726 nun.
1914 697 1944 726 1.

1673 769 1770 801 Nunc
1788 771 1967 811 postquam
1980 793 1991 810 ,
2010 770 2075 801 etc.

1414 845 1460 885 In
1480 846 1598 898 parte
1627 845 1706 886 ista
1722 835 2125 887 sunt'dubitationes
2144 844 2254 886 circa
2272 845 2387 886 litte-

1358 929 1466 958 ram.
1490 916 1540 957 Et
1558 917 1696 970 primo
1723 917 1939 958 dubitatur
1958 917 2008 958 de
2032 917 2117 958 situ
2134 917 2267 970 hujus
2286 929 2388 970 par—

1360 989 1434 1039 tis3
1469 1001 1567 1029 cum
1607 989 1722 1029 enim
1747 989 1887 1029 unitas
1913 989 1959 1029 in
1994 988 2229 1029 substantia
2263 988 2390 1029 faciat

1360 1062 1624 1103 identitatem
1639 1093 1648 1110 ,
1670 1060 1811 1102 unitas
1832 1061 1877 1101 in
1905 1061 2139 1114 quantitate
2168 1060 2388 1113 aequalita-

1361 1136 1463 1185 tem,
1486 1133 1628 1174 unitas
1647 1132 1692 1172 in
1710 1131 1910 1185 qualitate
1928 1133 1958 1172 si
1967 1132 2273 1183 militudinem3
2296 1132 2391 1186 pari

1362 1205 1525 1246 ratione
1542 1204 1711 1245 videtur
1728 1203 1840 1257 quod
1854 1203 2022 1246 deberet
2041 1204 2321 1246 determinare
2340 1203 2391 1245 de

1362 1276 1579 1318 identitate
1598 1278 1639 1317 et
1657 1275 1934 1316 similitudine
1952 1288 1961 1316 :
1982 1276 2082 1329 quia
2097 1276 2131 1317 si
2150 1276 2201 1316 de
2217 1275 2283 1316 his
2297 1286 2388 1316 non

1363 1347 1628 1399 determinat,
1652 1347 1820 1388 videtur
1837 1346 1951 1399 quod
1968 1359 2047 1388 nec
2073 1347 2123 1388 de
2148 1346 2393 1400 aequalitate

1363 1419 1533 1461 deberet
1550 1419 1686 1460 facere
1706 1418 1931 1472 speclalem
1948 1420 2189 1460 tractatum.

1419 1491 1541 1545 Resp.
1575 1490 1806 1531 Dicendum
1841 1490 1977 1542 quod,
2002 1492 2168 1531 ostensa
2210 1489 2393 1544 perfecta

1365 1564 1625 1617 aequalitate,
1658 1563 1892 1604 ostenditur
1920 1562 2035 1616 quod
2067 1562 2313 1605 omnimoda
2344 1562 2396 1604 sit

1365 1635 1409 1675 in
1432 1637 1585 1676 natura
1613 1634 1811 1676 identitas
1848 1636 1888 1674 et
1920 1633 2151 1675 similitudo
2174 1646 2184 1674 :
2212 1637 2252 1675 et
2283 1634 2393 1685 ideo,

1367 1708 1645 1748 determinata
1673 1706 1939 1760 aequalitate,
1968 1718 2056 1747 non
2094 1708 2155 1747 est
2186 1709 2395 1760 opportu-

1366 1792 1473 1820 num
1504 1780 1555 1820 de
1588 1779 1682 1820 aliis
1720 1778 2020 1829 determinare;
2061 1779 2134 1819 sed
2166 1778 2307 1831 magis
2342 1777 2393 1818 de

1368 1851 1607 1904 aequalitate
1627 1850 1897 1900 determinat,
1920 1851 2091 1903 propter
2114 1850 2298 1890 haereses
2317 1862 2398 1890 ex-

1367 1921 1606 1975 tirpandas,
1629 1921 1888 1962 Arianorum
1916 1920 2118 1972 maxime,
2139 1920 2213 1974 qui
2245 1932 2399 1974 posue-

1368 1997 1468 2036 runt
1486 1994 1821 2048 inaequalitatem
1853 1992 1900 2033 in
1930 1993 2085 2035 divinis
2106 2008 2115 2034 z
2138 1995 2178 2034 et
2200 1993 2294 2034 ideo
2315 1992 2399 2033 dif-

1368 2066 1518 2108 ficilior
1537 2068 1578 2107 et
1595 2065 1740 2107 utilior
1759 2064 1869 2105 circa
1897 2063 1976 2105 hoc
1994 2066 2190 2106 versatur
2210 2063 2397 2117 disputa-

1370 2139 1444 2180 tio.

1809 2203 1900 2232 Dua.
1930 2204 1976 2231 11.

1569 2274 1840 2307 Coaeternitatem
1858 2274 1961 2307 trium
1978 2276 2218 2307 Personarum.

1426 2353 1608 2396 Videtur
1643 2353 1754 2394 male
1799 2353 1936 2394 dicere
1978 2352 2091 2406 quod
2129 2352 2401 2406 coaequalitas

1375 2425 1577 2468 consistat
1606 2425 1652 2465 in
1689 2426 1950 2475 aeternitate,
1992 2424 2094 2478 quia
2127 2424 2216 2478 ipse
2252 2424 2401 2466 dividit

1374 2498 1704 2539 coaeternitatem
1721 2499 1865 2538 contra
1884 2497 2169 2550 aequalitatem
2189 2513 2197 2538 :
2223 2509 2342 2549 ergo,
2368 2496 2403 2537 si

1374 2569 1426 2610 ab
1440 2581 1489 2610 ea.
1510 2569 1789 2621 distinguitur
1806 2571 2018 2621 quantum
2031 2568 2084 2609 ad
2105 2567 2402 2620 aeternitatem,

1374 2652 1461 2681 non
1481 2640 1711 2681 attenditur
1727 2639 1960 2693 aequalitas.

1430 2714 1553 2768 Resp.
1576 2715 1810 2756 Dicendum
1829 2715 1942 2769 quod
1967 2716 2190 2770 aequalitas
2215 2715 2399 2768 perfecta

1376 2786 1424 2827 in
1442 2786 1508 2827 his
1528 2787 1665 2828 tribus
1684 2787 1884 2839 consistit,
1906 2790 1948 2829 et
1961 2787 2159 2840 Magister
2175 2786 2407 2828 condividit

1379 2857 1666 2911 aequalitatem
1688 2861 1834 2900 contra
1853 2858 2182 2900 coaeternitatem
2196 2860 2407 2911 quantum

1378 2931 1431 2972 ad
1450 2931 1531 2972 alia
1548 2931 1632 2972 duo
1652 2931 1844 2973 membra
1858 2964 1868 2983 ,
1891 2931 2046 2973 scilicet
2063 2930 2405 2984 magnitudinem

1379 3002 1420 3041 et
1437 3000 1684 3053 potentiam.

1805 3068 1895 3097 nun.
1925 3066 1986 3095 111,

1687 3141 1763 3172 Non
1783 3139 1847 3171 alio
1863 3147 2019 3180 magnuS,
2040 3139 2106 3170 etc.

1433 3215 1610 3258 Videtur
1630 3217 1722 3270 pari
1741 3216 1904 3257 ratione
1920 3247 1930 3264 ,
1962 3227 2061 3255 cum
2091 3214 2174 3256 alio
2195 3214 2250 3255 sit
2273 3215 2407 3268 Deus,

1381 3287 1463 3329 alio
1482 3287 1619 3338 Pater,
1642 3289 1754 3341 quod
1774 3288 1855 3329 alio
1883 3287 1935 3328 sit
1952 3286 2084 3338 Deus,
2106 3286 2188 3328 alio
2206 3298 2407 3340 magnus.

1381 3359 1427 3401 Si
1446 3359 1560 3400 dicas
1591 3360 1704 3413 quod
1733 3359 1945 3414 quantitas
1972 3359 2124 3399 transit
2155 3358 2199 3399 in
2218 3358 2411 3399 substan-

1379 3434 1499 3483 tiam,
1528 3434 1676 3476 relatio
1697 3447 1804 3485 non3
1827 3433 2025 3487 objicitur
2049 3433 2164 3486 quod
2191 3432 2297 3473 illud
2322 3443 2410 3472 non

1381 3505 1506 3546 solvit
1527 3517 1538 3545 ε
1562 3505 1832 3558 Augustinus
1861 3504 1976 3545 enim
2006 3503 2196 3557 loquitur
2211 3504 2224 3525 ³
2243 3504 2294 3544 de
2318 3502 2409 3543 for-

1381 3576 1482 3617 mali
1500 3577 1817 3630 praedicatione,
1838 3578 1879 3617 et
1906 3578 2066 3618 constat
2085 3576 2199 3629 quod
2222 3573 2410 3617 formali-
