2613 3990
930 195 1059 236 DIST.
1090 194 1212 235 XXII.
1244 193 1363 234 ART.
1396 192 1426 233 l.
1460 191 1657 240 QUAEST.
1687 191 1751 233 IV.

288 285 508 326 diversitas
528 286 640 326 modi
662 286 781 339 ponit
799 284 1084 326 diversitatem
1102 284 1305 324 essentia-

286 356 370 396 lem
399 357 444 396 in
471 370 517 397 re
548 358 656 398 dicta
678 371 687 397 :
718 360 758 397 et
777 358 985 409 quantum
1013 355 1066 395 ad
1090 355 1171 395 hoc
1196 365 1308 395 unus

288 427 400 467 solus
421 428 572 468 modus
589 428 751 469 dicendi
772 429 832 467 est
850 427 894 466 in
914 426 996 466 Deo
1014 440 1022 466 ι
1045 438 1146 465 nam
1166 426 1309 466 omnia

289 510 385 550 quae
405 499 602 539 dicuntur
620 499 670 539 de
686 498 782 546 Deo,
797 500 897 537 sunt
912 497 999 549 ipse
1016 496 1139 544 Deua
1163 499 1203 537 et
1219 498 1311 548 ejus

290 569 537 609 substantia.
569 570 663 610 Alio
683 568 806 609 modo
822 600 831 616 ,
858 568 937 607 dici
954 568 1233 608 diversimode
1251 570 1313 608 est

291 641 524 681 secundum
563 640 779 680 diversum
819 638 994 678 modum
1027 638 1310 690 intelligendi,

291 711 366 763 qui
393 711 563 763 quidem
597 710 825 750 attenditur
853 709 1085 749 secundum
1111 710 1251 760 aliam,
1275 712 1315 750 et

291 781 418 822 aliam
448 782 670 830 rationem,
692 781 781 821 sive
800 781 976 820 modum
1002 781 1281 833 cognoscendi
1302 795 1310 820 t

295 854 335 893 et
360 852 417 892 sic
447 864 533 892 non
559 854 728 891 tantum
757 854 817 892 est
848 852 930 892 dici
963 852 1242 892 diversimode
1272 852 1316 891 in

292 923 535 963 nominibus
568 922 721 963 divinis
740 955 750 973 ,
787 923 873 963 imo
913 923 1182 973 omnimode3
1217 923 1317 975 quia

294 993 402 1034 Deus
431 1006 517 1034 non
545 996 711 1034 tantum
746 994 1015 1045 cognoscitur
1032 1006 1106 1046 per
1134 994 1314 1043 diversa,

293 1065 378 1105 imo
393 1076 467 1117 per
481 1064 624 1104 omnia
643 1076 788 1105 rerum
804 1077 962 1116 genera
980 1079 988 1105 z
1007 1068 1047 1105 et
1066 1065 1123 1105 sic
1141 1065 1317 1106 nomina

293 1135 401 1176 dicta
423 1136 472 1175 de
500 1135 582 1176 Deo
608 1136 806 1188 quaedam
827 1136 1026 1176 dicuntur
1046 1148 1120 1188 per
1142 1136 1318 1177 modum

293 1206 563 1256 substantiae,
587 1209 633 1246 ut
662 1206 789 1257 Deus,
812 1207 1010 1259 quaedam
1040 1219 1115 1260 per
1142 1207 1318 1248 modum

293 1277 518 1330 qualitatis,
540 1280 588 1317 ut
606 1278 742 1318 bonus
755 1310 765 1328 ,
787 1281 828 1318 et
847 1277 905 1318 sic
922 1278 971 1318 de
990 1278 1082 1318 aliis
1100 1279 1316 1319 omnibus.

294 1347 432 1389 Tertio
446 1348 585 1399 modo,
608 1349 689 1389 dici
708 1349 987 1389 diversimode
1008 1352 1069 1390 est
1087 1349 1321 1390 secundum

294 1419 513 1460 diversum
532 1420 709 1460 modum
731 1432 774 1459 se
793 1419 990 1469 habendi,
1016 1421 1129 1473 quod
1148 1421 1321 1473 quidem

295 1493 524 1533 attenditur
549 1494 763 1545 quantum
801 1491 852 1532 ad
889 1491 1130 1532 absolutum
1148 1524 1157 1543 ,
1191 1495 1232 1533 et
1269 1493 1322 1533 ad

297 1566 590 1617 comparatum
605 1594 614 1611 ,
651 1562 739 1604 sive
761 1562 965 1609 relatum3
989 1565 1029 1602 et
1051 1562 1119 1602 hic
1149 1563 1322 1615 quidem

297 1634 449 1674 modus
468 1633 721 1674 diversitatis
743 1633 884 1673 minor
904 1637 964 1673 est
983 1645 1113 1686 quam
1139 1634 1319 1687 primUS,

297 1708 337 1745 et
356 1707 491 1757 major
516 1717 646 1758 quam
667 1704 878 1745 secundus
899 1719 906 1745 :
929 1705 1069 1745 minor
1085 1718 1215 1758 quam
1236 1706 1324 1759 pri-

297 1789 394 1818 mus
408 1809 418 1827 ,
452 1777 553 1830 quia
592 1776 828 1817 secundum
862 1776 1053 1829 primum
1089 1778 1320 1818 attenditur

297 1849 515 1890 diversitas
542 1848 773 1889 essentialis
789 1880 798 1897 ,
827 1851 867 1889 et
895 1849 1164 1901 compositio;
1188 1851 1325 1903 maj0r

298 1933 428 1974 quam
456 1920 666 1961 secundus
680 1951 692 1970 ‚
715 1919 815 1972 quia
834 1920 1069 1960 secundum
1097 1920 1218 1961 illum
1238 1934 1325 1962 non

298 1992 474 2033 omnino
500 1992 727 2032 attenditur
757 1992 799 2031 in
828 2005 873 2032 re
897 1992 1106 2034 distinctio
1135 2008 1142 2034 :
1174 2006 1324 2035 secun-

299 2065 402 2105 dum
430 2066 573 2105 autem
605 2063 735 2103 istum
764 2063 940 2104 modum
966 2064 1196 2105 attenditur
1215 2066 1260 2106 in
1277 2079 1326 2108 eo

298 2137 439 2178 unitas
467 2138 507 2177 et
536 2135 753 2189 pluralitas
776 2150 785 2176 z
807 2136 947 2176 unitas
965 2168 974 2185 ,
996 2137 1230 2178 secundum
1251 2138 1327 2178 ab·

300 2209 511 2258 solutum3
534 2207 750 2260 pluralitas
766 2239 776 2256 ,
805 2207 1040 2248 secundum
1065 2212 1319 2262 respectum.

301 2280 351 2321 Et
380 2281 589 2333 quantum
621 2278 673 2318 ad
702 2278 818 2318 hunc
846 2278 1024 2319 modum
1054 2280 1193 2321 solum
1228 2287 1328 2325 sunt

301 2352 386 2393 duo
412 2350 525 2391 modi
548 2349 734 2400 dicendi,
767 2349 921 2390 scilicet
951 2352 1187 2393 secundum
1221 2355 1326 2395 sub-

302 2423 500 2464 stantiam
518 2421 570 2462 ad
587 2434 630 2462 se
644 2454 653 2472 ,
676 2425 716 2461 et
734 2421 968 2462 seeundum
988 2423 1251 2477 relationem,
1279 2430 1327 2467 ut

302 2495 373 2536 illa
389 2506 486 2547 quaa
503 2493 700 2534 dicuntur
716 2492 768 2532 ad
788 2492 961 2545 aliquid.
985 2493 1090 2542 Quia
1110 2508 1209 2537 vero
1233 2497 1328 2539 haec

302 2579 390 2608 non
413 2566 557 2607 dicunt
576 2564 709 2605 alium
730 2564 905 2604 modum
924 2566 1100 2617 essendi,
1123 2567 1214 2608 ideo
1234 2568 1327 2610 haec

302 2638 587 2693 praedicantur
604 2637 655 2677 de
680 2636 782 2688 illis,
804 2638 844 2677 et
864 2640 962 2678 sunt
980 2651 1131 2680 unum.
1153 2639 1204 2681 Et
1223 2642 1323 2694 quia

303 2711 450 2752 dicunt
468 2709 602 2750 alium
629 2708 805 2749 modum
834 2720 878 2749 se
905 2709 1117 2762 habendi,
1136 2711 1230 2753 ideo
1260 2725 1329 2754 se-

304 2782 495 2824 cundum
521 2780 594 2821 illa
625 2780 765 2820 unitas
781 2811 791 2829 ,
819 2781 1055 2822 secundum
1072 2782 1166 2824 haec
1185 2784 1332 2837 plura-

302 2854 412 2895 litas.
434 2852 499 2894 Ex
516 2852 583 2893 his
601 2854 744 2905 patent
763 2851 829 2904 obj
837 2854 938 2894 ecta.
1029 2851 1035 2858 ’

359 2929 398 2966 1.
422 2924 542 2975 Quod
569 2923 683 2965 enim
704 2923 917 2976 objicitur,
939 2925 1052 2978 quod
1071 2938 1197 2967 omne
1215 2929 1333 2981 quod

306 2997 474 3049 dicitur,
502 2997 654 3039 dicitur
683 2996 918 3037 secundum
938 2998 1219 3040 substantiam
1234 3033 1244 3052 ,
1265 3002 1334 3043 vel

308 3069 542 3110 secundum
571 3068 784 3118 accidens3
808 3067 1032 3110 dicendum
1063 3071 1176 3123 quod
1203 3072 1248 3112 in
1266 3072 1333 3114 di-

307 3140 420 3182 vinis
443 3140 569 3181 habet
592 3139 839 3181 instantiam
853 3172 863 3189 ,
891 3140 966 3181 ubi
991 3141 1139 3183 relatio
1161 3155 1249 3184 non
1276 3147 1336 3185 est

309 3211 516 3263 accidens,
535 3224 614 3253 nec
630 3214 774 3252 tamen
795 3211 948 3253 dicitur
967 3214 1204 3255 secundum
1231 3215 1337 3256 sub-

311 3282 523 3323 stantiam.

365 3355 406 3392 2.
436 3353 498 3394 Ad
525 3353 631 3395 illud
650 3353 766 3407 quod
789 3353 986 3407 objicitur
1004 3355 1202 3408 secundo,
1224 3356 1337 3409 quod

312 3437 438 3466 omne
455 3425 569 3478 quod
587 3425 740 3467 dicitur
754 3425 801 3466 in
820 3426 989 3477 divinis,
1007 3429 1069 3468 est
1085 3440 1162 3469 ens
1181 3440 1258 3482 per
1277 3441 1334 3479 se3

313 3495 538 3537 dicendum
564 3497 678 3549 quod
702 3510 856 3540 verum
877 3501 962 3549 est,
987 3499 1059 3540 sed
1085 3503 1229 3541 tamen
1252 3513 1339 3541 non

2321 194 2392 232 371

1381 281 1572 334 sequitur
1602 294 1611 321 z
1641 296 1659 318 «
1678 280 1836 320 Dicitur
1861 282 1907 320 ut
1926 291 2001 320 ens
2017 292 2091 332 per
2114 292 2180 331 se,
2212 292 2315 332 ergo
2335 293 2400 321 se-

1383 351 1572 392 cundum
1611 350 1910 400 substantiam;
1949 365 1968 388 »
2005 351 2107 403 quia
2135 363 2221 391 non
2252 351 2404 393 dicitur

1384 434 1540 462 nomen
1589 422 1688 464 Dici
1733 421 1970 462 secundum
2010 421 2287 462 substantiam
2308 455 2318 474 ,
2359 427 2407 463 ut

1387 494 1618 535 substantia
1653 494 1805 535 dicitur
1840 505 1914 547 per
1951 505 1993 534 se
2014 525 2024 544 ,
2065 493 2135 533 sed
2171 496 2219 534 ut
2257 494 2409 535 dicitur

1387 566 1439 606 ad
1459 578 1516 606 se.

1444 640 1482 678 3.
1512 637 1576 678 Ad
1596 636 1699 677 illud
1722 637 1834 689 quod
1855 636 2069 690 oincitur,
2091 636 2226 689 qualis
2253 636 2305 676 sit
2320 637 2412 677 haec

1389 708 1622 759 diversitas,
1639 711 1711 749 aut
1726 709 1957 749 secundum
1972 721 2077 758 rem,
2094 711 2167 749 aut
2180 708 2412 748 secundum

1390 783 1568 824 modum
1586 782 1873 834 intelligendi3
1895 782 2120 823 dicendum
2138 781 2247 834 quod
2269 793 2415 822 secun-

1391 857 1494 898 dum
1509 857 1684 898 modum
1703 857 1902 907 habendi,
1925 857 1999 909 qui
2017 869 2104 897 non
2118 858 2286 897 tantum
2299 855 2417 896 estin

1391 931 1535 969 nostro
1554 928 1786 978 intellectu,
1808 928 1879 969 sed
1897 928 2026 968 etiam
2043 928 2089 968 in
2107 940 2168 969 re.

1446 1003 1484 1040 4.
1510 1000 1575 1040 Ad
1597 999 1704 1041 illud
1728 1000 1842 1053 quod
1872 1000 2070 1053 objicitur
2097 1002 2273 1053 quarto,
2305 998 2420 1052 quod

1393 1068 1568 1109 nomina
1589 1068 1765 1109 relativa
1786 1069 2091 1121 respondentur
2112 1069 2164 1109 ad
2182 1068 2418 1120 interroga-

1392 1140 1552 1180 tionem
1590 1141 1744 1181 factam
1786 1141 1836 1182 de
1885 1141 2116 1182 substantia
2138 1156 2147 1191 ;
2195 1141 2421 1182 dicendum

1395 1212 1507 1264 quod
1532 1211 1767 1253 substantia
1797 1212 1950 1253 dicitur
1977 1212 2213 1265 dupliciter,
2248 1213 2321 1252 aut
2348 1222 2422 1251 ens

1394 1295 1470 1335 per
1505 1295 1571 1332 se,
1604 1286 1678 1324 aut
1703 1284 1754 1324 ad
1784 1296 1841 1324 se.
1877 1283 1920 1324 Si
1948 1286 1995 1324 ut
2021 1296 2097 1324 ens
2127 1295 2203 1336 per
2228 1295 2270 1323 se
2288 1315 2298 1333 ,
2320 1285 2423 1322 tunc

1395 1354 1554 1404 omnia,
1575 1356 1615 1395 et
1629 1355 1819 1405 relativa,
1836 1357 1878 1396 et
1890 1355 2095 1406 absoluta,
2114 1354 2261 1395 dicunt
2278 1354 2323 1394 in
2340 1353 2423 1395 Deo

1396 1425 1674 1466 substantiam
1706 1441 1715 1467 ε
1739 1429 1780 1467 θῖ
1799 1427 1899 1479 quia
1925 1427 2006 1468 hoc
2034 1427 2159 1467 modo
2187 1425 2424 1466 substantia

1396 1497 1674 1549 respondetur
1685 1498 1736 1538 ad
1751 1498 2032 1551 quaestionem
2046 1499 2200 1539 factam
2212 1510 2288 1551 per
2303 1496 2420 1550 quid,

1396 1566 1490 1607 ideo
1526 1568 1671 1609 onmia
1700 1571 1877 1621 possunt
1909 1568 2167 1622 responderi.
2202 1568 2247 1609 Si
2279 1569 2424 1609 autem

1397 1637 1561 1679 dicatur
1590 1639 1825 1681 substantia
1856 1642 1904 1681 ut
1933 1653 2008 1681 ens
2035 1639 2304 1691 absolutum,
2338 1651 2426 1680 non

1398 1712 1706 1763 comparatum,
1728 1711 1786 1752 sic
1805 1711 1961 1753 dicitur
1976 1712 2211 1753 secundum
2231 1711 2426 1752 substan-

1397 1781 1502 1821 tiam
1525 1783 1638 1835 quod
1667 1783 1820 1824 dicitur
1844 1784 1897 1824 ad
1928 1796 1986 1825 se.
2017 1783 2069 1824 Et
2088 1783 2148 1824 sic
2167 1795 2255 1824 non
2279 1781 2430 1835 accipit

1398 1852 1690 1906 Augustinu53
1710 1857 1750 1895 et
1769 1854 1828 1895 sic
1848 1854 1988 1906 Pater,
2013 1857 2054 1896 et
2080 1853 2236 1906 Filius,
2258 1856 2299 1895 et
2317 1853 2428 1894 rela-

1398 1924 1489 1966 tiva
1517 1926 1752 1967 secundum
1781 1926 2062 1972 substantiam
2094 1938 2183 1967 non
2208 1925 2426 1967 dicuntur.

1460 1996 1500 2040 5.
1523 1996 1588 2037 Ad
1619 1998 1725 2039 illud
1752 1998 1866 2051 quod
1893 1998 2046 2039 ultimo
2073 1998 2285 2051 objicitur,
2314 1999 2428 2052 quod

1401 2073 1536 2113 multa
1568 2071 1767 2112 dicuntur
1792 2070 1842 2111 de
1869 2069 1973 2121 Deo,
1996 2082 2094 2123 quae
2123 2082 2209 2110 non
2228 2070 2430 2112 dicuntur

1402 2144 1639 2186 secundum
1658 2142 1953 2192 substantiam,
1975 2154 2053 2183 nec
2072 2143 2309 2184 secundum
2326 2143 2431 2184 rela-

1400 2217 1586 2266 tionem3
1614 2214 1840 2255 dicendum
1867 2214 1982 2267 quod
2001 2214 2080 2255 dici
2100 2214 2275 2257 relative
2295 2215 2339 2255 in
2359 2214 2426 2256 di-

1400 2288 1511 2329 vinis
1534 2288 1668 2340 potest
1694 2297 1783 2326 esse
1811 2285 2048 2338 dupliciter.
2083 2285 2286 2336 Quaedam
2313 2287 2428 2328 enim

1401 2359 1579 2400 nomina
1604 2358 1804 2399 dicuntur
1830 2357 2005 2399 relative
2031 2370 2086 2399 ex
2111 2358 2333 2412 principali
2351 2371 2429 2400 no-

1402 2431 1533 2471 minis
1560 2429 1772 2470 intellectu
1788 2461 1798 2480 ,
1821 2429 2019 2482 quaedam
2049 2442 2102 2471 ex
2138 2431 2425 2484 consequenti.

1403 2501 1550 2542 Prima
1583 2500 1818 2542 differentia
1855 2501 2058 2542 dividitur
2085 2501 2132 2542 in
2166 2504 2251 2543 tres
2284 2517 2293 2543 ε
2334 2502 2434 2556 quia

1404 2573 1600 2627 quaedam
1622 2573 1864 2625 significant
1887 2573 2150 2625 relationem,
2173 2576 2214 2614 et
2233 2573 2435 2615 dicuntur

1403 2644 1593 2696 relative,
1612 2647 1662 2685 ut
1679 2644 1834 2697 Pater,·
1853 2645 2051 2698 quaedam
2068 2645 2313 2697 significant
2330 2646 2436 2687 rela-

1404 2718 1565 2758 tionem
1582 2749 1592 2766 ,
1614 2719 1664 2758 ut
1688 2718 1956 2770 paternitas,
1978 2729 2077 2771 quae
2096 2729 2184 2759 non
2203 2717 2358 2759 dicitur
2381 2719 2436 2760 ad

1405 2791 1587 2831 alterum
1601 2822 1612 2842 ,
1635 2790 1707 2830 sed
1728 2792 1789 2831 θεῖ
1810 2791 1952 2844 ipsum
1974 2803 2061 2844 quo
2093 2791 2275 2832 alterum
2302 2792 2434 2833 refer-

1405 2864 1495 2912 tur;
1511 2861 1709 2915 quaedam
1723 2862 1923 2903 dicuntur
1939 2862 2129 2914 relative,
2149 2863 2250 2916 quia
2265 2864 2436 2917 privant

1405 2933 1679 2985 relationem,
1702 2936 1750 2974 ut
1779 2935 2028 2987 inqem'tus,
2059 2935 2434 2988 improcessibilis;

1407 3007 1552 3045 tamen
1572 3005 1652 3046 ista
1670 3017 1759 3045 non
1781 3008 1842 3046 est
1860 3005 2042 3058 privatio
2062 3018 2173 3059 pura
2188 3039 2199 3059 ,
2222 3009 2270 3048 ut
2296 3007 2410 3048 infra
2425 3008 2436 3030 ¹

1408 3075 1638 3117 videbitur.
1660 3075 1764 3125 Quae
1784 3078 1928 3117 autem
1946 3076 2179 3131 important
2191 3078 2437 3119 relationem

1410 3158 1465 3187 ex
1485 3146 2016 3199 consequentiintellectu‚
2034 3149 2229 3190 similiter
2247 3152 2347 3190 sunt
2368 3162 2438 3191 se-

1411 3217 1600 3259 cundum
1642 3218 1853 3271 triplicem
1898 3219 2194 3261 differentiam.
2233 3219 2438 3270 Quaedam

1412 3288 1529 3329 enim
1558 3288 1757 3331 dicuntur
1779 3290 1861 3331 dici
1889 3291 2081 3343 relative,
2101 3292 2202 3345 quia
2217 3294 2439 3345 ponuntur

1411 3368 1488 3410 pro
1508 3357 1721 3409 relativis;
1740 3361 1790 3400 ut
1811 3371 1910 3400 cum
1930 3360 2082 3402 dicitur
2101 3375 2111 3401 z
2146 3359 2290 3401 «Deus
2307 3372 2438 3413 gene-

1412 3431 1477 3471 rat
1499 3428 1659 3481 Deum,
1681 3445 1700 3470 n
1724 3431 1766 3473 1d
1791 3434 1867 3485 est,
1896 3431 2019 3475 Pater
2037 3433 2208 3475 Filium.
2237 3433 2442 3483 Quaedam

1456 3514 1468 3535 ¹
1483 3511 1566 3544 Dist.
1583 3520 1707 3545 xxvm.
