2613 3990
1092 257 1342 300 DISTINCT.
1372 256 1475 298 XIX.
2244 254 2315 294 321

209 352 315 413 quid
335 352 388 396 sit
408 367 542 411 quam
571 351 664 410 ipsa
687 348 890 393 Trinitas.
914 365 935 390 ))
961 347 1086 400 Quod
1113 353 1258 391 autem
1286 347 1346 390 ita
1369 347 1438 401 sit,
1461 344 1610 411 aliquo
1633 343 1759 411 inodo
1780 343 1816 386 si
1833 341 1929 385 fieri
1948 346 2100 400 potest,
2122 341 2320 385 demons-
2358 353 2481 420 txsslsulsi-

208 429 414 474 trandum
436 434 512 473 est.
543 427 809 480 «Quantum
836 440 937 482 ergo
965 425 1140 469 Creator
1170 425 1260 483 ipse
1287 425 1489 482 adjuvat,
1511 421 1800 476 attendamus,
1822 418 1966 478 inquit
1983 418 2256 475 Augustinus
2275 419 2320 462 in
2371 443 2455 469 quam

209 505 401 561 eodem¹‚
439 521 527 565 quo
559 505 686 549 modo
713 503 758 546 in
783 503 863 546 hac
892 502 1103 546 Trinitate
1129 502 1251 558 duae,
1278 502 1348 545 vel
1374 507 1458 544 tres
1485 514 1674 558 personae
1706 513 1794 542 non
1823 502 1925 541 sunt
1959 497 2101 555 majus
2136 496 2318 555 aliquid,
2356 480 2482 544 ffi'sst.

209 598 343 642 quam
365 598 453 626 una
473 597 638 626 earum.
664 598 684 622 >³
2343 561 2490 627 ‘'fflssiffir'

275 678 296 702 «
318 659 439 713 Quod
459 659 519 702 ibi
540 674 750 716 magnum
772 658 930 701 dicitur
949 659 979 713 ⁶²,
1002 657 1179 700 aliunde
1205 671 1415 714 magnum
1443 671 1531 699 non
1550 660 1638 711 est,
1662 670 1794 713 quam
1815 668 1864 696 eo
1883 667 1971 711 quo
1993 665 2092 696 vere
2111 655 2196 706 θεῖ;
2221 649 2325 708 quia
2345 641 2485 713 οζζὲζζξζ

208 736 269 780 ibi
290 736 547 794 magnitudo
572 736 664 794 ipsa
684 735 842 779 veritas
861 739 945 789 est,
973 740 1014 777 et
1034 735 1193 777 veritas
1219 734 1401 778 essentia
1426 750 1434 776 ε
1457 748 1546 776 non
1568 747 1670 788 ergo
1690 731 1750 773 ibi
1772 729 1913 787 majus
1932 734 2020 783 est,
2043 727 2161 787 quod
2180 727 2327 771 verius
2347 726 2487 796 ejfij‘tffle

208 830 296 858 non
318 819 395 857 est.
419 813 514 857 Non
533 817 678 855 autem
698 812 846 854 verius
863 816 925 854 est
944 811 1089 865 Pater,
1113 817 1154 854 et
1170 811 1311 854 Filius
1331 811 1484 863 simul,
1507 824 1638 868 quain
1660 809 1788 851 Pater
1807 807 1941 861 solus,
1963 806 2032 849 vel
2052 805 2206 848 Filius.
2228 803 2327 847 Non
2378 810 2463 837 utitur

2360 850 2488 878 subtilis-

209 906 311 949 ergo
346 890 487 949 majus
512 894 574 932 est
602 888 769 947 aliquid
795 893 980 947 uterque
1013 889 1169 940 simul,
1193 904 1326 947 quam
1357 887 1557 945 singulus
1589 901 1756 929 eorum.
1792 885 1845 927 Et
1873 883 1977 942 quia
2002 897 2126 941 aeque
2147 897 2248 926 vere
2268 886 2331 925 est
2363 892 2432 918 sima
2455 893 2490 919 ad

210 968 340 1012 etiam
368 967 557 1027 Spiritus
589 971 788 1021 sanctus;
820 965 917 1010 ideo
938 969 1076 1021 Pater,
1100 972 1140 1009 et
1159 966 1299 1009 Filius
1320 965 1465 1022 simul,
1489 980 1577 1008 non
1598 969 1700 1007 sunt
1720 962 1888 1021 aliquid
1910 961 2049 1020 majus
2068 976 2201 1020 quam
2221 959 2327 1018 ipse,
2362 936 2491 1022 affligi-111

210 1045 314 1105 quia
334 1060 412 1089 nec
431 1043 577 1088 verius
596 1048 713 1087 sunt.
736 1043 843 1086 Item
865 1043 911 1086 in
931 1043 1115 1087 essentia
1133 1043 1327 1087 veritatis
1346 1043 1427 1086 hoe
1449 1047 1511 1086 est
1534 1056 1685 1086 verum
1706 1055 1811 1095 esse,
1834 1038 1951 1098 quod
1973 1044 2034 1081 est
2052 1053 2140 1081 esse
2162 1054 2170 1080 :
2192 1042 2233 1080 et
2250 1037 2331 1080 hoe
2351 1017 2427 1090 (ξῇοᾰ
2454 1020 2492 1044 “a

210 1129 273 1167 est
291 1137 396 1178 esse,
419 1121 536 1181 quod
557 1126 620 1164 est
638 1136 848 1178 magnum
867 1136 971 1164 esse.
991 1121 1082 1164 Hoc
1103 1126 1164 1164 est
1184 1136 1285 1179 ergo
1306 1135 1516 1178 magnum
1537 1134 1642 1174 esse,
1666 1118 1784 1178 quod
1803 1132 1957 1162 verum
1978 1131 2081 1160 esse.
2101 1115 2227 1168 Quod
2250 1115 2332 1173 igi-

210 1199 362 1244 turibi
380 1213 502 1258 aeque
521 1213 676 1243 verum
695 1203 757 1242 est
775 1233 786 1254 ,
809 1203 851 1242 et
868 1214 992 1258 aeque
1024 1214 1234 1256 magnum
1268 1204 1344 1242 est.
1382 1198 1508 1250 Quod
1531 1212 1633 1255 ergo
1652 1196 1714 1239 ibi
1734 1196 1833 1254 plus
1856 1194 2045 1239 veritatis
2069 1208 2157 1237 non
2183 1193 2328 1248 hahet,

210 1277 310 1336 plus
328 1291 418 1320 non
435 1275 564 1319 habet
584 1275 916 1333 magnitudinis.
939 1276 1046 1319 Plus
1067 1281 1212 1320 autem
1232 1275 1427 1321 veritatis
1446 1290 1535 1319 non
1556 1274 1701 1330 hahet,
1725 1273 1842 1332 quod
1860 1271 2007 1316 verius
2026 1286 2115 1315 non
2134 1276 2211 1314 est.
2234 1270 2332 1314 Non

211 1359 275 1398 est
306 1359 452 1398 autem
481 1353 628 1397 verius
656 1369 746 1397 una
764 1368 947 1410 persona
967 1369 1099 1413 quam
1118 1354 1221 1409 alia,
1245 1353 1315 1398 vel
1335 1353 1434 1397 dua)
1454 1368 1587 1412 quan]
1609 1367 1713 1407 una,
1734 1351 1804 1395 vel
1827 1356 1911 1394 tres
1931 1349 2063 1393 simul
2083 1364 2217 1408 quam
2247 1348 2334 1392 sin-

211 1430 332 1489 gula.
354 1430 453 1475 Non
473 1428 575 1488 ergo
601 1431 700 1490 plus
726 1431 920 1475 veritatis
944 1431 1074 1474 habet
1099 1447 1189 1474 una
1208 1446 1340 1490 quam
1363 1430 1448 1474 alia
1464 1465 1474 1485 ,
1496 1429 1566 1473 vel
1591 1429 1688 1473 duae
1709 1444 1843 1487 quam
1862 1443 1973 1483 una,
1999 1427 2071 1471 vel
2101 1432 2186 1470 tres
2204 1426 2335 1470 simul

213 1523 347 1568 quam
369 1508 559 1566 singula.
582 1508 653 1551 Sic
673 1523 774 1566 ergo
795 1514 836 1552 et
854 1509 946 1567 ipsa
965 1508 1156 1552 Trinitas
1174 1523 1263 1551 non
1282 1513 1344 1551 est
1359 1507 1500 1565 majus
1519 1506 1686 1565 aliquid
1709 1521 1839 1565 quam
1861 1519 2140 1564 unaquaeque
2159 1504 2221 1547 ibi
2244 1519 2339 1562 per-

213 1600 336 1641 sona,
359 1585 433 1629 sed
454 1590 541 1629 tam
563 1601 775 1643 magnum
796 1601 927 1645 quam
950 1585 1137 1643 singula.
1162 1585 1260 1628 Non
1282 1585 1398 1628 enim
1418 1584 1479 1626 ibi
1498 1584 1636 1643 major
1655 1589 1735 1636 est,
1758 1598 1856 1642 quae
1882 1582 2026 1626 verior
2053 1597 2142 1626 non
2161 1587 2239 1636 est,
2263 1581 2340 1625 ubi

213 1663 307 1722 ipsa
328 1663 487 1707 veritas
506 1668 568 1706 est
587 1662 860 1720 magnitudo.
886 1680 907 1704 >³
930 1663 1036 1706 Eece
1067 1662 1195 1706 modo
1221 1662 1514 1717 convenienti,
1538 1667 1579 1705 et
1598 1661 1765 1704 ratione
1784 1660 2015 1715 catholica,
2039 1665 2259 1704 ostensum
2279 1664 2341 1702 est

215 1755 304 1799 quo
339 1740 470 1784 modo
502 1739 755 1784 indifferens
781 1740 835 1783 sit
861 1739 1118 1798 magnitudo
1152 1740 1286 1783 trium
1311 1754 1594 1800 personarum
1620 1774 1631 1793 ‚
1667 1739 1771 1798 quia
1790 1754 1868 1783 nec
1888 1754 1978 1782 una
1997 1738 2137 1797 major
2156 1743 2218 1781 θεῖ
2237 1737 2337 1793 alia,

217 1832 296 1862 nee
315 1817 415 1861 duae
437 1817 578 1877 majus
598 1817 767 1876 aliquid
789 1833 922 1877 quam
943 1833 1049 1873 una,
1072 1832 1150 1861 nee
1171 1822 1257 1861 tres
1280 1817 1413 1860 simul
1434 1816 1574 1875 majus
1591 1816 1756 1875 aliquid
1776 1832 1908 1876 quam
1928 1816 2117 1873 singula.

275 1895 492 1939 Praeterea
518 1910 617 1940 cum
651 1895 768 1939 Deus
796 1895 965 1939 dicatur
997 1895 1155 1952 trinus,
1192 1910 1282 1939 non
1317 1900 1462 1939 tamen
1491 1894 1617 1938 debet
1647 1894 1731 1938 diei
1756 1894 1927 1953 triplex.
1952 1894 2016 1937 Ibi
2037 1893 2154 1937 enim
2174 1907 2263 1936 non
2283 1897 2346 1936 θεῖ
2381 1907 2505 1937 Corolla-

2394 1951 2479 1978 rium.

220 1973 463 2033 triplicitas,
497 1973 574 2016 ubi
604 1988 775 2017 summa
805 1979 867 2017 θεῖ
886 1973 1055 2029 unitas,
1079 1979 1119 2017 et
1152 1973 1408 2017 indifferens
1435 1972 1692 2032 aequalitas:
1716 1972 1831 2016 unde
1863 1972 2140 2029 Augustinus
2167 1971 2212 2014 in
2231 1970 2344 2013 libro
2401 1993 2482 2026 Quod

2366 2034 2507 2061 Deusnon

216 2056 337 2096 sexto
358 2049 411 2094 de
442 2049 684 2094 Trinitate³
706 2050 765 2094 ait
790 2069 798 2094 :
828 2067 849 2092 <‹
866 2050 964 2094 Non
985 2051 1194 2110 quoniam
1212 2051 1330 2094 Deus
1356 2050 1545 2093 Trinitas
1577 2055 1639 2094 est
1660 2085 1670 2105 ‚
1696 2049 1793 2093 ideo
1823 2049 1981 2108 triplex
2007 2048 2228 2108 putandus
2256 2053 2341 2103 est;
2384 2077 2426 2102 est
2447 2075 2494 2101 di„

217 2128 418 2188 alioquin
447 2128 591 2172 minor
620 2133 727 2171 esset
747 2127 877 2171 Pater
897 2128 1014 2171 solus
1031 2163 1042 2184 ‚
1065 2128 1135 2173 vel
1167 2128 1308 2172 Filius
1339 2128 1457 2172 solus
1471 2164 1482 2186 ‚
1506 2143 1640 2187 quam
1662 2127 1794 2170 simul
1812 2127 1941 2170 Pater
1961 2131 2002 2170 et
2020 2126 2160 2170 Filius
2180 2133 2208 2166 4.
2235 2125 2347 2169 Cum
2383 2117 2491 2144 ⁰e⁰du⁵

2382 2159 2487 2195 triplex
2499 2180 2507 2193 ,

217 2206 366 2266 itaque
389 2210 537 2250 tantus
556 2211 618 2249 est
635 2205 765 2249 Pater
785 2205 903 2249 solus
923 2241 934 2263 ‚
958 2205 1027 2249 vel
1048 2205 1166 2250 solus
1184 2206 1345 2262 Filius,
1380 2206 1450 2249 vel
1477 2205 1595 2249 solus
1619 2204 1808 2264 Spiritus
1832 2209 2028 2261 sanetus,
2063 2208 2255 2263 quantus
2285 2207 2348 2246 θεῖ
2379 2201 2429 2228 ⁵⁶⁶
2450 2201 2499 2227 ω·

2379 2251 2443 2269 nus.

219 2283 352 2327 simul
371 2283 518 2339 Pater,
538 2288 580 2327 et
597 2282 763 2337 Filius,
786 2288 828 2326 et
848 2282 1038 2342 Spiritus
1067 2288 1239 2328 sanetus
1252 2319 1263 2340 ,
1286 2284 1412 2328 nullo
1444 2283 1572 2327 modo
1605 2282 1764 2342 triplex
1786 2282 1995 2326 dicendus
2015 2288 2076 2326 est
2095 2282 2225 2326 Deus.
2249 2280 2347 2325 Non

221 2359 340 2404 enim
360 2360 490 2404 Pater
509 2375 609 2403 eum
628 2360 741 2404 Filio
759 2368 800 2404 et
819 2359 985 2419 Spiritu
1015 2367 1160 2405 saneto
1190 2361 1330 2420 major
1346 2361 1463 2405 Deus
1482 2366 1560 2416 est,
1582 2376 1715 2420 quam
1735 2361 1899 2418 singuli
1920 2375 2071 2404 eorum
2097 2376 2105 2402 :
2129 2358 2234 2418 quia
2258 2373 2348 2402 non

221 2441 284 2481 est
299 2451 387 2497 quo
406 2442 566 2481 crescat
581 2436 659 2480 illa
677 2437 897 2496 perfectio.
921 2437 1143 2482 Perfectus
1162 2443 1309 2482 autem
1330 2444 1394 2482 est
1413 2443 1453 2482 et
1472 2438 1616 2493 Pater,
1641 2443 1682 2481 et
1699 2438 1855 2494 Filius,
1879 2442 1920 2482 et
1941 2437 2130 2497 Spiritus
2156 2442 2343 2491 sanetus,

221 2519 264 2559 et
282 2514 497 2574 perfectus
527 2514 688 2558 dicitur
717 2513 834 2560 Deus
866 2515 1068 2574 singulus
1097 2531 1265 2561 eorum.
1301 2516 1355 2560 Et
1380 2516 1477 2561 ideo
1510 2515 1700 2560 Trinitas
1730 2516 1874 2575 potius
1904 2531 2038 2575 quam
2068 2515 2227 2574 trIplex
2265 2513 2348 2557 dici

221 2592 362 2638 debet.
384 2610 407 2635 ))

287 2688 310 2715 ι(
327 2671 379 2714 111
398 2670 529 2715 rebus
555 2669 770 2730 corporeis
802 2686 891 2715 non
920 2676 1091 2715 tantum
1111 2677 1174 2716 est
1195 2677 1324 2729 una⁵‚
1347 2678 1563 2732 quantun]
1596 2677 1681 2716 tres
1711 2672 1871 2728 simul3
1905 2678 1946 2716 et
1976 2672 2076 2731 plus
2109 2676 2211 2715 sunt
2229 2670 2345 2726 duae,
2405 2686 2486 2719 Quod

2386 2736 2442 2755 nou
2457 2731 2498 2755 est

224 2764 358 2809 quam
378 2764 470 2812 una
487 2763 570 2792 res.
593 2748 645 2792 In
664 2747 875 2792 Trinitate
895 2764 998 2793 vero
1018 2765 1206 2806 summa,
1228 2756 1399 2794 tantum
1423 2756 1485 2794 est
1503 2764 1593 2792 una
1611 2764 1811 2808 persona,
1833 2755 2050 2808 quantum
2081 2754 2166 2792 tres
2184 2749 2315 2792 simul
2334 2765 2345 2804 ;
2397 2770 2435 2797 51³
2456 2770 2484 2796 ᾗ]

225 2831 267 2870 θῖ
285 2832 456 2871 tantum
476 2831 579 2870 sunt
597 2826 714 2883 duae,
732 2832 947 2886 quantum
969 2842 1059 2871 una
1078 2845 1089 2884 3
1112 2833 1152 2871 et
1172 2827 1219 2871 in
1239 2843 1282 2872 se
1302 2828 1487 2871 infinitae
1506 2832 1624 2882 sunt,
1646 2827 1751 2886 quia
1769 2842 1858 2871 non
1879 2833 1941 2871 est
1960 2827 2062 2870 finis
2082 2825 2348 2884 magnitudi-
2397 2811 2483 2838 rebus

2389 2861 2492 2888 corpo-

225 2904 295 2948 nis
322 2919 489 2949 earum.
522 2905 586 2949 Ac
616 2919 692 2964 per
716 2904 797 2948 hoc
826 2905 1020 2963 aperitur
1049 2906 1168 2965 quod
1200 2906 1398 2965 superius
1425 2905 1589 2949 dietum
1617 2910 1705 2960 est,
1727 2919 1814 2964 quo
1836 2904 1964 2948 modo
1983 2904 2160 2962 singula
2182 2909 2284 2948 sunt
2302 2904 2348 2947 in
2369 2894 2512 2962 iffssgilffi

227 2982 429 3041 singulis,
450 2989 493 3028 et
512 2983 662 3028 omnia
680 2982 727 3026 in
746 2982 949 3040 singulis,
969 2988 1011 3027 θῖ
1027 2983 1202 3041 singula
1222 2983 1269 3027 in
1290 2983 1508 3039 omnibus,
1531 2987 1572 3026 et
1593 2982 1740 3026 omnia
1760 2982 1805 3025 in
1826 2982 2051 3038 omnibus,
2074 2987 2116 3026 et
2134 2997 2276 3026 unum
2302 2981 2349 3025 in
2369 2979 2437 3005 ‘¹²1⁰‘

229 3060 434 3104 omnibus
453 3065 515 3105 est
532 3095 543 3118 ‚
567 3066 608 3105 et
627 3074 766 3104 unum
788 3059 950 3104 omnia.
973 3076 994 3102 >³
1020 3060 1126 3104 Eece
1142 3060 1234 3120 jam
1256 3061 1525 3105 ostendimus
1546 3058 1836 3115 sufficienter,
1860 3059 2049 3118 qualiter
2069 3059 2115 3103 in
2135 3059 2348 3103 Trinitate

229 3137 376 3197 aliqua
393 3153 578 3198 persona
598 3138 729 3183 aliam
749 3152 839 3182 non
858 3143 1031 3197 superet
1049 3138 1366 3197 magnitudine.

273 3262 395 3343 17Allggd‚
411 3262 450 3295 de
469 3264 573 3306 Trz'n.>
588 3264 648 3332 liob'
665 3265 755 3306 Vltl,
773 3264 806 3296 in
825 3273 985 3306 procem„
1002 3273 1038 3296 n.
1051 3268 1082 3298 1.
1098 3282 1136 3289 -
1153 3266 1167 3288 ἵ
1181 3265 1278 3306 Ιὸι“(ἰ.,
1297 3275 1326 3298 e.
1344 3274 1367 3306 1,
1383 3274 1417 3297 11.
1432 3267 1506 3297 2.-
1519 3265 1533 3287 3
1547 3264 1644 3305 Ibz'cl„
1661 3264 1720 3295 lib.
1737 3264 1795 3304 VI,
1811 3272 1841 3295 e.
1856 3270 1916 3304 vll,
1934 3272 1970 3295 n.
1985 3265 2016 3296 9.
2031 3281 2072 3288 —-
2085 3264 2098 3286 ὀ
2110 3263 2209 3304 Ιόίά.,
2225 3272 2255 3295 c.
2270 3269 2345 3294 viu.

231 3327 272 3335 —
347 3320 409 3351 2.,
428 3319 513 3354 e.x,
531 3315 635 3344 11.1....

474 3665 572 3694 ΤΟΜ.
593 3665 622 3694 Ι.
2168 3650 2212 3686 ’21
