2613 3990
915 227 1041 270 DIST.
1074 228 1247 270 XXXIV.
1278 230 1397 271 ART.
1428 230 1458 271 I.
1492 230 1689 281 QUAEST.
1722 231 1772 272 ΙΙ.

273 315 372 357 sitas
392 317 580 368 rationis,
602 330 697 370 quae
716 318 917 359 fundatur
931 329 1017 358 non
1036 330 1162 369 super
1180 319 1297 359 abso-

274 387 412 428 lutum
425 420 434 438 ,
454 389 525 429 sed
541 401 669 441 super
688 388 983 442 respectivum,
1003 388 1115 440 quod
1134 389 1295 429 nullam

274 458 436 500 inducit
465 460 824 513 compositionem.
862 458 970 499 Nam
1002 461 1182 501 essentia
1208 473 1294 501 non

274 531 475 581 refertur3
501 544 678 584 persona
701 534 844 571 autem
871 530 1050 570 refertur
1077 534 1117 571 et
1135 531 1293 571 oritur:

274 614 352 642 nec
370 605 513 643 tamen
532 606 593 644 θεῖ
612 602 859 655 composita,
882 602 981 654 quia
1002 603 1092 655 ipsa
1113 605 1175 643 est
1196 615 1298 643 suns

274 678 501 727 respectus.

328 748 365 785 3.
392 746 457 786 Ad
473 746 575 787 illud
592 746 704 799 quod
718 745 928 798 objicitur,
943 747 1054 798 quod
1068 746 1298 799 simplicius

274 819 336 857 est
366 817 477 870 quod
505 817 549 857 in
576 817 768 869 pluribus
803 817 1038 868 reperitur3
1073 817 1297 857 dicendum

274 889 387 941 quod
406 888 581 942 reperiri
597 888 641 928 in
655 888 863 940 pluribus,
885 888 964 928 hoc
976 890 1036 928 est
1048 888 1294 941 dupliciter:

275 962 348 999 aut
381 959 440 999 ita
467 959 579 1011 quod
608 971 745 999 unum
775 959 945 999 illorum
976 958 1131 999 alicubi
1165 962 1299 1011 potest

275 1043 363 1071 esse
385 1031 460 1071 ubi
480 1042 564 1070 non
594 1032 655 1070 est
682 1030 887 1080 alterum,
912 1032 959 1070 ut
982 1045 990 1069 ε
1027 1044 1045 1067 α
1077 1029 1213 1069 Homo
1239 1033 1300 1070 est

274 1102 319 1142 in
343 1102 536 1155 pluribus
561 1102 802 1142 hominibus
813 1133 826 1152 ‚
859 1117 878 1139 >›
901 1105 942 1142 et
969 1102 1027 1142 sic
1048 1102 1174 1142 habet
1200 1115 1297 1155 pro-

274 1173 423 1226 positio
442 1173 681 1222 veritatem3
704 1175 778 1213 aut
801 1173 859 1213 ita
879 1173 924 1212 in
943 1173 1139 1225 pluribus
1152 1205 1162 1224 ,
1186 1173 1299 1226 quod

275 1256 412 1284 unum
430 1256 517 1284 non
543 1247 604 1284 est
623 1244 712 1284 sine
738 1244 838 1293 alio,
867 1247 907 1284 et
928 1244 986 1284 sic
1010 1247 1071 1284 est
1089 1244 1135 1283 in
1157 1256 1301 1297 perso-

274 1314 360 1365 nis,
390 1327 489 1355 nam
517 1328 605 1355 una
622 1327 708 1355 non
735 1318 797 1355 est
816 1315 904 1356 sine
929 1315 1034 1355 alia:
1067 1318 1107 1355 et
1133 1315 1191 1355 sic
1215 1328 1301 1355 non

274 1385 399 1426 habet
418 1386 653 1427 veritatem.
683 1385 788 1426 Nam
807 1387 916 1426 sicut
935 1388 1086 1426 natura
1109 1389 1172 1426 est
1190 1399 1301 1427 sem-

274 1470 350 1511 per
375 1461 414 1499 et
440 1458 621 1510 ubique,
651 1443 709 1498 ita
733 1461 774 1498 et
805 1470 983 1510 persona
1008 1473 1015 1498 :
1045 1461 1086 1498 et
1113 1459 1171 1499 sic
1190 1462 1302 1512 patet

275 1530 387 1583 quod
406 1529 512 1570 nihil
531 1530 656 1580 addit,
687 1543 711 1570 a
729 1542 812 1582 quo
831 1532 1029 1570 arctetur.

327 1604 367 1641 4.
386 1601 449 1641 Ad
466 1601 569 1641 illud
585 1601 697 1653 quod
712 1601 908 1653 objicitur
925 1601 1037 1654 quod
1052 1601 1223 1653 majoris
1242 1605 1303 1642 est

277 1673 581 1723 abstractionis,
601 1675 696 1723 etc.,
722 1673 947 1712 dicendum
967 1673 1079 1725 quod
1110 1673 1211 1713 illud
1230 1673 1303 1712 ha-

277 1745 346 1785 bet
372 1745 592 1786 veritatem
607 1776 618 1795 ,
646 1744 720 1784 ubi
744 1744 848 1784 illud
879 1756 903 1784 a
926 1756 1009 1796 quo
1029 1744 1299 1795 abstrahitur,

277 1816 464 1869 aliquam
486 1816 581 1856 facit
609 1815 954 1868 compositionem
984 1828 1081 1856 cum
1113 1828 1161 1855 eo
1191 1816 1303 1868 quod

278 1888 535 1929 abstrahitur
557 1903 565 1928 :
590 1887 648 1928 sic
664 1890 808 1927 autem
831 1899 919 1927 non
937 1890 998 1927 est
1016 1888 1061 1927 in
1080 1888 1178 1928 Deo.

333 1962 371 2000 5.
394 1960 454 1999 Ad
477 1959 580 2000 illud
599 1959 710 2012 quod
731 1959 926 2012 objicitur
949 1959 1062 2011 quod
1080 1959 1304 1999 affirmatio

279 2034 319 2072 et
335 2031 505 2083 negatio
530 2043 617 2071 non
635 2034 697 2071 est
716 2031 843 2071 simul
860 2043 961 2071 vera
977 2031 1026 2071 sle
1051 2031 1213 2080 eodem,
1236 2031 1305 2071 di-

278 2103 462 2143 cendum
497 2103 608 2155 quod
641 2102 1031 2155 quantulacumque
1069 2102 1306 2143 differentia

278 2175 451 2215 rationis
469 2175 623 2215 sufficit
643 2174 695 2215 ad
710 2174 1036 2214 affirmationem
1055 2177 1095 2214 et
1113 2175 1307 2226 negatio-

279 2259 392 2286 nem.
417 2245 532 2287 Unde
551 2245 826 2298 intelligenda
848 2249 909 2286 θεῖ
929 2246 1156 2298 propositio
1171 2246 1220 2286 de
1241 2258 1307 2286 eo-

280 2318 375 2359 dem
399 2330 444 2358 re
465 2320 507 2358 et
525 2318 687 2358 ratione
713 2332 722 2357 ε
752 2320 792 2357 θῖ
816 2329 994 2369 persona
1013 2317 1154 2369 aliquo
1182 2318 1307 2358 modo

279 2390 417 2431 differt
447 2402 472 2430 a
498 2392 671 2438 natura,
699 2388 793 2428 licet
820 2400 907 2427 non
942 2400 1016 2440 per
1052 2388 1307 2428 additionem

278 2462 450 2502 realem.

334 2536 373 2574 6.
394 2533 458 2573 Ad
478 2532 583 2573 illud
601 2531 714 2585 quod
735 2530 931 2583 objicitur
951 2532 1065 2584 quod
1084 2543 1307 2584 quaecum-

281 2617 363 2659 que
389 2607 486 2645 sunt
512 2604 657 2644 eadem
678 2603 755 2643 uni
775 2609 814 2642 et
835 2603 991 2654 eidem,
1019 2603 1129 2644 inter
1148 2616 1191 2644 se
1211 2607 1309 2644 sunt

281 2677 426 2718 eadem
441 2708 451 2725 ,
473 2678 568 2726 etc.,
590 2674 813 2715 dicendum
833 2674 944 2726 quod
971 2674 1075 2715 illud
1093 2675 1210 2726 fallit,
1232 2675 1307 2715 11111

282 2751 343 2790 θεῖ
367 2746 659 2799 convenientia
687 2746 875 2798 plurium
895 2748 1099 2798 tanquam
1123 2746 1168 2786 in
1191 2759 1308 2786 com-

283 2821 424 2869 muni,
457 2821 505 2859 11ῖ
536 2817 869 2858 differentiarum
908 2816 952 2856 in
983 2829 1153 2869 genere.
1188 2817 1309 2858 Fallit

282 2893 409 2934 etiam
438 2890 512 2931 nbi
545 2890 685 2941 aliqua
715 2888 837 2941 plura
873 2888 1197 2940 distinguuntur
1233 2902 1308 2942 per

283 2976 380 3005 suas
398 2962 600 3014 origines,
621 2963 669 3001 ut
687 2959 793 3000 radii
811 2959 1073 3000 diversarum
1090 2961 1307 3002 stellarum

282 3036 328 3076 in
346 3046 433 3075 uno
453 3035 609 3086 puncto
636 3031 743 3071 aeris
769 3031 996 3082 uniuntur,
1021 3034 1062 3072 et
1087 3034 1227 3073 tamen
1251 3034 1303 3073 ad

283 3106 467 3147 invicem
498 3104 831 3155 distinguuntur.
865 3101 1076 3151 Quoniam
1107 3115 1211 3155 ergo
1245 3105 1309 3145 di-

284 3179 396 3220 vinae
410 3187 599 3230 personae
612 3175 657 3214 in
670 3176 822 3214 natura
833 3173 1092 3214 conveniunt
1105 3177 1309 3228 tanquam

284 3254 330 3294 in
344 3264 432 3293 uno
451 3249 691 3298 communi,
712 3250 753 3288 et
771 3260 963 3301 personae
986 3248 1309 3301 distinguuntur

285 3324 337 3365 ab
360 3323 412 3376 (a)
431 3322 617 3363 invicem
634 3332 709 3374 per
724 3319 954 3371 originem,
976 3320 1069 3361 ideo
1084 3324 1229 3373 patens
1248 3325 1309 3363 est

333 3404 343 3424 ¹
359 3404 412 3443 Cf.
437 3403 470 3435 S.
489 3402 622 3441 Thom.,
642 3410 676 3441 p.
698 3401 731 3440 Ι,
753 3409 787 3440 q.
804 3406 931 3434 XXXIX,
955 3403 1017 3431 art.
1036 3402 1076 3440 33
1101 3401 1286 3434 Eis-hardus
1299 3426 1309 3442 ,

292 3453 301 3483 1
324 3451 429 3490 Sem„
450 3450 526 3480 dist.
543 3456 669 3487 xxxiv,
689 3458 722 3488 q.
742 3456 772 3486 ¹3
800 3447 910 3487 AEgid.
928 3448 1040 3487 Rom,
1064 3450 1071 3478 l
1100 3449 1202 3487 Sem„
1231 3449 1306 3482 dist.

288 3507 407 3540 xxxw,
430 3508 463 3539 q.
489 3507 524 3538 13
545 3495 659 3536 Steph.
675 3494 813 3535 B1·ulef.‚
834 3496 844 3526 l
864 3495 968 3535 Sem„
986 3495 1063 3528 dist.
1076 3503 1194 3537 xxxiv,
1213 3506 1247 3538 q.
1264 3506 1306 3538 ¹13

330 3552 373 3595 (a)
388 3552 480 3584 Edit.
496 3553 571 3584 Ven.
588 3551 641 3583 ad.
723 3550 726 3553 ’

2319 239 2394 277 547

1370 322 1485 373 quod
1504 333 1589 361 non
1619 321 1744 362 valet.
1765 321 1904 362 Potest
1924 324 2064 364 tamen
2090 325 2170 365 dici
2193 327 2304 378 quod
2325 340 2396 367 re-

1371 392 1474 443 gula
1500 392 1660 444 ubique
1684 405 1784 432 vera
1808 395 1892 442 est,
1927 393 1962 433 si
1993 407 2091 434 sane
2119 395 2393 449 intelligatur.

1371 462 1544 515 Propter
1563 464 1675 515 quod
1696 465 1930 505 notandum
1954 466 2065 517 quod
2084 468 2277 519 quaedam
2298 472 2397 509 sunt

1371 533 1574 583 absoluta,
1596 535 1795 587 quaedam
1815 537 2068 589 respectiva:
2089 538 2305 579 diversitas
2324 552 2398 580 au-

1371 607 1454 644 tem
1474 605 1516 644 in
1538 607 1783 658 respectivis
1802 608 1917 648 venit
1937 620 2023 648 non
2045 609 2210 649 tantum
2238 623 2263 650 a
2281 613 2397 662 parte

1371 676 1562 728 subjecti,
1586 689 1733 717 verum
1754 678 1879 717 etiam
1900 679 1959 718 rei
1979 680 2029 719 ad
2050 691 2178 731 quam
2205 681 2398 721 referun-

1370 752 1456 789 tur.
1480 749 1526 789 In
1548 749 1614 789 his
1634 762 1719 790 non
1740 752 1853 790 tenet
1876 751 2049 802 regula,
2078 751 2158 791 nisi
2182 752 2396 804 intelliga-

1371 823 1442 860 tur
1455 822 1505 860 ad
1519 820 1645 861 idem.
1664 819 1871 870 Quoniam
1889 834 1991 873 ergo
2006 834 2197 874 personae
2211 835 2286 874 per
2303 836 2399 865 suas

1372 892 1646 944 proprietates
1666 892 1920 942 reseruntur,
1940 894 2134 945 quamvis
2157 906 2294 934 unum
2314 895 2397 936 sint

1372 962 1415 1002 in
1439 965 1613 1011 natura,
1641 963 1742 1015 quia
1768 966 1908 1002 tamen
1932 976 2018 1003 11011
2045 967 2144 1004 sunt
2162 965 2213 1004 ad
2234 978 2396 1016 unum,

1372 1032 1464 1072 ideo
1485 1045 1571 1073 non
1589 1034 1780 1086 sequitur
1799 1034 1911 1086 quod
1931 1034 2013 1074 sint
2031 1035 2141 1075 idem
2160 1050 2167 1076 :
2191 1039 2230 1076 et
2251 1037 2309 1077 sic
2328 1049 2398 1090 pa-

1372 1106 1429 1144 tet
1448 1104 1564 1145 illud.

1731 1240 1968 1291 QUAESTIO
2000 1242 2051 1282 [l.

1398 1355 1459 1390 An
1478 1356 1518 1390 in
1538 1355 1672 1392 divinis
1688 1366 1841 1402 persona
1861 1357 2076 1403 praedicetur
2095 1357 2135 1393 de
2156 1360 2310 1399 natura,
2341 1362 2375 1393 ec

1694 1419 1829 1451 natura
1849 1416 1889 1451 cle
1904 1427 2057 1462 persona
2073 1416 2096 1452 ¹.

1430 1533 1581 1574 Utrum
1608 1534 1653 1574 in
1684 1534 1839 1575 divinis
1867 1535 1920 1575 sit
1947 1547 2102 1588 ponere
2133 1535 2397 1588 praedicatio-

1375 1617 1497 1655 nem,
1537 1605 1690 1645 scilicet
1726 1609 1773 1646 11ῖ
1807 1619 1873 1646 res
1904 1610 2068 1647 naturae
2103 1607 2191 1648 sive
2223 1620 2399 1660 persona

1376 1677 1629 1729 praedicetur
1659 1679 1708 1717 de
1741 1681 1914 1728 natura,
1947 1679 2013 1718 vel
2045 1691 2067 1718 e
2099 1691 2324 1729 converso3
2360 1682 2400 1719 et

1378 1749 1489 1800 quod
1512 1761 1618 1797 non,
1647 1748 1812 1788 videtur
1837 1761 1911 1801 per
1933 1748 2124 1789 Boetium
2150 1749 2195 1789 in
2222 1749 2328 1790 libro
2351 1750 2400 1792 de

1382 1819 1591 1861 Trinitate
1607 1822 1642 1857 ⁶2:
1660 1819 1800 1860 «Deus
1817 1823 1877 1859 est
1892 1821 2025 1860 forma
2045 1820 2134 1860 sine
2149 1821 2358 1873 subjecto:
2377 1836 2395 1858 >›

1378 1892 1447 1931 sed
1468 1892 1541 1931 ubi
1570 1904 1656 1932 non
1684 1895 1744 1932 est
1767 1892 1857 1944 subj
1865 1895 2003 1933 ectum
2017 1925 2026 1943 ,
2054 1905 2140 1933 non
2163 1895 2223 1933 θεῖ
2244 1893 2399 1945 praedi-

1378 1965 1548 2003 catum:
1581 1975 1703 2014 ergo,
1735 1966 1810 2003 etc.

1432 2040 1470 2077 2.
1495 2037 1612 2088 Item,
1635 2037 1856 2090 Dionysius
1873 2037 1971 2078 dicit
1990 2038 2004 2059 ³
2023 2038 2134 2090 quod
2155 2038 2400 2090 negationes

1379 2109 1428 2149 de
1448 2108 1531 2149 Deo
1551 2112 1650 2149 sunt
1668 2121 1796 2158 verse,
1813 2110 2111 2149 affirmationes
2126 2122 2228 2150 vero
2244 2110 2403 2150 incom-

1380 2184 1542 2233 pactae:
1577 2181 1648 2222 sed
1676 2181 1751 2221 ubi
1776 2183 1836 2220 est.
1864 2193 1962 2221 vere
1991 2180 2152 2233 aliquid
2179 2181 2229 2221 de
2263 2181 2403 2234 aliquo

1379 2252 1628 2304 praedicare,
1651 2255 1711 2292 est
1730 2254 1771 2292 et
1791 2264 1890 2292 vere
1908 2252 2119 2292 affirmare
2136 2263 2145 2290 :
2167 2252 2237 2292 sed
2256 2252 2299 2291 in
2322 2252 2403 2292 Deo

1380 2335 1464 2362 non
1485 2323 1695 2375 contingit
1711 2335 1809 2363 vere
1828 2324 2039 2362 affirmare
2061 2337 2068 2363 :
2091 2335 2211 2374 ergo,
2232 2326 2309 2365 etc.

1434 2397 1474 2433 3.
1497 2393 1600 2433 item
1629 2394 1709 2434 hoc
1734 2394 1875 2446 ipsum
1901 2394 2068 2434 videtur
2093 2394 2281 2434 ratione:
2305 2394 2405 2446 quia

1379 2466 1637 2517 ubicumque
1651 2467 1712 2505 est
1725 2465 1979 2517 praedicatio,
1989 2465 2045 2504 ibi
2057 2467 2117 2504 est
2128 2464 2360 2517 complexio
2369 2468 2403 2505 ⁴:

1384 2549 1487 2588 ergo
1502 2539 1541 2576 et
1555 2536 1799 2588 compositio
1816 2550 1824 2575 :
1845 2536 1913 2576 sed
1928 2536 1972 2575 in
1990 2535 2072 2576 Deo
2088 2535 2206 2575 nulla
2222 2538 2283 2575 est
2295 2548 2405 2576 com-

1383 2608 1551 2662 plexio:
1586 2620 1689 2660 ergo
1719 2610 1758 2648 et
1786 2607 1904 2648 nulla
1932 2607 2200 2660 compositio:
2233 2619 2336 2658 ergo
2365 2610 2405 2648 et

1381 2680 1500 2720 nulla
1524 2680 1777 2732 praedicatio.

1435 2755 1474 2792 4„
1497 2752 1621 2802 Item,
1646 2752 1690 2791 in
1709 2750 1827 2791 omni
1851 2750 2148 2803 praedicatione
2167 2750 2406 2803 subJ‘ectum

1385 2835 1427 2863 se
1446 2823 1573 2863 habet
1591 2822 1643 2863 ad
1662 2822 1836 2862 modum
1856 2821 2045 2862 materiae
2066 2834 2075 2861 :
2097 2821 2168 2861 sed
2188 2822 2232 2861 in
2252 2821 2406 2862 divinis

1381 2907 1459 2935 nec
1478 2896 1540 2934 est
1558 2893 1740 2946 reperire
1762 2893 1999 2944 materiam,
2019 2905 2095 2933 nec
2115 2892 2290 2933 modum
2309 2904 2403 2932 ma-

1381 2966 1523 3006 teriae:
1547 2977 1649 3017 ergo
1675 2977 1752 3005 nec
1771 2964 2124 3017 praedicationem.

1436 3039 1473 3077 5.
1501 3037 1625 3087 Item,
1648 3036 1682 3076 si
1705 3038 1766 3077 est
1787 3037 1845 3076 1111
1871 3036 2129 3089 praedicatio,
2152 3037 2225 3076 aut
2250 3035 2406 3087 praedi-

1382 3113 1500 3150 catur
1525 3110 1637 3150 idem
1662 3109 1712 3150 de
1739 3109 1907 3159 eodem,
1936 3111 2010 3149 aut
2029 3108 2145 3149 aliud
2166 3108 2216 3148 de
2241 3107 2348 3147 alio:
2371 3106 2406 3147 si

1382 3182 1493 3222 idem
1514 3182 1564 3222 de
1584 3181 1745 3229 eodem,
1766 3181 1911 3221 nullus
1930 3193 1983 3221 ex
2000 3180 2079 3220 hoc
2098 3179 2260 3232 capitur
2278 3178 2405 3219 intel-

1381 3252 1511 3292 lectus
1539 3252 1667 3303 alius,
1695 3264 1824 3304 quam
1851 3252 1884 3291 si
1904 3264 1991 3292 non
2016 3252 2122 3292 esset
2143 3248 2404 3302 praedicatio,

1381 3326 1430 3365 ut
1452 3326 1564 3376 patet
1591 3336 1688 3364 cum
1711 3323 1890 3364 dicitur:
1918 3339 1937 3362 α
1966 3322 2100 3363 Homo
2127 3324 2186 3361 est
2206 3320 2359 3369 homo;
2381 3333 2400 3356 »

1381 3455 1470 3485 Petr.
1490 3453 1529 3484 de
1551 3454 1699 3493 Tarant„
1720 3454 1729 3484 l
1750 3453 1856 3492 Sent„
1873 3452 1948 3484 dist.
1964 3459 2082 3492 xxxw,
2102 3460 2132 3491 q.
2152 3458 2251 3481 1111—
2266 3450 2277 3467 ²
2294 3450 2403 3489 Boet„

1378 3503 1417 3534 de
1436 3502 1568 3542 Trz'm't„
1588 3502 1677 3533 circa.
1693 3501 1751 3532 fin.
1768 3519 1807 3524 -—
1826 3501 1839 3523 3
1854 3501 1952 3532 Dion.
1975 3502 2112 3540 Areop.⁹
2134 3499 2172 3529 de
2198 3497 2277 3530 Coel.
2297 3498 2402 3545 H{ffl‚

1379 3561 1409 3583 e.
1427 3559 1464 3591 11,
1486 3553 1519 3582 et
1538 3551 1638 3591 Myst.
1657 3549 1806 3582 Theol.—
1822 3549 1831 3567 ⁴
1849 3549 1963 3589 Arist„
1983 3548 2021 3579 cle
2037 3548 2226 3588 Interpret„
2241 3547 2307 3587 hh.
2323 3549 2349 3579 1.

2445 1543 2490 1570 Ad
2504 1552 2556 1579 op-
