2613 3990
852 314 1100 356 DISTINCT.
1133 314 1238 356 VIII.
1274 314 1424 357 PART.
1454 316 1505 356 II.
2166 320 2240 357 1157

118 405 298 459 simplex
316 407 377 446 est
391 436 401 455 ,
424 407 546 458 quus
565 417 661 458 pars
684 417 770 445 non
790 408 851 444 est
864 437 874 455 ,
897 406 1004 444 sicut
1025 417 1144 444 com-

116 477 303 530 positum
322 476 490 527 dicitur,
512 478 624 531 quod
644 477 772 517 habet
799 478 955 528 partes.

170 547 292 601 Resp.
314 547 545 589 Dicendum
560 581 570 600 ,
597 548 708 601 quod
734 547 934 599 Magister
954 546 1145 587 notificat

116 619 186 659 hic
217 619 398 672 simplex
437 620 671 661 secundum
710 617 822 670 quod
851 620 912 657 est
944 616 1016 656 Dei
1045 628 1146 669 pro—

116 690 258 742 prium
271 703 280 740 3
294 694 333 731 et
344 691 402 731 ita
413 692 641 744 opponitur
651 688 944 741 compositioni
956 690 996 728 et
1008 699 1048 727 rn
1054 687 1145 727 ulti-

115 762 302 815 plicitati.
326 762 540 812 Quantum
552 772 654 812 ergo
673 760 725 800 ad
738 760 1022 813 privationem
1034 772 1125 799 com
1137 783 1146 788 -

115 834 358 887 positionis,
383 835 481 875 dicit
498 834 610 886 quod
640 845 727 873 non
751 832 880 872 habet
900 832 1144 872 multitudi-

116 918 215 947 nem
231 907 435 959 partium3
450 907 662 958 quantum
678 916 781 944 vero
795 905 847 944 ad
862 904 1144 956 privationem

116 977 438 1030 multiplicitatis
458 979 687 1024 extraneae‚
710 975 808 1015 dicit
826 975 939 1027 quod
959 987 1047 1014 non
1068 974 1145 1014 ha-

116 1048 186 1089 bet
206 1049 451 1088 varietatem
479 1047 782 1097 accidentium3
806 1051 1015 1099 quantum
1043 1058 1145 1087 vero

116 1119 168 1159 ad
194 1119 478 1172 privationem
513 1118 838 1171 multiplicitatis
880 1118 1142 1167 intrinsecae,

117 1190 218 1231 dicit
236 1191 349 1244 quod
368 1191 606 1232 non-hahet
623 1190 870 1231 varietatem
891 1192 1142 1240 formarum,

117 1265 166 1302 ut
197 1262 392 1314 generis,
425 1263 581 1315 speciei
609 1265 649 1303 et
677 1262 930 1303 differentiae
961 1275 970 1302 ε
999 1265 1039 1302 et
1066 1263 1146 1303 hoc

117 1333 242 1374 modo
258 1333 460 1386 simplex,
483 1336 546 1374 est
566 1333 747 1386 simplex
768 1346 866 1375 vere
884 1337 924 1374 et
942 1334 1112 1387 proprie
1133 1349 1141 1375 :

117 1405 232 1457 quod
257 1405 387 1446 solius
415 1404 488 1445 Dei
517 1408 592 1446 est.

544 1531 634 1559 DUB.
662 1530 722 1558 111.

117 1608 202 1640 Cum
216 1607 308 1639 enim
329 1607 418 1639 aliud
439 1607 481 1639 sit
500 1608 718 1639 artificiosum
734 1615 828 1648 esse,
850 1610 882 1638 et
900 1607 1056 1648 inertem,
1079 1609 1142 1639 etc.

170 1690 325 1732 Probat
364 1691 434 1731 hic
470 1691 739 1743 Augustinus
777 1695 787 1716 ¹
832 1690 1019 1730 animam
1056 1703 1145 1731 esse

119 1763 395 1816 compositam
414 1766 584 1816 propter
615 1762 929 1803 multitudinem
951 1763 1144 1815 proprie-

119 1838 271 1875 tatum.
295 1834 374 1875 Sed
391 1837 537 1875 contra
557 1849 565 1874 :
589 1834 714 1874 Nulla
730 1834 962 1875 substantia
978 1846 1146 1887 compo-

120 1907 238 1947 nitur
269 1918 322 1947 ex
345 1906 696 1959 proprietatibus,
724 1918 803 1946 nec
822 1918 895 1959 per
915 1918 984 1957 se,
1007 1918 1145 1958 neque

121 1990 219 2019 cum
238 1978 320 2019 alio
348 1991 358 2019 ε
387 1990 490 2030 ergo
516 1990 570 2018 ex
597 1977 676 2019 hoc
699 1990 785 2019 non
810 1978 1013 2031 probatur
1032 1978 1145 2030 quod

119 2049 263 2090 anima
281 2049 334 2090 sit
361 2049 604 2103 composita.

173 2120 295 2174 Resp.
330 2120 584 2173 Dicendum,
619 2121 734 2174 quod
764 2121 1036 2174 Augustinus
1065 2121 1145 2162 hoc

119 2204 206 2233 non
243 2193 392 2246 probat
435 2193 519 2234 nisi
554 2205 578 2234 a
614 2193 851 2247 posteriori.
893 2192 1145 2246 Compositio

120 2264 235 2306 enim
255 2265 477 2306 accidentis
500 2265 552 2306 ad
571 2265 829 2318 suDJectum,
851 2267 891 2306 et
910 2265 1144 2315 diversitas,

120 2337 352 2378 necessario
386 2337 677 2390 praesupponit
715 2337 840 2377 aliam
879 2337 1147 2390 compositio-

120 2419 240 2458 nem;
264 2408 378 2461 quia,
404 2412 448 2449 ut
468 2409 569 2450 dicit
588 2408 758 2449 Boetius
777 2410 806 2460 ²,
830 2409 942 2462 quod
966 2413 1026 2450 est
1041 2422 1146 2462 pure

119 2479 280 2531 forma,
303 2480 542 2534 subiectum
564 2493 652 2521 esse
671 2493 758 2521 non
784 2484 917 2533 potest
938 2493 946 2519 ε
968 2493 1072 2533 ergo
1094 2482 1145 2522 ad

120 2550 202 2592 hoc
219 2552 332 2605 quod
350 2552 513 2606 aliquid
532 2552 585 2593 sit
610 2552 847 2605 subjectum
867 2552 1146 2593 accidentium

120 2623 311 2676 plurium
324 2656 334 2676 ,
356 2627 520 2677 oportet
533 2624 577 2664 in
594 2624 665 2664 illo
681 2624 951 2677 praeexistere
968 2636 1147 2677 compo-

121 2695 317 2736 sitionem
335 2696 608 2737 intrinsecam
627 2708 637 2736 z
656 2696 726 2736 sed
748 2696 891 2737 anima
911 2696 1020 2748 capit
1039 2696 1084 2735 in
1104 2708 1147 2736 se

122 2766 440 2808 multitudinem
461 2767 748 2808 *accidentium
780 2782 789 2808 z
821 2771 861 2808 et
888 2767 982 2808 ideo
1009 2780 1149 2808 neces-

122 2838 232 2879 sario
265 2838 445 2881 infertur
479 2853 504 2881 a
538 2840 788 2893 posteriori,
825 2839 938 2892 quod
974 2839 1064 2892 ipsa
1096 2839 1149 2879 sit

123 2910 375 2963 composita,
395 2910 493 2952 licet
510 2923 598 2952 non
616 2923 670 2952 ex
690 2910 987 2952 accidentibus.

547 3036 635 3065 DUB.
668 3035 726 3065 lv.

147 3111 225 3145 Sine
241 3114 398 3155 qualitate
416 3115 558 3156 bonum,
578 3115 649 3146 sine
665 3113 848 3155 quantitate
867 3122 1043 3155 magnum,
1065 3117 1131 3146 etc.

178 3194 349 3238 Videtur
373 3197 484 3238 male
516 3197 676 3249 dicere,
706 3197 811 3250 quia
834 3209 859 3237 a
877 3209 1149 3250 quocumque

126 3271 370 3309 removetur
399 3269 614 3322 superius,
644 3271 685 3309 et
710 3268 887 3308 inferius
919 3283 927 3309 :
957 3281 1084 3321 ergo,
1115 3269 1150 3309 si

127 3350 215 3378 non
233 3339 358 3380 habet
375 3341 640 3394 qualitatem,
661 3353 739 3381 nec
757 3340 1001 3381 bonitatem.
1037 3340 1080 3381 Si
1101 3343 1149 3381 tu

127 3409 260 3461 dicas,
281 3411 393 3463 quod
409 3412 572 3453 bonitas
590 3413 662 3453 illa
678 3424 764 3452 non
783 3414 845 3452 est
863 3413 1019 3465 species
1038 3425 1150 3465 qua-

126 3480 272 3532 litatis3
292 3483 510 3534 quaeritur,
535 3496 666 3537 quare
683 3495 770 3524 non
789 3483 980 3524 similiter
997 3484 1150 3525 dleitur

173 3578 186 3599 ¹
202 3579 357 3618 August„
374 3576 413 3608 de
433 3577 566 3619 Trinit„
579 3578 639 3611 lib.
662 3580 718 3620 Vl,
740 3589 770 3612 c.
785 3587 842 3619 VI,
861 3588 897 3610 n.
912 3580 944 3611 8.
958 3595 997 3603 —
1009 3579 1023 3601 ²
1037 3581 1148 3621 Boet.,

172 3637 212 3677 (α)
235 3637 271 3668 In
287 3638 357 3668 coet.
375 3635 455 3668 edit.
474 3636 561 3668 deest
578 3637 626 3669 in.

1217 406 1260 444 in
1278 406 1433 445 divinis
1464 405 1644 458 qualitas
1671 404 1833 455 divina,
1864 405 1971 445 sicut
1994 406 2157 445 bonitas
2179 408 2239 445 di—

1217 475 1331 516 vina.

1272 545 1393 599 Resp.
1411 545 1589 595 Quidam
1605 545 1755 587 volunt
1773 546 1909 586 dicere
1923 578 1932 596 ,
1953 546 2065 599 quod
2086 558 2241 587 nomen
2297 561 2401 597 Opinio

1218 618 1387 668 generis
1404 630 1489 657 non
1505 617 1756 657 transfertur
1773 617 1825 657 ad
1845 617 2008 668 divina,
2030 620 2122 657 tum
2142 617 2241 670 quia
2262 603 2401 677 ὃζᾙωζᾎζ

1218 701 1304 728 non
1324 689 1423 729 dicit
1442 689 1502 728 rei
1526 688 1903 740 complementum,
1927 689 2035 729 sicut
2058 689 2236 741 species3
2263 686 2404 754 Θὲῑξὶςῑὲξῃ

1218 761 1311 798 tum
1332 758 1431 810 quia
1458 758 1599 809 signat
1618 757 1662 797 in
1690 758 1952 798 concretione
1976 758 2027 798 ad
2047 758 2240 798 substan—
2263 769 2364 796 munis.

1218 830 1321 869 tiam
1359 833 1399 870 et
1434 829 1800 881 independentiam
1841 843 1848 868 :
1885 829 2063 869 nomina
2099 832 2242 869 autem

1218 900 1413 952 specialia
1432 902 1658 940 connotant
1677 900 1874 940 effectum
1892 900 1936 939 in
1957 903 2148 940 creatura
2172 914 2180 939 :
2203 902 2242 940 et

1215 971 1310 1012 ideo
1327 972 1480 1012 dicitur
1500 971 1590 1011 sine
1610 970 1810 1023 qualitate
1826 971 1977 1011 bonus.
2001 970 2081 1011 Sed
2096 971 2129 1010 si
2148 970 2244 1023 quis
2292 990 2403 1026 1mpr0-

1218 1046 1318 1086 velit
1336 1046 1560 1099 inspicere,
1586 1045 1749 1085 invenit
1779 1044 1858 1084 hoc
1879 1057 1965 1084 non
1986 1045 2142 1085 habere
2168 1057 2245 1085 ve-
2265 1032 2356 1059 ΜΨ·

1218 1117 1398 1157 ritatem.
1423 1116 1465 1157 Si
1486 1129 1588 1168 ergo
1614 1118 1847 1169 quaeratur,
1868 1116 2081 1168 quomodo
2104 1116 2247 1156 differt

1218 1189 1261 1227 in
1294 1188 1376 1229 Deo
1411 1188 1663 1240 magnitudo
1698 1191 1738 1228 et
1771 1187 1959 1238 bonitas3
1992 1188 2243 1235 dicendum,

1218 1261 1331 1313 quod
1360 1261 1612 1313 magnitudo
1638 1260 1851 1313 significat
1878 1260 2071 1300 divinam
2109 1272 2246 1300 essen-

1217 1332 1320 1372 tiam
1346 1345 1419 1385 per
1448 1332 1622 1372 modum
1653 1331 1915 1384 quantitatis;
1948 1332 2139 1382 bonitas,
2172 1344 2248 1384 per

1218 1404 1394 1444 modum
1415 1404 1650 1456 qualitatis,
1675 1416 1778 1455 ergo
1802 1403 1870 1443 isti
1894 1403 2007 1443 modi
2030 1403 2185 1444 cadunt
2204 1403 2248 1442 in

1217 1476 1366 1517 Deum.
1402 1476 1452 1517 Et
1480 1478 1659 1528 iterum,
1691 1477 1727 1517 si
1753 1478 1986 1530 quaeratur,
2020 1475 2155 1527 qualis
2187 1477 2249 1515 est

1217 1549 1344 1600 Deus3
1364 1552 1595 1603 respondeo
1613 1566 1621 1591 :
1639 1550 1795 1599 Bonus,
1811 1554 1850 1590 et
1863 1561 2064 1601 magnus.
2082 1549 2130 1588 Et
2154 1549 2248 1589 ideo
2304 1566 2407 1601 opinis,

1217 1621 1458 1671 dicendum,
1481 1622 1593 1674 quod
1611 1621 1786 1661 nomina
1806 1633 2015 1673 generum
2033 1620 2078 1659 in
2094 1619 2248 1659 divinis
2268 1608 2393 1644 ¹³¹''''l³s⁵³·

1218 1692 1506 1744 reperiuntur,
1524 1693 1594 1733 sed
1611 1704 1697 1733 non
1717 1695 1845 1744 prout
1864 1692 2022 1731 habent
2041 1691 2248 1731 rationem

1217 1763 1411 1814 generis3
1441 1764 1540 1816 quia
1561 1764 1670 1805 Deus
1697 1764 1740 1803 in
1767 1763 1885 1804 nullo
1914 1775 2072 1815 genere
2093 1765 2153 1803 est
2175 1777 2182 1803 :
2207 1766 2248 1802 et

1218 1835 1269 1875 ad
1283 1835 1361 1875 hoc
1379 1835 1728 1887 significandum,
1748 1838 1938 1876 removet
1953 1835 2222 1887 Augustinus
2235 1835 2248 1856 ³

1217 1907 1394 1959 nomina
1424 1920 1580 1949 novem
1610 1919 1841 1960 generum,
1876 1907 1921 1947 in
1954 1906 2005 1959 (a)
2037 1909 2247 1959 quantum

1218 1982 1318 2019 sunt
1337 1991 1510 2031 genera.

1651 2045 1741 2073 DUB.
1772 2044 1815 2073 v.

1290 2115 1324 2148 Si
1343 2118 1458 2148 tamen
1477 2116 1616 2157 dignum
1632 2119 1682 2148 est
1701 2118 1737 2147 ut
1756 2116 1847 2147 Deus
1865 2114 1996 2147 dicatur
2012 2115 2178 2146 substare.

1272 2193 1446 2235 Videtur
1472 2193 1571 2234 satis
1590 2193 1772 2246 dignum
1784 2225 1794 2244 ,
1817 2192 1918 2246 quia
1935 2205 2103 2233 summa
2119 2192 2245 2234 nobi-

1217 2265 1313 2306 litas
1335 2268 1398 2306 est
1414 2278 1488 2318 per
1507 2277 1550 2306 se
1567 2265 1811 2306 subsistere.

1274 2336 1396 2390 Resp.
1418 2337 1664 2386 Dicendum,
1681 2337 1793 2390 quod
1809 2336 1966 2390 duplex
1983 2339 2045 2377 est
2055 2335 2247 2389 proprie-

1220 2411 1282 2449 tas
1303 2409 1436 2462 ipsius
1456 2409 1721 2459 substantiae,
1743 2409 1901 2450 scilicet
1913 2421 1987 2461 per
2007 2420 2050 2448 se
2069 2410 2193 2458 stare,
2210 2410 2250 2448 et

1220 2481 1292 2521 alii
1321 2481 1489 2522 subesse
1513 2482 1735 2534 :primum
1766 2483 1827 2522 est
1857 2480 2148 2534 perfectionis;
2184 2491 2249 2519 se·

1221 2553 1407 2594 cundum
1426 2584 1436 2602 ,
1476 2553 1835 2607 imperfectionis3
1876 2556 1918 2594 et
1951 2552 2045 2593 ideo
2087 2551 2249 2592 ratione

1220 2624 1370 2677 primae
1390 2625 1542 2666 dicitur
1566 2625 1693 2678 digne
1709 2658 1719 2677 ,
1741 2638 1830 2666 non
1849 2625 2014 2666 ratione
2033 2623 2245 2665 secundae.

1645 2750 1736 2779 DUB.
1767 2751 1827 2780 VI.

1243 2827 1318 2858 Non
1337 2836 1378 2858 ex
1394 2828 1590 2869 compositis
1611 2829 1714 2870 Deus,
1729 2828 1788 2870 qui
1809 2828 1878 2860 vita
1897 2831 1959 2867 est,
1973 2826 2141 2867 subsistit,
2164 2828 2229 2858 etc.

1277 2909 1509 2963 Quaeritur‚
1535 2924 1631 2965 quae
1659 2911 1896 2953 differentia
1923 2913 1984 2951 est
2011 2910 2127 2950 inter
2157 2909 2250 2949 illas

1222 2982 1501 3034 differentia53
1522 2985 1638 3037 quia,
1654 2985 1689 3025 si
1707 2984 1823 3025 nulla
1843 2986 1917 3034 est,
1932 2982 2100 3024 videtur
2113 2982 2249 3022 facere

1222 3055 1565 3097 inculcationem.

1277 3126 1399 3180 Resp.
1421 3127 1669 3177 Dicendum,
1686 3127 1799 3179 quod
1816 3125 1990 3179 quidam
2004 3125 2246 3176 voluerunt,

1223 3198 1338 3251 quod
1356 3210 1431 3250 per
1446 3199 1519 3239 illa
1543 3201 1727 3251 quatuor
1751 3197 2034 3238 excludantur
2061 3199 2248 3249 quatuor

1224 3281 1383 3322 genera
1401 3270 1769 3323 compositionum.
1800 3268 1942 3310 Prima
1961 3268 2075 3309 enim
2097 3271 2163 3309 est
2180 3281 2247 3309 es-

1224 3341 1356 3382 sentia
1391 3354 1444 3381 ex
1473 3340 1691 3394 principiis
1727 3340 2020 3381 essentialibus
2037 3373 2048 3391 ,
2082 3327 2244 3380 ratione

1225 3414 1346 3465 cujus
1365 3412 1534 3463 dicitur,
1556 3412 1669 3465 quod
1689 3413 1795 3454 Deus
1816 3423 1901 3455 non
1926 3416 1984 3454 est
2010 3413 2058 3454 in
2077 3421 2246 3463 compo-

1224 3485 1323 3526 sitis
1340 3516 1350 3533 ,
1370 3484 1412 3524 id
1431 3486 1493 3524 est
1511 3483 1640 3524 simul
1659 3484 1817 3537 positis.
1840 3483 2033 3526 Secunda
2064 3486 2125 3524 est
2143 3481 2245 3523 sub-

1224 3591 1263 3623 de
1283 3591 1415 3627 Trinit„
1434 3590 1492 3622 lib.
1509 3591 1534 3625 Ι.
1548 3607 1589 3614 -
1608 3590 1621 3613 ³
1637 3592 1738 3633 Aug„
1757 3591 1796 3623 de
1817 3591 1951 3631 Trinit„
1970 3590 2028 3622 lib,
2045 3590 2086 3630 V,
2108 3599 2141 3622 c.
2165 3596 2245 3630 vm,

1224 3649 1259 3671 n.
1276 3640 1306 3671 9.
