2613 3990
105 526 149 554 Ad
165 534 218 562 op.

71 576 136 601 pos.

106 3317 210 3354 Opinio

89 3359 194 3397 Magis-

115 3402 164 3430 tri.

778 295 905 336 DIST.
937 292 1021 334 XV.
1053 288 1205 330 PART.
1239 286 1269 327 Ι.
1297 288 1416 330 ART.
1448 290 1480 331 I.
1512 289 1708 339 QUAEST.
1739 289 1804 329 IV.

235 385 394 438 aliquid
427 384 525 425 facit
556 384 678 425 Pater
703 385 814 437 quod
840 395 926 423 non
950 381 1046 421 facit
1078 378 1258 431 Spiritus

235 458 403 497 sanctus
427 470 435 496 :
468 467 570 507 ergo
599 455 732 495 divisa
760 456 859 494 sunt
879 464 1006 505 opera
1028 449 1256 490 Trinitatis.

287 527 438 568 Contra
459 541 468 566 ε
496 530 531 566 1.
555 526 704 566 Datum
726 525 877 566 dicitur
894 523 1066 564 relative
1086 521 1136 561 ad
1155 521 1258 560 dan—

231 602 338 650 tem,
370 599 477 639 sicut
502 598 599 638 dicit
625 596 918 649 Augustinus¹
950 595 995 634 in
1021 593 1167 646 quinto
1192 592 1257 631 di-

232 670 341 711 cimo
372 670 422 712 de
462 670 672 711 Trinitate
689 683 704 709 .·
738 679 840 719 ergo
878 666 1055 719 Spiritus
1091 665 1260 704 sanctus

229 752 316 780 non
338 741 462 781 datur
488 740 568 780 nisi
588 740 641 779 ab
667 738 733 778 his
753 738 804 778 ad
827 749 933 790 quos
953 735 1127 777 relative
1155 733 1258 773 dici-

227 814 323 852 tur:
359 812 428 852 sed
467 823 553 852 non
583 810 736 850 dicitur
770 809 943 849 relative
980 807 1031 847 ad
1055 818 1123 846 se:
1155 817 1259 856 ergo

227 895 315 923 non
339 883 408 923 dat
427 895 496 923 se:
519 893 622 932 ergo
645 892 723 920 nec
748 879 876 920 mittit
896 892 953 919 se.

282 957 321 994 2.
345 953 465 1005 Item,
486 953 594 993 sicut
618 951 740 992 Pater
769 954 829 992 est
854 951 993 1003 prima
1012 961 1191 1002 persona
1216 948 1258 987 in

229 1023 448 1073 Trinitate,
473 1027 570 1065 ante
589 1036 719 1076 quam
738 1035 824 1063 1100
846 1025 907 1062 est
926 1021 1020 1072 alia,
1042 1022 1101 1061 ita
1125 1020 1257 1073 Spiri-

228 1098 297 1136 tus
335 1098 503 1136 sanctus
534 1098 628 1148 post
657 1106 786 1147 quem
818 1106 905 1134 non
942 1096 1003 1134 est
1039 1093 1146 1132 alia:
1188 1091 1258 1131 sed

231 1167 366 1216 Pater,
385 1167 485 1220 quia
503 1179 588 1208 non
611 1167 738 1207 habet
758 1178 981 1219 personam
1006 1178 1059 1205 ex
1082 1177 1167 1217 qua
1191 1164 1256 1211 sit,

229 1238 347 1279 nullo
373 1238 499 1279 modo
518 1238 670 1279 dicitur
693 1239 846 1278 missus
869 1252 877 1278 z
901 1249 1019 1289 ergo,
1041 1249 1138 1276 cnm
1162 1235 1258 1288 Spi-

229 1309 336 1350 ritus
367 1312 537 1350 sanctus
570 1323 657 1351 non
690 1310 842 1350 habeat
872 1320 1096 1362 personam
1135 1320 1187 1348 ex
1217 1319 1259 1347 se

229 1379 650 1427 emanantemsnullo
676 1379 799 1419 niodo
820 1378 971 1418 dicitur
992 1377 1170 1417 mittere.

283 1452 322 1490 3.
360 1450 481 1498 Item,
512 1451 770 1503 ubicumque
800 1452 860 1490 est
898 1449 1045 1490 missio
1075 1448 1255 1500 passiva,

229 1521 286 1562 ibi
306 1524 366 1562 est
391 1523 698 1563 subauctoritas
724 1524 915 1575 respectu
936 1520 1117 1572 alicujus
1139 1519 1259 1572 prin-

229 1593 327 1646 cipii
363 1593 408 1634 111
436 1594 578 1644 011550,
613 1594 721 1634 sicut
749 1593 904 1633 (licitur
934 1592 986 1632 ab
1015 1592 1258 1643 Augustino

229 1669 269 1706 et
298 1664 529 1717 Magistro:
563 1677 686 1718 ergo,
723 1665 795 1705 ubi
829 1668 889 1704 est
922 1663 1066 1703 missio
1102 1664 1256 1713 activa,

229 1737 287 1777 ibi
306 1740 478 1778 notatur
494 1737 718 1778 auctoritas
732 1739 924 1789 respectu
941 1747 1133 1788 personae
1154 1749 1163 1775 :
1186 1736 1256 1776 sed

231 1808 411 1862 Spiritus
430 1812 597 1851 sanctus
616 1822 701 1850 non
717 1810 842 1849 habet
858 1808 1150 1849 auctoritatem
1171 1820 1255 1849 res-

229 1884 354 1935 pectu
373 1881 455 1933 sui,
476 1893 553 1922 nec
572 1880 744 1921 alterius
767 1892 955 1933 personae
974 1895 982 1921 ε
1005 1892 1126 1932 ergo,
1150 1883 1228 1921 etc.

282 1957 321 1995 4.
352 1954 478 2004 Item,
506 1954 768 2006 ubicumque
800 1956 859 1993 est
889 1953 1050 2001 0115510,
1081 1953 1140 1993 ibi
1160 1965 1259 1993 vere

229 2028 398 2067 notatur
423 2025 645 2074 distinctio,
672 2026 780 2065 sicut
797 2025 841 2064 in
860 2024 1061 2065 creaturis
1086 2036 1258 2077 separa-

228 2097 286 2137 tio
306 2111 315 2137 :
349 2096 421 2137 sed
440 2108 620 2150 persona
637 2095 817 2148 Spiritus
838 2096 970 2136 sancti
992 2108 1079 2135 non
1105 2095 1256 2135 distin-

229 2167 380 2219 guitur
397 2181 422 2209 a
441 2180 485 2209 se
505 2183 514 2209 :
536 2180 640 2220 ergo
657 2180 681 2208 a
699 2180 741 2208 se
761 2180 846 2208 non
865 2167 1046 2208 mittitur
1063 2184 1071 2208 z
1091 2179 1168 2208 nec
1190 2167 1257 2207 Fi-

228 2238 334 2280 lium
366 2239 514 2290 mittit,
546 2251 644 2280 cum
675 2251 763 2279 non
789 2238 941 2279 habeat
966 2239 1257 2279 auctoritatem

229 2309 274 2350 in
288 2310 430 2363 ipsum
451 2325 460 2352 :
483 2323 586 2363 ergo
606 2323 689 2351 non
714 2310 853 2351 mittit.

284 2383 323 2422 5.
346 2381 466 2431 Item,
483 2381 621 2422 omnis
636 2383 754 2422 actus
769 2381 1003 2422 secundum
1020 2394 1148 2434 quem
1165 2394 1256 2434 per-

231 2464 334 2494 sona
358 2454 586 2495 reflectitur
604 2466 732 2507 supra
756 2467 819 2504 se,
856 2457 918 2494 est
946 2454 1195 2505 essentialis,
1218 2456 1257 2493 et

231 2524 503 2565 essentialiter
521 2525 656 2566 dictus
673 2540 682 2566 ε
711 2525 744 2565 51
767 2537 870 2578 ergo
890 2525 1022 2565 Filius
1047 2525 1176 2565 mittit
1196 2537 1253 2576 se,

229 2595 297 2636 vel
327 2594 508 2649 Spiritus
539 2600 707 2638 sanctus
736 2610 800 2648 se,
834 2609 937 2650 ergo
966 2597 1158 2647 mittere,
1188 2596 1257 2637 vel

227 2666 364 2718 mitti,
386 2668 659 2709 essentialiter
689 2669 842 2709 dicitur
862 2683 870 2709 :
893 2669 964 2709 sed
992 2669 1131 2709 omnis
1162 2668 1256 2709 talis

227 2741 346 2780 actus
363 2739 517 2789 dicitur
530 2740 581 2781 de
596 2740 731 2782 tribus
751 2755 759 2782 z
781 2753 885 2793 ergo
903 2740 1028 2782 Pater
1045 2740 1176 2781 mittit
1194 2753 1252 2782 se.

587 2919 687 2961 (1οΝ
691 2919 887 2962 CLUSIO.

228 3027 432 3073 lmpropria
450 3029 497 3062 est
519 3027 649 3063 locutio
669 3027 761 3073 quod
778 3028 885 3063 Pater
901 3029 974 3064 sive
991 3029 1154 3065 Trinitas
1168 3031 1254 3064 mit-

276 3088 332 3121 tat
354 3096 388 3121 se
396 3098 407 3129 ;
429 3088 606 3133 propria,
626 3087 720 3132 quod
742 3097 902 3133 persouae
922 3088 1146 3133 procedentes
1165 3090 1253 3123 mit-

277 3148 358 3181 tant
383 3156 443 3189 50,·
469 3148 747 3194 propriissime,
779 3147 873 3192 quod
893 3148 1088 3193 producens
1128 3150 1254 3184 mittat

272 3205 536 3252 producentem.

283 3310 405 3365 Resp.
435 3312 488 3353 ad
519 3312 623 3365 Arg.
669 3313 900 3354 Dicendum
940 3315 1053 3366 quod
1096 3314 1143 3355 in
1174 3315 1255 3356 hac

230 3383 483 3435 quaestione,
527 3384 735 3437 sapientes
776 3385 1003 3438 opinantur
1045 3388 1253 3428 contrarie

230 3453 501 3508 sapientibus.
515 3454 622 3495 Nam
631 3455 830 3509 Magister
843 3456 944 3497 dicit
956 3468 1152 3510 expresse
1165 3463 1194 3509 ²,
1212 3461 1253 3500 et

275 3562 286 3583 ¹
320 3563 474 3603 August„
503 3561 542 3593 de
560 3562 693 3603 Trinit„
717 3563 776 3594 lib.
791 3563 862 3601 XV,
885 3572 958 3604 cap.
985 3571 1058 3606 nx,
1078 3574 1112 3597 n.
1140 3568 1192 3599 34.
1213 3585 1253 3591 —

229 3608 383 3641 ³Eadem
409 3612 461 3641 est
480 3609 568 3642 doct.
589 3609 732 3650 Alberti,
762 3611 852 3642 Petri
878 3611 918 3643 de
937 3611 1157 3654 Tarantasia,
1196 3614 1254 3646 Ri-

2281 296 2359 333 2533

1332 380 1480 420 nititur
1504 380 1682 432 probare
1711 379 1959 418 auctoritate
1990 382 2031 419 et
2049 380 2224 429 ratione,
2245 383 2359 433 quod

1333 449 1514 502 Spiritus
1544 452 1713 490 sanctus
1744 450 1882 489 mittat
1912 461 1976 499 se,
2011 452 2051 490 et
2081 450 2148 490 det
2179 463 2244 501 50;
2283 465 2359 492 nec

1333 524 1497 573 oportet
1516 521 1752 562 secundum
1771 521 1912 573 ipsum
1930 521 2041 573 quod
2059 520 2168 561 inter
2185 522 2359 562 mitten-

1332 596 1417 632 tem
1448 595 1487 633 et
1517 593 1695 633 missum
1725 592 1844 633 cadat
1872 592 2102 645 personalis
2123 592 2357 642 distincti03

1332 664 1403 704 sed
1417 664 1552 704 solum
1568 666 1778 716 quantum
1791 664 1843 704 ad
1857 664 2064 704 rationem
2076 663 2357 715 intelligendi,

1332 738 1379 775 ut
1398 736 1486 788 ipse
1502 735 1554 775 sit
1570 735 1739 775 mittens
1756 735 1800 774 in
1816 738 2025 787 quantum
2043 734 2167 784 Deus,
2190 737 2230 775 et
2247 735 2360 775 idem

1332 806 1419 858 ipse
1439 807 1491 846 sit
1511 806 1666 846 missus
1685 805 1730 845 111
1748 808 1958 858 quantum
1977 806 2155 846 donum.

1388 877 1582 917 Aliorum
1601 877 1905 928 magistrorum
1928 879 1968 917 et
1985 878 2261 930 antiquorum
2282 878 2362 919 fuit

1332 948 1496 1001 positio,
1525 949 1639 1001 quod
1660 948 1825 988 mittere
1854 951 1894 988 et
1913 948 2024 988 mitti
2044 948 2093 988 de
2114 949 2275 989 ratione
2295 962 2359 990 5111

1332 1020 1516 1059 1101111015
1534 1020 1765 1072 important
1784 1020 2176 1069 subauctoritatem,
2198 1024 2238 1060 et
2258 1034 2360 1061 auc-

1331 1092 1558 1140 toritatem,
1590 1097 1628 1131 et
1665 1090 2000 1141 distinctionem3
2047 1094 2087 1131 et.
2118 1091 2210 1131 ideo
2243 1092 2360 1131 nullo

1332 1161 1457 1202 modo
1480 1164 1612 1214 potest
1636 1161 1732 1209 dici,
1765 1161 1878 1213 quod
1911 1174 1997 1202 una
2028 1174 2205 1214 persona
2225 1163 2362 1203 mittat

1332 1246 1389 1283 se,
1411 1234 1478 1274 vel
1504 1234 1696 1274 mittatur
1726 1246 1751 1273 a
1783 1245 1840 1273 se.
1874 1232 1993 1274 Unde
2011 1233 2244 1274 locutiones
2268 1234 2359 1274 istae

1332 1308 1431 1345 sunt
1449 1305 1692 1358 impropriae
1709 1318 1718 1356 3
1736 1308 1775 1345 et
1794 1306 2069 1358 exponendae,
2090 1318 2186 1359 quae
2200 1306 2278 1346 1100
2296 1306 2360 1346 di-

1333 1390 1425 1417 cere
1453 1378 1665 1418 videntur.
1702 1380 1746 1417 Et
1772 1377 2023 1430 positionem
2055 1389 2177 1417 suam
2205 1377 2362 1417 confir-

1334 1453 1450 1491 mant
1463 1463 1538 1503 per
1553 1451 1849 1502 Augustinum
1862 1454 1890 1501 3,
1908 1451 1981 1503 qui
1997 1451 2095 1491 dicit
2110 1451 2221 1503 quod
2240 1450 2361 1491 Pater

1332 1522 1450 1563 nullo
1467 1523 1591 1563 modo
1606 1523 1801 1572 mittitur,
1818 1535 1894 1563 nec
1908 1522 2067 1574 legitur
2081 1524 2234 1563 missus
2253 1537 2261 1563 :
2282 1523 2361 1563 1100

1332 1606 1418 1635 11011
1449 1597 1509 1635 est
1540 1594 1593 1634 ob
1626 1594 1755 1643 aliud,
1788 1594 1869 1633 nisi
1899 1594 1997 1647 quia
2030 1594 2127 1644 1100,
2158 1594 2270 1646 quod
2300 1597 2361 1634 est

1334 1668 1508 1717 missus,
1528 1666 1729 1719 importat
1743 1666 2114 1706 subauctoritateni
2130 1678 2139 1705 ε
2154 1678 2271 1718 ergo,
2285 1678 2360 1718 per

1333 1739 1596 1791 oppositum,
1624 1739 1789 1780 mittere
1812 1737 2011 1790 importat
2031 1737 2323 1777 auctoritatem
2345 1749 2355 1776 :

1333 1813 1371 1850 et
1386 1822 1473 1850 una
1486 1821 1666 1862 persona
1679 1821 1764 1849 non
1777 1809 1904 1849 habet
1916 1808 2210 1849 auctoritatem
2228 1820 2357 1860 supra

1333 1894 1390 1922 se.
1414 1881 1463 1922 Et
1489 1880 1744 1933 respondent
1762 1880 1999 1920 rationibus
2019 1879 2223 1932 Magistri,
2245 1880 2357 1932 quod

1332 1965 1418 1993 non
1441 1955 1501 1993 est
1524 1952 1662 1992 simile
1691 1952 1741 1992 de
1766 1951 1862 2002 hoc,
1891 1952 2004 2004 quod
2026 1954 2086 1991 est
2111 1951 2228 2000 dare,
2249 1954 2290 1991 et
2309 1951 2359 1991 de

1332 2023 1426 2073 hoc,
1445 2024 1559 2077 quod
1578 2026 1639 2064 est
1656 2024 1818 2065 mittere
1834 2037 1849 2064 .·
1864 2023 1963 2075 quia
1977 2022 2096 2074 dare,
2115 2036 2203 2064 uno
2218 2024 2357 2075 modo,

1332 2097 1392 2135 est
1412 2107 1466 2135 ex
1486 2095 1732 2136 liberalitate
1752 2094 1840 2134 sive
1859 2106 2003 2134 amore
2021 2095 2356 2144 communicare;

1331 2170 1370 2207 et
1390 2167 1447 2207 sic
1467 2170 1528 2207 est
1554 2166 1770 2207 essentiale
1790 2165 1980 2216 omnino,
2011 2169 2051 2206 et
2071 2166 2234 2207 nullam
2260 2179 2358 2207 con-

1330 2242 1447 2279 notat
1466 2238 1804 2279 distinctionem:
1837 2240 1877 2278 et
1901 2238 1959 2278 sic
1985 2238 2227 2278 conceditur
2247 2239 2359 2291 quod

1329 2313 1416 2351 tota
1435 2309 1616 2350 Trinitas
1636 2309 1705 2350 dat
1728 2309 1922 2362 seipsam,
1948 2312 1987 2350 et
2009 2309 2130 2350 Pater
2149 2309 2356 2350 similiter.

1330 2381 1423 2422 Alio
1442 2382 1583 2432 modo,
1600 2380 1702 2422 dare
1724 2383 1785 2421 est
1804 2380 1929 2421 alicui
1943 2381 2106 2421 donum
2119 2381 2359 2421 communi-

1331 2465 1438 2504 care,
1463 2465 1550 2494 non
1576 2455 1744 2493 tantum
1772 2465 1824 2493 ex
1851 2452 2113 2503 liberalitate,
2141 2452 2213 2493 sed
2233 2452 2359 2492 etiam

1330 2537 1382 2565 ex
1409 2525 1656 2565 auctoritate
1679 2538 1688 2564 t
1710 2526 1751 2564 et
1779 2524 1838 2564 510
1866 2523 1970 2566 dare
2000 2524 2098 2565 dicit
2117 2523 2356 2573 notionem,

1330 2597 1419 2638 sive
1439 2599 1607 2637 tenetur
1632 2596 1915 2647 notionaliter,
1946 2598 1987 2636 et
2015 2596 2096 2636 hoc
2121 2596 2246 2636 modo
2273 2606 2358 2635 non

1330 2669 1472 2709 valent
1490 2669 1574 2709 illae
1592 2669 1777 2709 rationes
1797 2682 1805 2708 ι
1833 2683 1852 2706 (ι
1867 2666 1911 2709 Si
1931 2666 2053 2708 Pater
2066 2667 2135 2708 dat
2155 2666 2358 2719 Spiritum

1329 2743 1539 2790 sanctum,
1561 2743 1602 2781 et
1619 2739 1797 2793 Spiritus
1812 2741 1982 2780 sanctus
1994 2751 2079 2779 non
2095 2738 2164 2778 dat
2180 2749 2237 2788 50,
2254 2749 2358 2789 ergo

1330 2812 1488 2865 aliquid
1498 2812 1594 2852 facit
1601 2811 1724 2852 Pater
1733 2811 1846 2864 quod
1855 2823 1941 2852 non
1951 2810 2130 2863 Spiritus
2139 2810 2322 2858 sanetus;
2333 2823 2352 2846 »

1329 2883 1430 2936 quia
1456 2883 1556 2924 dicit
1583 2883 1816 2933 notionem,
1837 2885 1878 2923 et
1900 2882 1944 2922 in
1972 2882 2051 2922 hoc
2075 2893 2201 2921 sensu
2222 2880 2360 2933 aequi-

1328 2955 1456 3009 pollet
1475 2956 1527 3005 ei,
1549 2955 1661 3009 quod
1694 2957 1756 2995 est
1774 2955 1960 2997 mittere:
1980 2952 2172 2993 similiter
2188 2952 2357 2993 donatio

1327 3028 1507 3081 passiva,
1525 3028 1563 3068 ei
1583 3026 1697 3080 quod
1712 3028 1773 3066 est
1796 3024 2031 3077 procedere.
2049 3039 2068 3062 >³
2091 3023 2293 3064 Similiter
2306 3024 2358 3064 ad

1328 3099 1464 3140 simile
1486 3098 1599 3152 quod
1615 3096 1776 3138 inducit
1794 3095 1994 3147 Magister
2006 3095 2056 3136 de
2071 3094 2194 3144 Filio,
2212 3095 2358 3135 dicunt

1328 3170 1442 3223 quod
1460 3182 1547 3211 non
1567 3172 1629 3210 est
1645 3167 1795 3216 simile,
1817 3167 1916 3219 quia
1927 3166 1974 3206 in
1991 3165 2098 3207 Filio
2119 3166 2276 3219 duplex
2296 3168 2357 3206 est

1328 3245 1498 3293 natura,
1520 3240 1678 3281 scilicet
1695 3238 1854 3289 divina,
1877 3240 1917 3279 et
1935 3237 2147 3289 humana;
2166 3240 2207 3278 et
2223 3249 2356 3290 quan-

1327 3317 1421 3354 tum
1441 3313 1494 3354 ad
1511 3313 1747 3353 humanam
1765 3311 1900 3362 potest
1918 3309 2044 3360 mitti,
2065 3312 2105 3350 et
2131 3309 2313 3349 mittitur
2330 3319 2356 3347 a

1327 3388 1414 3426 tota
1423 3383 1638 3433 Trinitate,
1653 3381 1754 3435 quia
1769 3380 1909 3421 minor
1923 3384 1984 3422 est
1996 3380 2094 3432 Deo,
2111 3383 2152 3421 et
2163 3379 2351 3430 inferior,

1328 3459 1369 3498 et
1399 3467 1487 3497 non
1509 3456 1677 3496 tantum
1707 3452 2080 3494 subauctoritatem
2110 3451 2250 3501 habet,
2283 3450 2355 3491 sed

1329 3564 1445 3598 ohardi
1464 3566 1497 3595 et
1513 3563 1712 3595 aliorum.—
1725 3561 1738 3583 3
1752 3562 1788 3594 S.
1808 3562 1909 3601 Aug„
1928 3559 1967 3592 de
1987 3560 2121 3598 Triuia,
2137 3558 2195 3590 lib.
2216 3559 2259 3596 ΙΙ,
2276 3567 2306 3589 0.
2320 3565 2352 3598 ν,

1329 3623 1364 3646 n.
1384 3620 1460 3653 vm,
1482 3614 1515 3643 et
1542 3610 1600 3642 lib.
1626 3609 1682 3650 IV,
1703 3618 1731 3641 c.
1754 3611 1804 3646 21,
1825 3617 1861 3639 n.
1880 3609 1932 3640 32.

2383 887 2448 914 Alia
2462 888 2521 923 opi-

2349 950 2356 956 .
2382 937 2439 955 1110.
