2613 3990
728 226 856 268 DIST.
888 227 1013 268 XVII.
1045 224 1198 266 PART.
1231 224 1260 265 Ι.
1293 224 1411 265 ART.
1445 224 1475 264 Ι.
1508 222 1705 272 QUAEST.
1738 223 1789 263 ΙΙ.

211 318 331 371 pium
359 317 559 369 augendi,
591 319 631 357 et
652 315 900 369 generandi.
932 314 1063 365 Unde,
1086 314 1193 354 sicut
1212 326 1237 353 a

209 388 298 428 solo
314 387 397 428 Deo
415 388 541 428 habet
559 390 716 438 ortum,
736 388 793 427 ita
812 389 852 427 et
868 387 1166 437 augmentum.

264 460 302 498 1.
331 458 394 498 Ex
418 459 500 499 hoc
528 462 639 512 patet
664 458 766 498 illud
796 457 907 509 quod
935 456 1134 508 objicitur
1161 468 1236 507 per

209 529 345 570 simile
363 530 408 569 in
427 530 528 582 igne
549 544 557 570 :
579 529 694 581 ignis
709 528 821 568 enim
839 527 965 567 habet
985 529 1235 579 potestatem

210 613 254 641 se
271 600 449 641 faciendi
468 601 514 640 in
533 600 636 650 alio,
659 602 700 639 et
717 598 926 651 augendi3
950 609 1034 638 non
1059 597 1118 637 sic
1137 597 1234 637 cha-

207 672 324 712 ritas.

263 746 302 783 2.
329 743 393 784 Ad
420 742 523 783 illud
541 741 654 795 quod
680 740 878 794 objicitur
903 739 1102 787 secundo,
1125 739 1237 791 quod

209 814 390 855 charitas
409 814 460 854 sit
484 813 680 865 simplex,
708 812 809 864 quia
836 823 922 851 11011
948 811 1074 851 habet
1100 812 1239 862 partes

209 885 512 939 quantitativas
531 884 766 937 quantitate
786 883 928 933 molis3
952 883 1077 923 hahet
1094 884 1238 922 tamen

210 958 444 1010 quantitate
459 957 645 1007 virtutis,
666 958 707 996 et
723 959 933 1009 quantum
955 955 1005 995 ad
1024 954 1141 994 illam
1164 966 1236 1006 po-

209 1031 289 1070 test
313 1028 478 1080 augeri.
511 1027 555 1068 Si
585 1027 810 1080 objiciatur
839 1027 889 1067 de
919 1028 1090 1079 puncto,
1126 1025 1238 1077 quod

210 1099 337 1140 habet
366 1099 645 1152 quantitatem
677 1099 868 1147 virtutis,
904 1101 943 1138 et
971 1101 1115 1137 tamen
1151 1109 1239 1136 non

210 1173 414 1223 augetur;
445 1170 671 1211 dicendum
703 1170 816 1223 quod
844 1170 894 1210 ad
920 1170 999 1209 hoc
1020 1169 1133 1221 quod
1163 1168 1240 1208 ali-

208 1242 311 1295 quid
330 1242 383 1282 sit
394 1246 544 1282 natum
563 1241 715 1294 augeri
729 1254 803 1294 per
819 1241 1126 1294 appositionem
1144 1252 1240 1280 con-

209 1312 357 1352 similis
375 1312 636 1365 quantitatis,
658 1312 744 1353 duo
770 1316 871 1352 sunt
888 1311 1136 1360 necessaria,
1159 1311 1240 1350 sci-

208 1384 304 1424 licet
331 1383 558 1436 quantitas,
584 1386 624 1424 et
642 1384 883 1424 unibilitas:
920 1384 1138 1423 unibilitas
1158 1395 1238 1422 an-

208 1457 294 1496 tem
313 1455 430 1496 venit
457 1467 510 1496 ex
529 1448 845 1508 imperfectione
868 1470 876 1496 :
903 1455 1082 1508 perfecto
1107 1457 1236 1503 enim,

207 1527 255 1567 in
285 1529 496 1580 quantum
524 1526 787 1579 hujusmodi,
821 1539 907 1566 11011
942 1529 1003 1566 051
1033 1526 1240 1579 possibilis

209 1597 366 1638 additio
383 1612 392 1638 z
414 1597 507 1638 ideo
525 1599 682 1650 puncto
695 1609 781 1637 non
801 1600 935 1649 potest
953 1598 1046 1637 fieri
1066 1598 1236 1638 additio.

207 1668 321 1710 Licet
339 1680 442 1721 ergo
473 1671 654 1721 punctus
672 1668 824 1709 haheat
852 1669 1131 1721 quantitatem
1152 1670 1238 1709 vir-

206 1741 324 1792 tutis,
361 1753 447 1781 non
476 1743 619 1781 tamen
649 1740 774 1780 habet
806 1740 1105 1789 uniliilitatem,
1140 1741 1240 1794 quia

209 1815 269 1853 est
290 1812 503 1866 quoddam
517 1812 747 1864 perfectum
766 1812 810 1852 111
825 1825 901 1852 5110
917 1825 1088 1863 genere.
1108 1813 1241 1853 Aliter

208 1887 344 1939 potest
357 1885 453 1936 dici,
471 1885 585 1938 quod
598 1887 782 1938 punctus
794 1888 854 1925 051
870 1885 969 1938 (1111(1
985 1886 1240 1938 simplicissi-

209 1969 330 1997 mum
351 1956 397 1996 in
416 1968 574 2009 genere
594 1956 741 2009 quanti
762 1956 898 2005 molis,
921 1960 961 1996 et
984 1956 1077 1997 ideo
1096 1961 1155 1997 est
1173 1957 1241 1996 in-

208 2027 378 2068 finitum
407 2027 564 2069 virtute
584 2042 592 2068 :
626 2027 810 2068 charitas
850 2030 993 2068 autem
1032 2028 1150 2068 nulla
1181 2030 1243 2068 051

209 2099 519 2153 simplicissima
558 2100 604 2140 in
644 2112 801 2152 genere
840 2100 990 2152 quanti
1030 2100 1239 2152 virtualis,

209 2171 290 2211 nisi
310 2170 481 2212 divina:
504 2173 552 2211 et-
566 2170 662 2211 ideo
680 2170 751 2211 illa
771 2173 832 2211 est
855 2171 1023 2211 infinita
1042 2185 1051 2211 :
1075 2174 1115 2211 et
1134 2184 1242 2224 (1110-

209 2243 328 2284 niam
344 2243 417 2284 illa
434 2255 522 2284 non
541 2245 676 2296 potest
699 2243 852 2295 augeri
873 2256 948 2296 per
965 2243 1239 2295 additionem,

210 2315 270 2355 ita
282 2326 361 2355 nec
378 2315 514 2356 virtus
531 2315 692 2367 puncti.
710 2314 760 2355 Et
773 2315 808 2354 si
822 2315 993 2367 oincias
1008 2315 1115 2355 mihi
1130 2316 1243 2368 quod

209 2385 347 2426 virtus
366 2385 513 2438 puncti
541 2387 602 2425 est
633 2388 794 2435 creata3
823 2398 926 2437 ergo
947 2398 1035 2426 non
1056 2388 1118 2426 est
1140 2386 1241 2426 infi-

211 2457 322 2508 nita;
343 2456 571 2497 dicendum
591 2456 721 2509 quod,
743 2456 843 2508 quia
864 2460 1046 2509 punctus
1065 2460 1126 2497 est
1141 2457 1241 2510 quid

211 2527 573 2581 simplicissimum
598 2527 644 2567 in
673 2539 846 2580 genere,
875 2540 960 2568 non
980 2528 1240 2581 simpliciter,

211 2599 305 2640 ideo
327 2611 412 2640 non
431 2598 559 2639 hahet
575 2598 788 2639 infinitam
809 2598 1012 2639 virtutem
1039 2599 1243 2652 simplici-

210 2673 289 2722 ter,
316 2670 387 2711 sed
413 2670 459 2710 in
479 2682 636 2722 genere
666 2673 859 2723 respectu
878 2670 1103 2711 linearum.
1127 2670 1244 2711 Prae-

210 2744 326 2783 terea
345 2744 527 2795 punctus
545 2753 633 2782 non
651 2743 712 2781 est
728 2741 905 2782 omnino
923 2744 1055 2793 actus,
1076 2742 1147 2783 sed
1163 2745 1244 2782 ter-

213 2813 356 2854 minus
389 2802 584 2866 respectu
610 2812 820 2852 linearum
843 2827 851 2853 z
882 2813 976 2853 ideo
1002 2825 1089 2853 11011
1117 2813 1244 2854 habet

211 2884 443 2938 potentiam
462 2884 643 2924 activam
659 2883 886 2933 infinitam,
908 2884 979 2924 sed
994 2885 1207 2936 passivam
1231 2900 1239 2925 :

212 2956 312 3009 quia
329 2967 416 2996 11011
433 2955 602 3009 proprie
615 2954 766 2995 dicitur
782 2958 964 3007 punctus
978 2968 1098 3008 posse
1111 2956 1244 2998 lineas

213 3027 458 3080 producere,
475 3027 547 3068 sed
562 3028 697 3080 potest
715 3026 841 3066 statui
860 3027 1069 3067 terminus
1087 3028 1212 3068 lineae
1231 3043 1239 3068 :

213 3100 255 3139 et
271 3098 352 3139 hoc
370 3110 459 3138 11011
476 3099 539 3138 051
556 3096 859 3138 inconveniens
884 3110 1041 3150 ponere
1061 3099 1105 3138 in
1125 3111 1244 3140 crea-

185 3217 189 3225 *
212 3171 310 3209 tura
328 3183 337 3210 :
360 3169 455 3210 ideo
473 3169 612 3210 virtus
631 3168 778 3221 puncti
795 3180 882 3208 non
902 3171 964 3209 est
987 3173 1241 3222 augmenta-

213 3239 324 3291 bilis,
346 3243 395 3281 ut
412 3240 550 3280 virtus
568 3239 798 3280 eharitatis.

268 3313 307 3351 3.
339 3311 404 3352 Ad
432 3311 537 3351 illud
562 3310 675 3363 quod
707 3309 904 3362 objicitur
932 3312 1061 3363 quod,
1082 3316 1243 3365 quanto

213 3382 373 3435 aliquid
389 3384 450 3422 est
468 3381 607 3433 magis
626 3381 922 3434 compositum,
946 3385 1062 3424 tanto
1078 3387 1140 3424 est
1156 3384 1242 3424 im-

214 3452 449 3506 potentius3
479 3452 705 3493 dicendum
733 3452 847 3506 quod
865 3452 969 3493 illud
989 3456 1243 3504 generaliter

214 3523 474 3564 intellectum
502 3526 564 3564 est
589 3523 755 3565 falsum.
791 3522 965 3576 Propter
983 3525 1065 3566 hoc
1094 3527 1240 3567 distin-

2257 227 2335 264 295

1309 313 1532 366 guendum
1555 323 1564 350 ε
1585 312 1697 364 quod
1718 313 1817 352 sunt
1849 313 1986 364 partes
2013 312 2273 363 materiales3
2295 317 2336 354 et

1309 387 1408 425 sunt
1439 385 1577 436 partes
1617 382 1830 433 formales,
1865 394 1963 434 quae
1994 382 2094 422 dant
2122 386 2264 423 actum
2296 386 2337 424 et

1312 456 1512 495 virtutem
1542 454 1633 493 toti.
1666 452 1856 505 Simplex
1884 452 2015 503 igitur
2047 452 2184 503 magis
2204 455 2337 504 potest

1310 527 1390 567 dic-i
1420 538 1494 578 per
1512 525 1794 578 privationem
1814 523 2002 576 partium
2023 523 2303 563 materialium
2323 536 2333 563 ε

1311 600 1351 637 01
1369 601 1471 637 111110
1483 597 1610 636 111-11101
1624 596 1851 649 propositio
1866 595 2102 641 veritatem,
2121 594 2224 646 quia
2237 595 2339 635 tales

1310 672 1449 721 partes
1479 667 1621 720 potius
1649 667 1750 707 dant
1776 666 1861 719 pati
1880 678 2011 718 quam
2032 676 2174 716 agere.
2206 663 2337 715 Unde,

1311 742 1472 793 quanto
1499 738 1657 791 aliquid
1690 738 1828 789 magis
1853 737 2078 789 elongatur
2104 748 2128 776 a
2146 735 2338 784 materia,

1312 815 1426 852 tanto
1455 813 1517 851 est
1540 810 1769 863 potentius.
1792 808 1837 849 Si
1856 812 2000 849 autem
2020 808 2184 849 dicatur
2202 807 2342 859 magis

1312 883 1514 935 simplex,
1546 881 1648 934 quia
1678 881 1898 933 pauciores
1929 879 2055 919 habet
2086 881 2224 932 partes
2252 879 2342 919 for-

1313 955 1456 1002 males,
1488 954 1576 993 sive
1606 952 1784 1000 activas,
1812 952 1967 991 salsum
1996 953 2071 1001 est,
2109 950 2209 1003 quia
2241 952 2343 990 111110

1312 1026 1425 1078 ignis
1456 1025 1593 1065 minor
1627 1023 1838 1076 potentior
1867 1024 1987 1070 esset,
2016 1034 2146 1074 quam
2179 1022 2339 1073 maj0r3

1314 1110 1491 1150 scrupus
1513 1097 1575 1149 (α)
1597 1094 1856 1148 compositus
1879 1105 1931 1133 ex
1952 1092 2097 1145 paucis
2115 1092 2345 1132 virtuosior

1313 1172 1419 1209 esset
1437 1180 1567 1220 quam
1585 1167 1653 1207 ille
1674 1166 1748 1219 qui
1774 1166 1935 1205 constat
1963 1176 2015 1203 ex
2036 1163 2182 1203 multis
2203 1176 2212 1203 :
2240 1175 2345 1216 quo-

1312 1253 1409 1281 rum
1432 1242 1664 1291 utrumque
1684 1238 1836 1278 falsum
1859 1239 1921 1276 est
1941 1250 1949 1276 :
1972 1237 2013 1275 01
2030 1234 2121 1275 ideo
2143 1234 2346 1287 praedicta

1314 1311 1543 1364 propositio
1570 1313 1632 1350 est
1664 1308 1856 1349 similiter
1886 1306 2002 1357 falsa,
2035 1305 2239 1358 quoniam
2258 1311 2347 1346 tam

1314 1383 1496 1422 charitas
1518 1381 1794 1434 praeexistens
1809 1391 1942 1432 quam
1961 1377 2206 1428 adveniens,
2228 1379 2348 1418 utra-

1313 1467 1396 1508 que
1422 1455 1548 1495 habet
1573 1454 1782 1493 rationem
1803 1451 1944 1491 activi.
1977 1449 2116 1490 Potest
2142 1452 2286 1490 tamen
2308 1452 2349 1490 01

1314 1526 1435 1566 aliter
1454 1524 1702 1577 responderi
1721 1522 1957 1563 secundum
1976 1520 2214 1571 veritatem,
2235 1520 2349 1573 quod

1314 1596 1495 1637 charitas
1516 1596 1793 1647 augmentata
1817 1605 1903 1633 non
1929 1585 1991 1632 e‘st
2020 1591 2156 1643 magis
2176 1603 2349 1644 compo-

1313 1668 1406 1718 sita,
1432 1668 1563 1707 immo
1585 1665 1722 1718 magis
1742 1664 1922 1717 simplex
1943 1676 1952 1703 :
1981 1665 2021 1703 01
2039 1663 2119 1703 hoe
2139 1662 2198 1702 sic
2218 1664 2346 1715 patet,

1315 1740 1415 1793 quia
1439 1739 1649 1779 contrario
1670 1737 1794 1777 modo
1816 1739 1878 1776 est
1902 1736 1946 1775 in
1966 1737 2128 1787 quanto
2148 1734 2285 1784 molis,
2307 1736 2348 1774 01

1314 1814 1473 1865 quanto
1494 1810 1677 1851 virtutis,
1710 1808 1757 1848 In
1777 1809 1938 1860 quanto
1965 1805 2102 1855 molis,
2124 1805 2349 1858 simplici-s-

1314 1885 1471 1923 simum
1503 1885 1564 1923 est
1596 1881 1839 1929 minimum,
1870 1881 1917 1918 111
1942 1881 2153 1930 punctus:
2177 1879 2217 1917 et
2236 1877 2345 1927 ideo,

1314 1958 1358 1997 in
1381 1957 1461 1996 hoc
1484 1967 1640 2007 genere
1659 1952 1823 2006 quanti,
1851 1963 2042 1992 accessus
2070 1950 2122 1990 ad
2142 1950 2349 2002 simplici-

1315 2031 1444 2069 tatem
1473 2030 1533 2067 est
1552 2038 1625 2079 per
1649 2024 1994 2072 diminutionem,
2016 2034 2206 2062 recessus
2236 2023 2299 2061 est
2325 2033 2348 2062 0

1315 2099 1525 2140 contrario
1553 2110 1628 2150 per
1656 2097 1942 2137 additionem:
1975 2095 2020 2134 in
2057 2096 2217 2146 quanto
2245 2105 2348 2134 vero

1316 2170 1501 2220 virtutis,
1535 2168 1895 2222 simplicissimum
1928 2168 1991 2206 est
2020 2165 2284 2205 maximum:
2309 2166 2351 2204 01

1315 2244 1408 2284 ideo
1428 2254 1619 2283 accessus
1639 2241 1691 2281 ad
1710 2239 2020 2292 simplicitatem
2046 2240 2107 2277 est
2126 2249 2200 2289 per
2226 2236 2348 2277 addi—

1316 2316 1473 2356 tionem
1495 2327 1504 2355 :
1535 2318 1575 2354 et
1604 2314 1704 2354 hinc
1724 2316 1783 2353 est
1804 2311 1918 2364 quod
1937 2308 2118 2350 charitas
2137 2320 2349 2360 augmen-

1316 2390 1400 2427 tata
1414 2390 1475 2427 est
1494 2385 1657 2438 purior,
1680 2387 1720 2424 et
1736 2382 1980 2436 simplicior,
1999 2384 2039 2421 et
2058 2379 2141 2420 Deo
2156 2379 2346 2419 similior.

1318 2458 1401 2499 Nec
1417 2459 1610 2499 videatur
1634 2458 1715 2497 hoc
1733 2455 2051 2504 inconveniens,
2073 2452 2173 2505 quia
2197 2451 2349 2491 addere

1317 2531 1559 2583 puritatem,
1587 2531 1629 2569 et
1654 2527 1980 2580 simplicitatem,
2012 2527 2052 2565 et
2077 2521 2349 2576 spiritualita-

1315 2606 1402 2642 tem
1420 2602 1561 2650 alicui,
1581 2613 1669 2641 non
1684 2599 1781 2640 facit
1798 2609 2012 2639 recessum
2026 2609 2051 2637 a
2065 2593 2346 2647 simplicitate,

1317 2674 1387 2715 sed
1410 2674 1549 2726 magis
1568 2683 1798 2713 accessum.

1372 2749 1411 2785 4.
1442 2746 1506 2785 Ad
1538 2744 1643 2785 illud
1669 2743 1782 2796 quod
1812 2740 2024 2793 objicitur,
2049 2740 2196 2778 utrum
2214 2748 2269 2776 ex
2291 2735 2350 2776 eis

1316 2817 1390 2857 fiat
1407 2829 1574 2867 unum;
1606 2815 1751 2856 dicunt
1774 2813 1948 2866 quidam
1979 2810 2093 2863 quod
2110 2840 2120 2858 ‚
2149 2808 2258 2848 sicut
2282 2807 2349 2847 di-

1317 2901 1439 2929 versa
1462 2888 1628 2928 lumina
1662 2888 1761 2926 511111
1795 2885 1840 2924 111
1874 2895 1969 2924 aere
1995 2881 2189 2922 distincta
2209 2882 2249 2919 et
2278 2879 2350 2919 in-

1317 2960 1506 3010 confusa,
1529 2962 1713 2999 attamen
1746 2967 1885 2996 unum
1915 2953 2055 3005 majus
2083 2952 2230 2992 lumen
2249 2949 2349 2990 red-

1317 3031 1423 3072 dunt
1450 3033 1621 3084 propter
1649 3038 1904 3069 concursum
1933 3025 1978 3064 in
2003 3036 2143 3064 unum
2176 3034 2349 3074 suscep-

1317 3104 1463 3154 tibile;
1495 3104 1553 3143 sic
1592 3103 1638 3142 in
1672 3100 1833 3142 lumine
1866 3096 2102 3151 spirituali,
2142 3094 2256 3148 quod
2287 3096 2349 3134 est

1317 3175 1470 3226 gratia,
1493 3174 1560 3214 vel
1578 3173 1772 3222 charitas,
1789 3169 2015 3211 dicendum
2027 3168 2141 3221 quod
2155 3166 2348 3207 distincta

1317 3249 1417 3286 sunt
1436 3245 1709 3286 essentialiter
1731 3256 1740 3284 ε
1764 3245 1907 3283 tamen
1934 3252 2073 3281 unum
2093 3236 2347 3291 majuseffl-

1318 3317 1449 3365 ciunt,
1478 3317 1521 3356 in
1551 3315 1761 3356 movendo
1788 3313 1991 3355 virtutem
2017 3311 2138 3352 liberi
2169 3307 2344 3350 aibitrii.

1318 3386 1398 3428 Sed
1417 3389 1559 3426 tamen
1578 3385 1685 3426 illud
1700 3397 1787 3425 non
1804 3387 1866 3425 est
1885 3383 2042 3434 simile3
2059 3381 2158 3435 quia
2178 3379 2346 3420 distinc-

1315 3458 1374 3498 tio
1393 3457 1670 3498 luminarium
1691 3456 1735 3496 in
1763 3468 1859 3496 aere
1880 3455 1997 3496 venit
2019 3467 2044 3494 a
2067 3455 2185 3506 parte
2211 3449 2344 3502 origi-

1361 3540 1401 3581 (a)
1423 3540 1503 3572 Caet.
1518 3538 1598 3570 edit.
1619 3539 1772 3580 SirupuS.
