2570 3986
1075 213 1254 256 SECTIO
1285 214 1316 254 I.
2154 226 2253 255 xm<

133 307 274 359 lippus
293 306 483 347 Labbeus
501 307 530 358 ¹,
551 318 649 347 51105
669 316 830 347 errores
857 303 1115 357 sumpserint
1133 303 1153 344 J
1157 314 1313 344 oannes
1341 300 1534 341 Wiclefus
1547 333 1557 351 ,
1576 301 1757 342 Joannes
1781 300 1886 351 Hus,
1909 304 1949 343 et
1968 302 2253 357 Hieronymus

135 377 359 429 Pragensis
380 378 424 418 in
443 378 616 419 concilio
637 376 941 417 Constantiensi
962 374 1198 428 proscripti,
1216 372 1418 420 damnati,
1441 375 1481 412 et
1503 372 1681 413 confusi.

189 447 289 488 Haec
312 461 413 489 vero
452 448 761 489 Bonaventurae
790 446 1002 499 Opuscula
1035 445 1118 486 duo
1151 447 1374 497 conjuncte
1406 455 1505 483 cum
1540 443 1731 495 ejusdem
1763 443 1855 484 aliis
1888 443 2108 497 Opusculis
2144 445 2256 499 edit-a

135 520 324 560 fuerunt.

190 661 257 703 VI.
286 663 336 704 De
357 661 490 704 tribus
508 662 814 714 quaestionibus
838 661 896 703 acl
913 661 1167 713 maqistrum
1190 659 1524 701 innominatum.
1545 657 1613 698 Pr.
1635 658 1906 700 Innominato
1938 658 2158 711 Magistro,
2179 660 2257 698 etc.

190 751 277 793 VII.
302 753 357 793 De
372 750 587 793 sandaliis
611 751 921 803 Apostolorum.
946 749 1013 790 Pr.
1042 750 1156 791 Talis
1175 749 1311 798 lector,
1329 750 1407 788 etc.

193 877 365 917 Gemina
385 875 593 929 Opuscula
610 876 689 916 ista
710 876 990 916 nominantur
1010 888 1034 915 a
1050 873 1285 915 Tritliemio
1302 873 1345 913 in
1367 872 1566 924 Catalogo
1585 872 1894 913 Bonaventurae
1916 870 2116 923 Operum.
2142 869 2265 911 Utra-

140 961 222 1002 que
234 948 358 988 etiam
379 959 466 1000 prae
483 960 525 987 se
540 948 681 987 ferunt
694 946 1114 987 Bonaventurianuni
1143 945 1385 998 ingenium,
1405 943 1655 991 doctrinam,
1678 945 1719 983 et
1742 942 1915 995 stylum.
1942 941 2065 992 Sunt,
2083 942 2156 994 qui
2176 941 2265 994 pri—

141 1031 260 1060 mum
277 1017 538 1071 Opusculum
559 1017 726 1069 Rogero
746 1017 900 1059 Baconi
932 1020 1075 1057 nostro
1103 1018 1310 1070 scriptum
1340 1016 1501 1065 dicant3
1523 1014 1594 1055 sed
1619 1014 1696 1054 hos
1723 1013 1998 1054 vehementer
2026 1013 2111 1052 falli
2146 1013 2264 1053 evin-

140 1090 275 1130 cimus
294 1089 431 1130 velex
451 1089 540 1142 ipso
568 1088 867 1130 Bonaventura
894 1089 952 1129 510
983 1089 1188 1129 scribente
1210 1101 1221 1129 ε
1249 1088 1426 1140 «Rogo,
1456 1086 1714 1134 charissime,
1737 1087 1783 1125 ut
1807 1097 1892 1125 non
1921 1084 2049 1124 nimis
2079 1084 2268 1125 abundes

140 1161 184 1201 in
204 1174 330 1202 sensu
350 1164 445 1212 tuo,
468 1174 544 1202 nec
570 1161 712 1202 credas
738 1165 778 1201 te
810 1161 1130 1214 prudentiorem
1156 1173 1233 1201 nec
1266 1159 1485 1200 meliorem
1517 1157 1736 1205 omnibus,
1770 1168 1877 1209 quos
1903 1155 2010 1196 Deus
2033 1155 2082 1196 ad
2109 1158 2268 1196 statum

140 1232 269 1273 istum
295 1233 455 1286 (supple
489 1232 715 1285 Minorum)
740 1233 978 1281 vocaverit,
1001 1235 1055 1283 et,
1080 1232 1114 1272 si
1141 1231 1356 1273 vocaverit
1382 1233 1442 1281 te,
1472 1241 1559 1270 non
1585 1240 1766 1269 recuses.
1798 1242 1816 1265 »
1847 1227 2046 1268 Minorita
2068 1239 2154 1267 non
2185 1227 2267 1267 fuit

141 1316 244 1356 ergo
266 1304 315 1355 is,
338 1303 407 1344 cui
432 1316 559 1344 suum
580 1304 881 1345 Bonaventura
901 1304 1065 1357 scripsit
1084 1303 1360 1356 Opusculum.
1389 1301 1453 1342 Ad
1477 1301 1659 1341 alterum
1681 1299 1793 1352 quod
1813 1302 1989 1352 spectat,
2012 1298 2185 1352 epistola
2210 1300 2271 1339 est

140 1376 319 1429 prolixa,
342 1388 473 1428 quam
505 1375 671 1416 cuidam
694 1375 920 1416 Parisiensi
947 1375 1171 1427 Magistro,
1193 1378 1240 1415 ut
1270 1375 1615 1426 interpretamur,
1648 1371 1917 1424 complicavit
1945 1385 1953 1411 :
1988 1371 2033 1410 in
2061 1383 2146 1423 qua
2172 1382 2270 1410 cum

142 1447 358 1498 acerrime,
380 1450 473 1488 tum
504 1447 663 1487 urbane
684 1447 857 1499 corripit
881 1447 1023 1495 illum,
1052 1446 1128 1499 qui
1158 1445 1371 1486 Minorum
1398 1443 1617 1484 incedendi
1645 1443 1820 1483 modum
1853 1442 2064 1483 damnarit
2090 1442 2270 1495 publice.

143 1518 312 1560 Parisiis
331 1521 423 1559 tum
445 1518 613 1559 videtur
633 1519 881 1559 concinnata
898 1550 908 1568 ,
931 1530 1030 1558 cum
1051 1529 1219 1558 summo
1241 1518 1484 1557 animorum
1503 1518 1612 1555 aestu
1638 1514 1942 1555 Parisiensium
1969 1513 2271 1566 Magistrorum

145 1602 243 1631 cum
262 1589 595 1631 Mendicantibus
616 1590 720 1630 rixae
741 1589 980 1630 ebullirent.

199 1661 264 1715 Sej
275 1661 435 1702 unctim
466 1662 576 1702 edita
604 1674 692 1702 non
719 1664 842 1711 sunt3
877 1661 949 1702 sed
978 1674 1076 1702 cum
1101 1660 1284 1702 laudatis
1310 1659 1621 1712 Opusculorum
1647 1657 1903 1699 editionibus
1925 1658 2150 1710 conJ'uncta
2180 1668 2276 1697 cer-

147 1736 324 1774 nuntur.

202 1894 306 1938 VIII.
327 1896 712 1939 Determinationes
731 1897 1015 1950 quaestionum
1032 1897 1147 1938 circa
1163 1895 1366 1948 Requlam
1388 1894 1429 1936 S.
1445 1895 1680 1937 Francisci.
1703 1893 1789 1934 Inc.
1810 1893 1911 1935 Cum
1929 1893 2041 1935 inter
2056 1891 2181 1942 alios,
2198 1893 2274 1931 etc.

204 2023 239 2064 A
260 2023 436 2064 testibus
456 2023 692 2065 deserimur
721 2024 920 2078 quidem,
944 2027 985 2064 at
1011 2036 1098 2064 non
1118 2036 1142 2064 a
1163 2022 1260 2064 satis
1292 2023 1417 2062 firma
1436 2020 1806 2062 demonstratione.
1839 2019 1954 2060 Adeo
1983 2030 2082 2059 cum
2100 2016 2281 2058 laudatis

152 2094 371 2148 Opusculis
392 2107 636 2136 connexum
669 2096 750 2136 boc
777 2099 838 2137 est
864 2095 1144 2149 Opusculum,
1166 2098 1213 2136 ut
1234 2095 1286 2134 ab
1306 2094 1387 2133 illis
1416 2093 1660 2134 distinctum
1691 2092 1765 2133 vix
1792 2104 2037 2144 cognoscas.
2067 2089 2188 2130 Pellit
2209 2088 2279 2129 1110

153 2166 420 2220 potissimum
441 2167 598 2218 omnia,
624 2179 721 2220 quae
739 2167 819 2207 sibi
843 2179 1007 2220 suoque
1027 2167 1173 2208 Ordini
1189 2165 1498 2219 objiciebantur
1517 2177 1541 2205 a
1560 2163 1886 2214 parisiensibus,
1908 2175 1956 2204 ac
1979 2161 2283 2214 Magistrorum

153 2239 235 2280 tela
259 2238 461 2280 retundit.

208 2310 353 2352 Exstat
376 2311 422 2351 in
449 2309 664 2351 Minorum
690 2310 871 2364 Speculo
897 2312 926 2352 ².

211 2470 277 2512 IX.
299 2471 491 2523 Epistola
511 2470 567 2512 aa
588 2471 696 2513 Min.
716 2471 1009 2514 Provinciales
1029 2476 1068 2514 et
1090 2470 1308 2515 Custodes.
1339 2470 1424 2511 Ine.
1449 2471 1564 2513 Licet
1584 2468 1948 2520 insufficientiam
1965 2478 2117 2518 meam,
2139 2469 2218 2508 ete.

214 2596 382 2638 Parisiis
412 2597 566 2651 scripta
599 2598 679 2639 fuit
713 2610 783 2639 an.
820 2600 940 2649 1257,
977 2601 1001 2638 9
1039 2598 1115 2638 cal.
1156 2598 1258 2638 maii
1294 2598 1339 2637 in
1370 2597 1473 2637 festo
1507 2595 1549 2637 S.
1589 2594 1757 2647 Georgii
1794 2593 1915 2635 Mart.
1963 2593 2289 2635 Monumentum

160 2669 240 2710 hoc
267 2672 388 2710 extra
414 2681 542 2710 omne
570 2670 749 2711 dubium
781 2663 912 2722 ponit
941 2669 1169 2722 antiquitas
1205 2668 1530 2722 exemplarium.
1563 2667 1627 2708 Ad
1659 2665 1754 2707 Μ55.
1788 2666 1917 2707 fidem
1949 2665 2132 2706 correxit
2162 2663 2290 2705 Wad-

162 2740 319 2794 dingus
338 2741 366 2782 ³.

388 2900 436 2944 X.
457 2902 650 2956 Epistola
668 2903 726 2946 ad
744 2903 972 2957 quemdam
1000 2903 1123 2946 Prov.
1152 2903 1418 2946 Ministrum.
1445 2902 1531 2943 Inc.
1564 2902 1772 2949 Quoniam
1791 2899 1850 2942 ad
1870 2899 1958 2949 1100,
1981 2901 2058 2940 etc.

219 3028 408 3082 Itemque
428 3029 595 3070 Parisiis
614 3030 768 3084 scripta
796 3031 874 3072 fuit
909 3043 1021 3072 anno
1052 3028 1293 3071 MCCLXVI.
1327 3028 1505 3070 Fallitur
1525 3026 1757 3068 Galesinius
1776 3029 1804 3074 ¹⁶,
1828 3037 1927 3066 cum
1947 3024 2146 3078 scriptam
2174 3023 2294 3076 putat

165 3102 259 3152 post
282 3101 445 3142 obitum
466 3100 691 3142 Clementis
719 3101 772 3143 IV
796 3118 804 3144 :
828 3115 903 3156 per
927 3103 969 3143 id
989 3102 1105 3144 enim
1122 3105 1291 3155 tempus
1319 3112 1569 3154 supremum
1596 3097 1791 3139 Ecclesiae
1822 3096 1994 3138 clavum
2013 3095 2184 3136 tenebat
2202 3093 2295 3135 Cle-

167 3182 301 3214 1110115.
325 3171 427 3214 Vide
442 3172 733 3227 Waddingum
752 3174 802 3215 de
818 3173 1005 3228 Epistola
1021 3175 1101 3215 hac
1126 3174 1415 3215 disserentem.
1434 3172 1581 3214 Exstat
1599 3170 1646 3210 in
1665 3168 1842 3222 Speculo
1861 3168 2080 3211 Minorum
2098 3167 2127 3207 ⁵.

212 3305 274 3336 ¹In
297 3305 436 3338 Dissert.
451 3305 542 3344 hist„
563 3306 654 3347 apud
673 3305 846 3346 Bell-arm„
866 3306 905 3338 de
927 3306 1051 3348 Scrz'pt.
1067 3305 1193 3346 eccles„
1212 3315 1245 3347 p.
1263 3307 1336 3346 491,
1357 3304 1422 3337 col.
1442 3306 1469 3335 1.

211 3355 345 3387 ²Tract.
361 3357 427 3398 ΙΙΙ,
447 3356 591 3398 fol.125,
612 3357 692 3388 edit.
712 3356 916 3398 Rothomag.
939 3359 1032 3398 1509,
1052 3367 1085 3398 p.
1102 3359 1172 3389 159.
1190 3374 1224 3378 ——
1239 3356 1252 3377 ³
1266 3357 1362 3387 Tom.
1381 3355 1409 3386 11
1429 3352 1569 3392 Annal„
1589 3352 1632 3384 ad
1646 3361 1727 3385 ann.
1749 3352 1842 3393 1257,
1862 3360 1899 3383 n.
1917 3358 1963 3392 lx,
1985 3360 2021 3392 p.
2037 3351 2108 3383 159.

213 3405 274 3437 ‘ln
296 3406 370 3439 Vita
389 3408 426 3440 S.
443 3409 633 3448 Bonavent„
655 3417 685 3439 c.
703 3415 750 3448 IV,
770 3417 805 3440 n.
821 3410 877 3449 53,
898 3408 989 3450 apud
1008 3407 1211 3449 Sollerium,
1230 3409 1314 3438 tom.
1336 3406 1378 3437 111
1400 3404 1488 3437 Julii.
1504 3421 1544 3427 —
1562 3404 1576 3425 ⁵
1589 3404 1625 3434 P.
1642 3404 1713 3434 212.

442 3623 540 3652 Tou.
570 3623 601 3653 1.
2008 3604 2040 3644 cl
