2613 3990
1132 253 1418 296 DISTINCTIO
1448 254 1515 295 IX..
2303 257 2378 295 167

319 345 471 390 Eidem
499 361 675 406 quoque
703 346 920 390 Arianicae
942 344 1174 404 quaestioni
1199 345 1456 388 Ambrosius
1489 350 1496 370 ¹
1525 344 1571 386 in
1604 343 1720 391 hunc
1744 343 1923 387 modum
1949 344 2177 402 respondet
2203 361 2211 386 :
2236 345 2377 401 «Ego,
2399 350 2537 419 ἓὲεῗξῡ-

2495 402 2537 419 m-

256 423 455 482 inquam,
478 424 639 467 Filium
660 439 748 467 esse
766 428 919 466 natum
938 422 1148 465 confiteor
1169 438 1177 463 ε
1202 422 1317 479 quod
1340 422 1558 480 reliquum
1581 425 1642 463 est
1656 420 1905 479 impietatiS,
1922 419 2137 462 horresco.
2160 420 2377 479 Scriptum
2400 433 2487 480 brpsii
2504 435 2539 461 ad

257 507 320 545 est
339 501 454 544 enim
475 502 520 544 in
535 501 683 545 Veteri
704 501 976 543 Testamento
996 505 1025 552 2,
1048 503 1096 542 ut
1115 499 1183 541 vel
1203 514 1343 541 unum
1364 513 1386 541 e
1405 498 1604 557 pluribus
1629 497 1768 540 dicam
1790 513 1798 539 :
1820 498 1935 540 Ante
1963 512 2032 540 me
2053 512 2138 540 non
2154 497 2247 555 fecit
2267 498 2379 541 alius
2410 475 2528 544 affigi-¹1-

257 581 386 631 Deus,
414 587 454 621 et
475 586 580 637 post
609 593 678 621 me
708 592 796 620 non
823 576 920 620 erit.
945 575 1050 628 Quis
1070 590 1172 631 ergo
1201 575 1280 618 hoc
1309 575 1440 618 dicit?
1469 575 1598 618 Pater
1617 590 1672 617 au
1691 574 1862 617 Filius?
1893 574 1940 617 Si
1960 574 2099 617 Filius
2124 591 2132 616 :
2164 576 2279 617 Ante
2297 589 2376 627 me,
2399 559 2536 587 tatef¹¹¹t³

255 655 428 714 inquit,
452 671 541 698 non
566 654 661 713 fuit
691 654 804 696 alius
835 655 963 696 Deus.
999 652 1046 695 Si
1075 652 1202 695 Pater
1226 668 1234 694 ε
1267 655 1371 695 Post
1390 668 1473 704 me,
1499 652 1660 710 inquit,
1684 667 1771 694 non
1791 651 1887 695 erit.
1914 651 1995 694 Hic
2014 651 2221 710 priorem,
2247 657 2288 694 et
2306 651 2380 694 ille

255 732 535 790 posteriorem
568 746 656 775 non
681 730 825 774 habet.
855 730 1052 773 Invicem
1085 729 1204 772 enim
1239 730 1286 772 in
1314 745 1374 785 se,
1409 736 1449 773 et
1468 736 1480 757 3
1499 729 1628 772 Pater
1654 729 1701 772 in
1725 729 1855 785 Filio,
1878 734 1919 772 et
1938 729 2078 772 Filius
2097 728 2144 771 in
2163 728 2291 771 Patre
2311 743 2380 772 co-

256 809 490 866 gnoscitur.
527 809 636 852 Cum
670 807 787 851 enim
819 807 994 850 Patrem
1024 806 1186 849 dixeris
1204 841 1214 861 ,
1249 807 1342 865 ejus
1372 806 1501 849 etiam
1525 806 1683 849 Filium
1715 805 1974 863 designasti,
1997 806 2101 865 quia
2136 820 2264 848 nemo
2289 806 2380 864 ipse

256 891 378 945 pater
407 891 469 929 est
503 885 584 928 sibi
609 901 618 927 ε
641 900 741 928 cum
771 884 936 928 Filium
967 884 1182 938 nominas,
1219 884 1348 927 etiam
1373 884 1548 926 Patrem
1573 882 1720 926 fateris
1737 917 1747 934 ‚
1771 883 1875 941 quia
1898 897 2026 925 nemo
2046 883 2136 941 ipse
2158 882 2240 925 sibi
2260 881 2380 925 filius

256 950 333 1007 θεῖ’.
363 964 513 1022 Itaque
544 977 621 1006 nec
645 962 785 1005 Filius
815 962 907 1005 sine
932 962 1088 1017 Patre,
1122 976 1201 1004 nec
1226 961 1355 1004 Pater
1375 966 1511 1020 potest
1533 975 1621 1004 esse
1641 960 1733 1003 sine
1753 960 1866 1003 Filio
1891 976 1899 1002 :
1924 975 2093 1018 semper
2112 975 2214 1017 ergo
2231 960 2375 1015 Pater,

255 1054 423 1099 semper
443 1045 485 1083 et
503 1039 642 1083 Filius
668 1044 744 1082 est.
769 1057 790 1081 >›

313 1118 420 1160 Item
439 1123 468 1171 ⁴,
497 1116 612 1172 «dic,
634 1117 832 1176 inquam,
856 1117 981 1171 mihi,
1004 1116 1216 1171 haeretice,
1234 1116 1373 1159 fuitne
1393 1115 1568 1174 quando
1588 1115 1863 1173 omnipotens
1881 1114 1997 1158 Deus
2010 1113 2139 1157 Pater
2159 1129 2246 1157 non
2268 1120 2373 1170 erat,
2413 1122 2537 1151 Iuventio

255 1199 296 1238 et
314 1194 430 1237 Deus
449 1197 571 1237 erat?
579 1228 667 1237 .....
690 1194 799 1238 Nam
821 1195 855 1237 si
874 1195 1003 1237 Pater
1023 1209 1110 1237 esse
1134 1194 1263 1252 coepit
1278 1229 1288 1247 ,
1311 1194 1427 1236 Deus
1447 1208 1549 1251 ergo
1570 1193 1710 1251 primo
1733 1197 1839 1247 erat,
1862 1197 1902 1234 et
1928 1197 2072 1250 postea
2091 1192 2220 1235 Pater
2240 1192 2378 1235 factus
2398 1164 2539 1233 siircnobnstcia

255 1277 330 1315 est.
355 1271 581 1324 Quomodo
601 1286 704 1330 ergo
724 1272 1008 1315 immutabilis
1030 1272 1142 1314 Deus
1162 1274 1252 1314 est?
1274 1271 1321 1314 Si
1342 1271 1458 1314 enim
1483 1276 1581 1314 ante
1609 1270 1747 1325 Deus,
1771 1275 1916 1329 postea
1945 1270 2074 1313 Pater
2100 1269 2199 1326 fuit,
2226 1269 2377 1328 utique
2411 1248 2526 1316 {ffu-

253 1349 545 1410 generationis
565 1349 802 1393 accessione
825 1355 1017 1393 mutatus
1037 1354 1112 1391 est.
1137 1348 1221 1392 Sed
1241 1354 1405 1392 avertat
1424 1348 1542 1391 Deus
1567 1348 1675 1391 hanc
1694 1347 1944 1390 amentiam.
1968 1364 1990 1387 »

319 1444 340 1469 t(
360 1426 444 1470 Sed
466 1427 628 1486 quaeris
646 1437 671 1470 a
690 1442 758 1470 me
776 1462 787 1482 ,
809 1427 953 1486 inquit
976 1426 1233 1469 Ambrosius
1253 1427 1280 1478 ⁵,
1306 1426 1549 1484 quomodo,
1573 1425 1609 1468 si
1639 1425 1779 1468 Filius
1810 1424 1888 1478 sit,
1913 1439 2003 1467 non
2033 1424 2223 1483 priorem
2251 1425 2380 1469 habet
2427 1426 2540 1473 ssflefffl·

2410 1469 2466 1495 bile
2482 1479 2509 1496 e*

254 1505 426 1548 Patrem
445 1508 464 1548 ‘2
486 1505 644 1557 Quaero
673 1504 776 1547 item
797 1504 872 1547 abs
893 1510 946 1559 te,
971 1503 1147 1563 quando
1169 1503 1237 1546 vel
1258 1502 1477 1560 quomodo
1503 1502 1666 1544 Filium
1692 1507 1816 1560 putes
1843 1516 1931 1544 esse
1957 1506 2213 1558 generatum
2238 1518 2246 1544 :
2271 1503 2379 1546 mihi
2400 1474 2540 1578 {¹.P¹¹⁴†¹¹¹⁰³‘l}3

253 1583 370 1625 enim
403 1581 669 1641 impossibile
695 1586 756 1624 est
787 1580 1076 1638 generationis
1108 1581 1214 1623 scire
1245 1585 1472 1623 secretum.
1496 1579 1617 1622 Mens
1637 1578 1797 1633 deficit,
1820 1593 1906 1622 vox
1928 1578 2040 1632 silet,
2063 1593 2151 1622 non
2172 1593 2267 1622 mea
2286 1584 2380 1623 tan-
2401 1557 2543 1620 igtuilsofft

253 1664 365 1713 tum,
387 1659 460 1701 sed
481 1664 522 1702 et
541 1659 815 1716 angelorum,
836 1673 966 1716 supra
986 1663 1238 1717 potestateS,
1265 1663 1304 1700 et
1325 1672 1457 1715 supra
1482 1656 1674 1713 angelos,
1693 1663 1733 1699 et
1760 1671 1892 1714 supra
1917 1655 2164 1712 cherubim,
2189 1662 2229 1700 et
2249 1673 2380 1716 supra
2416 1636 2526 1703 ἒὲιῗῖῗῑξ

2400 1718 2535 1753 priorem,

253 1735 469 1794 seraphim
487 1772 496 1790 ,
531 1751 663 1795 supra
702 1751 873 1779 omnem
908 1751 1082 1778 sensum
1113 1740 1174 1777 est
1203 1751 1211 1777 ε
1236 1735 1340 1794 quia
1359 1735 1566 1793 scriptum
1588 1738 1649 1777 est
1669 1740 1681 1759 ⁶
1708 1750 1716 1775 :
1739 1736 1838 1777 Pax
1861 1733 2026 1777 Christi
2044 1750 2179 1794 supra
2206 1751 2379 1779 omnem
2401 1759 2542 1787 sicutmo-

2412 1802 2539 1870 iieljaggj

254 1905 429 1934 sensum
457 1896 576 1935 tanta
602 1891 823 1949 generatio
849 1894 867 1933 ἰ)
903 1891 970 1934 Tu
996 1905 1098 1947 ergo
1124 1891 1186 1934 ori
1222 1905 1402 1933 manum
1430 1889 1441 1909 ⁷
1467 1889 1649 1932 admove
1679 1906 1687 1931 :
1716 1889 1899 1932 scrutari
1928 1904 2017 1932 non
2056 1890 2155 1933 licet
2188 1905 2378 1949 superna
2400 1893 2538 1962 ῑζζζιξὲξ

254 1969 473 2027 mysteria.
499 1969 616 2012 Licet
634 1969 757 2024 scire,
780 1969 896 2028 quod
917 1974 1045 2011 natus
1065 1968 1138 2021 sit3
1166 1983 1255 2011 non
1275 1967 1373 2010 licet
1393 1967 1605 2009 discutere
1632 1966 1850 2024 quomodo
1877 1972 2005 2010 natus
2030 1967 2098 2010 sit.
2129 1968 2248 2011 Illud
2267 1968 2377 2012 mihi
2408 1967 2540 2035 fflgsab‘l‘

252 2061 409 2103 negare
438 2061 526 2089 non
559 2046 685 2101 licet3
715 2046 794 2089 hoc
823 2061 1019 2105 quaerere
1051 2051 1192 2088 metus
1225 2051 1300 2088 est.
1325 2063 1345 2087 »
1371 2043 1608 2088 Inefl'abilis
1640 2043 1757 2086 enim
1785 2048 1847 2086 est
1879 2044 1955 2088 illa
1983 2045 2228 2102 generati03
2261 2046 2377 2089 unde
2420 2050 2519 2079 limt-

254 1828 425 1857 sensum
447 1822 524 1857 est.
547 1814 599 1857 Et
619 1813 654 1857 si
673 1829 755 1873 pax
776 1813 935 1857 Christi
955 1828 1086 1872 supra
1106 1827 1279 1855 omnem
1300 1827 1474 1855 sensum
1493 1817 1575 1865 est,
1604 1811 1823 1870 quomodo
1854 1826 1942 1854 non
1962 1817 2024 1854 est
2049 1827 2181 1870 supra
2205 1828 2379 1856 omnem

251 2123 381 2167 Isaias
399 2123 412 2144 ⁸
437 2140 446 2166 ε
473 2125 809 2168 Generationem
833 2125 925 2182 ejus
946 2124 1039 2183 quis
1061 2123 1319 2166 enarrabit?

308 2200 494 2252 Quidam
523 2207 667 2246 tamen
696 2202 747 2245 de
768 2202 944 2258 ingenio
974 2216 1053 2244 suo
1081 2206 1417 2261 praesumentes,
1442 2201 1591 2244 dicunt
1610 2201 1732 2243 illam
1753 2200 2076 2258 generationem
2097 2215 2219 2260 posse
2249 2201 2376 2245 intel·
2419 2207 2538 2239 Quidam

2451 2258 2487 2275 3³15
2512 2265 2525 2270 -

248 2279 343 2335 ligi,
367 2285 408 2322 et
427 2279 513 2322 alia
540 2279 807 2338 hujusmodi,
831 2279 1091 2323 inhaerentes
1107 2279 1173 2322 illi
1193 2278 1439 2322 auctoritati
1459 2278 1713 2336 Hieronymi
1739 2294 1864 2337 super
1881 2278 2191 2322 Ecclesiastem
2215 2282 2227 2303 ⁵³
2247 2296 2255 2322 :
2281 2297 2303 2321 «
2325 2280 2376 2323 Iu
2399 2257 2540 2319 mptiutcllis-

249 2356 379 2399 sacris
414 2356 674 2415 Scripturis,
702 2357 807 2411 Quis
826 2392 835 2411 ,
858 2357 1091 2414 saepissinie
1112 2372 1200 2400 nen
1224 2373 1300 2415 pro
1321 2356 1594 2415 impossibili,
1618 2356 1690 2399 sed
1711 2371 1788 2414 pro
1809 2355 1976 2398 difficili
1996 2356 2189 2414 ponitur,
2212 2362 2259 2400 ut
2279 2357 2339 2399 ibi
2363 2374 2372 2400 2
2413 2336 2537 2408 {effigi}-

2426 2415 2509 2442 tionis

253 2434 589 2478 Generationem
611 2435 702 2492 ejus
725 2435 818 2493 quis
840 2434 1094 2477 enarrabit?
1118 2451 1139 2475 ))
1164 2435 1246 2478 Sed
1268 2434 1348 2477 hoc
1367 2450 1454 2477 non
1476 2434 1578 2476 dicit
1597 2434 1917 2491 Hieronymus,
1941 2433 2036 2476 ideo
2057 2434 2174 2492 quod
2194 2449 2374 2491 genera-
2409 2457 2522 2485 sel-iem,

249 2510 309 2555 tio
328 2511 429 2554 Filii
449 2517 611 2555 aeterna
631 2512 756 2571 plene
777 2512 965 2569 intelligi
985 2512 1054 2555 vel
1075 2512 1279 2570 explicari
1300 2512 1431 2570 possit
1450 2527 1475 2554 a
1495 2527 1717 2570 quoquam
1739 2510 2016 2566 mortalium3
2040 2511 2112 2554 sed
2132 2511 2236 2569 quia
2253 2511 2304 2554 de
2326 2527 2376 2555 ea

249 2588 417 2648 aliquid
448 2589 663 2647 intelligi,
694 2589 764 2633 vel
796 2589 879 2632 dici
912 2595 1062 2647 potest.
1098 2589 1286 2641 Quidam
1306 2589 1333 2613 ¹⁰
1354 2594 1497 2632 tamen
1520 2588 1599 2632 hoc
1631 2588 1848 2647 accipiunt
1871 2588 2035 2632 dictum
2061 2588 2114 2632 de
2145 2589 2375 2648 temporali

249 2665 408 2710 Christi
444 2667 737 2725 generatione.

307 2745 388 2788 Hic
407 2745 545 2804 quaeri
565 2750 718 2804 potest,
739 2760 839 2789 cum
859 2745 1079 2803 generatio
1103 2745 1204 2788 Filii
1227 2761 1250 2788 a
1269 2745 1396 2788 Patre
1418 2760 1496 2788 nec
1515 2744 1777 2804 principium
1797 2744 1970 2798 habeat,
1995 2758 2073 2786 nec
2096 2742 2248 2798 finem,
2272 2743 2375 2802 quia
2431 2754 2530 2781 Utrum

250 2827 412 2866 aeterna
431 2828 509 2877 est,
535 2828 686 2866 utrum
707 2823 859 2866 debeat
878 2823 963 2866 dici
985 2839 993 2865 :
1024 2840 1046 2865 ‹<
1066 2823 1206 2866 Filius
1234 2838 1402 2881 semper
1423 2822 1641 2880 gignitur,
1666 2839 1687 2862 ))
1716 2822 1786 2865 vel
1809 2839 1829 2863 «
1853 2835 2022 2880 semper
2050 2821 2221 2878 genitus
2241 2826 2328 2876 est,
2353 2837 2374 2862 ))
2418 2795 2521 2863 diiii&

251 2899 320 2942 vel
343 2916 364 2940 «
382 2914 552 2959 semper
570 2900 788 2957 gignetur.
808 2917 829 2942 >)
854 2901 916 2944 De
937 2901 1016 2944 hoc
1036 2901 1308 2958 Gregorius1¹
1328 2916 1453 2959 super
1473 2900 1551 2943 Job
1571 2900 1633 2943 ait
1653 2916 1662 2942 ε
1683 2917 1704 2941 «
1724 2898 1936 2942 Dominus
1956 2898 2073 2941 Deus
2091 2897 2231 2954 Jesus,
2254 2898 2301 2941 in
2327 2913 2376 2942 eo
2410 2878 2540 2955 {5333}

2399 2961 2443 2987 vel
2462 2971 2538 2988 sem-

253 2977 367 3035 quod
389 2977 528 3021 virtus
547 2983 589 3021 et
611 2978 821 3036 sapientia
847 2978 926 3021 Dei
952 2984 1040 3033 est,
1069 2979 1121 3022 de
1142 2979 1269 3022 Patre
1293 2984 1392 3021 ante
1412 2984 1606 3037 tempora
1625 2982 1753 3020 natus
1776 2982 1838 3020 est
1861 2993 1869 3018 :
1894 2975 1963 3018 vel
1984 2975 2149 3034 potius,
2173 2975 2279 3035 quia
2299 2992 2377 3020 nec
2399 3004 2537 3039 pergem,

253 3054 382 3113 coepit
401 3055 518 3098 nasci
533 3090 543 3109 ,
566 3070 644 3098 nec
663 3055 811 3110 desiit,
836 3055 1030 3099 dicamus
1050 3056 1212 3110 verius,
1235 3073 1257 3097 «
1277 3070 1443 3114 semper
1462 3061 1590 3098 natus
1613 3071 1622 3097 z
1647 3074 1667 3096 »
1692 3070 1780 3097 non
1800 3058 1945 3097 autem
1966 3068 2197 3111 possumus
2216 3053 2374 3108 dicere,
2416 3047 2522 3113 ξζῇίξζῑ

260 3147 282 3172 ι(
299 3145 467 3190 semper
486 3132 694 3188 nascitur,
712 3150 733 3174 ))
754 3147 807 3175 ne
827 3132 1103 3192 imperfectus
1118 3149 1206 3177 esse
1224 3133 1438 3176 videatur.
1457 3134 1514 3175 At
1530 3147 1648 3185 vero,
1668 3138 1716 3174 ut
1736 3139 1924 3174 aeternus
1938 3130 2156 3188 designari
2175 3131 2317 3175 valeat
2336 3137 2377 3174 et

256 3207 470 3265 perfectus
489 3225 674 3269 semper,
695 3210 888 3254 dicamus
908 3217 949 3254 et
972 3229 993 3251 α
1013 3217 1141 3254 natus
1160 3228 1168 3253 :
1193 3228 1214 3252 »
1237 3215 1450 3268 quatenus
1470 3215 1511 3252 et
1530 3217 1660 3252 natus
1684 3209 1737 3252 ad
1758 3207 2063 3267 perfectionem
2084 3208 2312 3267 pertineat,
2336 3215 2377 3252 et

255 3298 421 3344 semper
447 3286 500 3329 ad
520 3287 806 3331 aeternitatem
831 3304 839 3330 ε
862 3289 1061 3346 quamvis
1087 3303 1162 3347 per
1193 3288 1272 3331 hoc
1292 3288 1436 3347 ipsum
1462 3287 1579 3346 quod
1608 3286 1846 3344 perfectum
1875 3285 2084 3342 dicimus,
2112 3286 2302 3329 multum
2323 3286 2376 3329 ab

302 3452 313 3473 ¹
330 3452 503 3493 Ambros.,
521 3452 560 3484 de
578 3454 659 3485 Fide
678 3455 722 3486 ad
741 3455 910 3493 Gratiam„
932 3455 991 3485 lib.
1008 3456 1042 3495 1,
1064 3465 1093 3486 c.
1110 3463 1189 3495 vni,
1210 3458 1368 3487 11,55.-
1387 3456 1398 3475 ἒ
1412 3455 1505 3493 lsai„
1525 3462 1628 3494 mu,
1653 3456 1702 3485 10.
1721 3471 1755 3475 —
1772 3453 1784 3475 3
1797 3453 1905 3491 Jocm„
1928 3461 1998 3493 xiv,
2019 3455 2109 3485 9-11.
2122 3470 2162 3474 -
2175 3453 2188 3474 4
2202 3451 2372 3491 Ambros,

256 3500 296 3531 de
317 3500 411 3538 Fide,
433 3499 489 3530 lib.
506 3501 540 3541 1,
561 3510 590 3532 c.
608 3509 661 3543 lx,
683 3511 719 3533 n.
734 3504 844 3534 58-60.
860 3520 899 3525 —
915 3503 927 3523 ⁵
940 3502 1036 3540 [bid.5
1058 3513 1087 3534 c.
1103 3511 1138 3543 x,
1154 3512 1188 3534 n.
1206 3505 1257 3534 64.
1282 3521 1316 3525 ——
1343 3502 1507 3543 ⁶Pl11'lz'p„
1528 3510 1574 3542 JV,
1592 3503 1622 3532 7.
1647 3520 1686 3524 —
1699 3502 1712 3523 7
1727 3500 1849 3540 Ecclz„
1865 3509 1898 3541 v,
1921 3504 1970 3533 14.
1994 3519 2033 3524 —-
2062 3501 2072 3519 ⁸
2090 3501 2178 3537 lsai„
2202 3507 2276 3539 Lm,
2295 3501 2325 3530 8.
2344 3516 2377 3520 —

257 3548 270 3569 ⁹
286 3547 439 3587 Hieron„
464 3547 642 3579 Comment.
665 3549 699 3580 in
714 3559 784 3590 cap.
802 3557 840 3581 111
860 3549 999 3587 Eccles„
1022 3552 1054 3581 et
1072 3550 1147 3581 adv.
1167 3550 1354 3591 Pelagium..
1375 3549 1433 3579 lili.
1450 3549 1477 3579 ll
1500 3549 1608 3589 (inter
1627 3549 1744 3590 Epist„
1765 3552 1790 3580 t.
1807 3549 1849 3590 ΙΙ,
1870 3549 1935 3580 col.
1950 3549 2022 3588 432,
2044 3547 2124 3579 edit.
2144 3546 2250 3579 Paris.
2274 3547 2378 3584 1578).

259 3611 295 3617 —-
314 3595 342 3617 ¹⁰
356 3594 425 3626 Leo
446 3595 538 3635 Papa
556 3596 589 3626 et
607 3594 804 3637 Dionysius.
817 3614 857 3620 —
874 3597 902 3619 1²
919 3597 1074 3637 Gregor.‚
1094 3597 1217 3630 Moral.
1238 3597 1296 3629 lib.
1317 3597 1442 3637 XXIX,
1462 3605 1491 3627 c.
1508 3604 1532 3627 1.
