2613 3990
1134 260 1422 303 DISTINCTIO
1453 261 1519 301 IX.
2310 265 2384 303 169

271 350 458 394 scientiae
484 366 574 395 suae
604 367 656 395 ex
686 367 735 396 eo
761 352 966 406 nascitur,
988 365 1077 394 non
1108 351 1249 410 potuit
1277 351 1397 395 aliud
1421 367 1510 395 esse
1529 366 1661 410 quam
1681 353 1846 396 vivens,
1870 353 1979 396 Nam
2000 368 2098 397 cum
2119 354 2206 397 ait¹
2234 371 2242 397 :
2265 355 2387 398 Sicut
2407 364 2467 393 tur·
2486 371 2548 389 0011-

270 428 392 471 misit
411 443 481 471 me
498 429 643 473 vivens
661 432 809 481 Pater,
835 436 876 472 et
896 444 970 487 eqo
989 429 1085 471 vivo
1107 437 1286 487 propter
1307 431 1485 472 Patrem
1499 444 1516 482 ,·
1534 428 1680 471 docuit
1698 431 1830 472 vitam
1852 429 1897 472 in
1918 446 1960 473 se
1979 445 2054 488 per
2075 430 2287 474 viventem
2306 433 2387 475 Pa-

271 510 379 548 trem
400 505 552 549 inesse.
580 523 600 547 >³
623 506 727 549 Ecce
748 505 816 548 hic
835 505 982 560 habes,
1005 504 1109 563 quia
1127 505 1266 547 Filius
1286 506 1476 549 nascitur
1497 521 1548 548 ex
1569 506 1710 550 Patre.
1732 508 1837 550 Item
1860 507 1903 549 in
1924 507 2073 549 eodem
2098 524 2106 550 :
2129 526 2149 548 (1
2164 508 2273 551 Cum
2288 509 2389 552 dicit

268 582 464 626 Christus
486 588 498 609 2
521 600 530 627 :
552 584 675 626 Sicut
699 586 828 626 Pater
846 583 975 625 habet
994 583 1134 625 vitam
1154 582 1201 624 in
1222 598 1277 635 se,
1302 584 1362 625 sic
1383 591 1424 625 et
1446 583 1558 626 Filio
1582 582 1702 626 dedit
1723 584 1863 626 vitam
1883 583 2039 626 habere
2068 584 2115 626 in
2143 585 2386 643 semetipso,

268 660 415 703 onmia
434 661 534 704 viva
551 676 629 703 sua
647 675 699 703 ex
718 659 890 702 vivente
911 664 1087 702 testatus
1106 664 1182 702 est.
1206 659 1332 711 Quod
1352 665 1496 703 autem
1518 675 1570 702 ex
1593 660 1692 703 vivo
1718 661 1869 704 vivum
1891 667 2043 703 natum
2063 666 2146 715 est,
2170 661 2298 704 habet
2318 677 2390 704 na-

268 737 448 780 tivitatis
468 738 701 795 perfectum
722 736 813 779 sine
840 736 1030 779 novitate
1052 741 1235 779 naturae.
1271 736 1368 779 Non
1394 736 1509 779 enim
1532 751 1698 779 novum
1725 743 1801 791 est,
1829 737 1945 795 quod
1967 753 2017 780 ex
2041 738 2138 781 vivo
2158 744 2392 795 generatur

267 813 313 857 in
333 814 501 869 vivum,
524 813 627 872 quia
643 828 720 856 1166
739 829 791 856 ex
811 813 949 856 nihilo
970 818 1054 867 est3
1079 819 1119 855 et
1138 813 1243 867 vita,
1267 828 1359 872 quaa
1379 813 1650 856 nativitatem
1670 813 1803 856 sumit
1825 829 1876 856 ex
1903 814 1991 857 vita
2009 849 2019 868 ,
2043 830 2210 858 necesse
2235 821 2296 858 est
2318 831 2392 874 per

267 896 434 934 naturae
454 891 680 945 unitatem,
699 896 739 933 et
760 890 955 948 perfectae
977 889 1215 933 nativitatis
1234 896 1568 943 sacramentum,
1585 895 1634 933 ut
1654 896 1693 934 et
1713 891 1759 933 in
1780 891 1952 934 vivente
1976 892 2109 946 vivat,
2133 898 2173 935 et
2194 892 2237 935 in
2259 908 2302 935 se
2317 893 2392 936 ha-

266 969 363 1012 beat
382 969 515 1011 vitam
535 968 769 1012 viventem.
794 984 815 1007 »
841 968 947 1010 Ecce
967 973 1007 1010 et
1026 967 1093 1010 bic
1114 967 1260 1022 habes,
1284 968 1388 1027 quia
1416 973 1650 1025 generatur
1670 983 1721 1011 ex
1742 969 1843 1012 vivo
1865 969 2015 1012 vivens
2034 969 2188 1013 Filius.
2219 970 2326 1013 Item
2346 970 2391 1013 in

266 1046 414 1089 eodem
440 1061 449 1088 :
479 1062 500 1086 «
519 1045 569 1087 In
588 1044 693 1098 Deo,
716 1049 852 1088 totum
874 1045 991 1104 quod
1012 1051 1089 1099 est,
1112 1044 1222 1089 vivit
1247 1062 1255 1087 :
1277 1046 1391 1088 Deus
1415 1046 1531 1088 enim
1551 1046 1640 1089 vita
1660 1051 1738 1101 est,
1762 1051 1802 1089 et
1823 1061 1874 1089 ex
1895 1046 1985 1089 vita
2001 1061 2089 1089 non
2109 1052 2247 1105 potest
2266 1047 2394 1106 quid-

266 1138 397 1182 quam
431 1136 520 1166 esse
548 1122 632 1165 nisi
662 1122 843 1178 vivum3
876 1137 1018 1180 neque
1051 1137 1104 1165 ex
1137 1122 1426 1178 derivatione,
1450 1124 1522 1167 sed
1543 1139 1595 1167 ex
1614 1124 1775 1167 virtute
1795 1125 2002 1167 nativitas
2022 1129 2098 1168 est.
2124 1125 2185 1167 Ac
2204 1125 2234 1167 si
2254 1159 2263 1179 ,
2286 1124 2392 1168 dum

266 1205 405 1244 totum
426 1199 542 1259 quod
575 1205 638 1243 est
668 1199 801 1255 vivit,
831 1205 873 1243 et
892 1199 998 1243 dum
1024 1205 1164 1243 totum
1192 1201 1308 1259 quod
1341 1216 1393 1244 ex
1421 1216 1469 1245 eo
1499 1201 1690 1244 nascitur
1710 1202 1849 1245 virtus
1867 1207 1949 1257 est,
1973 1202 2102 1245 habet
2120 1201 2391 1245 nativitatem

265 1277 431 1332 Filius,
454 1292 542 1321 non
561 1277 919 1320 demutationem.
946 1294 968 1318 1)
1001 1277 1053 1320 Ε1
1076 1277 1143 1320 hic
1162 1277 1292 1332 dicit,
1328 1279 1432 1337 quia
1453 1279 1667 1322 nascitur.
1692 1279 1816 1333 Item,
1839 1279 1884 1321 in
1904 1294 2019 1322 nouo
2040 1279 2152 1322 libro
2173 1278 2225 1322 de
2252 1279 2392 1322 Trini-

267 1357 378 1399 tate³
396 1372 409 1397 .·
437 1372 458 1396 «
479 1355 621 1414 Donat
650 1355 778 1398 Pater
796 1354 908 1398 Filio
929 1359 1101 1398 tantum
1121 1370 1209 1398 6556
1224 1390 1234 1409 ,
1258 1361 1474 1414 quantum
1495 1362 1557 1400 est
1575 1356 1681 1415 ipse,
1705 1357 1775 1399 cui
1805 1356 2153 1399 innascibilitatis
2176 1371 2265 1400 esse
2284 1356 2396 1400 ima-

263 1433 410 1489 ginem
428 1437 696 1476 sacramento
719 1432 960 1475 nativitatis
995 1432 1215 1490 impartit,
1240 1448 1371 1490 quem
1403 1448 1454 1476 ex
1494 1449 1537 1476 se
1571 1433 1616 1476 in
1637 1449 1714 1477 sua
1734 1434 1873 1477 forma
1892 1439 2084 1491 generat.
2108 1450 2129 1475 >)
2156 1433 2236 1477 Hic
2267 1433 2390 1489 dicit,

263 1511 367 1570 quia
397 1518 578 1569 (senemt
597 1510 726 1553 Pater
743 1507 923 1552 Filium.

322 1588 524 1631 Dicamus
556 1602 658 1644 ergo
684 1586 850 1630 Filium
882 1591 1035 1630 natum
1065 1586 1116 1629 de
1148 1586 1276 1630 Patre
1308 1592 1406 1629 ante
1439 1593 1657 1647 tempora,
1682 1594 1723 1631 et
1742 1604 1910 1647 semper
1931 1589 2047 1632 nasci
2073 1589 2123 1632 de
2144 1589 2293 1644 Patre,
2317 1589 2390 1632 sed

264 1665 591 1723 congruentiUS,
608 1669 939 1724 sempernatum
965 1680 973 1706 ε
998 1668 1039 1706 61
1058 1663 1259 1706 eumdem
1284 1663 1498 1707 fateamur
1521 1666 1574 1708 ab
1595 1671 1757 1709 aeterno
1781 1682 1884 1722 esse,
1907 1672 1946 1709 et
1968 1666 2086 1709 Patri
2106 1673 2386 1720 coaeternum,

262 1743 305 1785 id
327 1748 389 1786 est
408 1742 587 1786 auctori.
623 1742 751 1785 Pater
781 1741 897 1784 enim
929 1740 1207 1798 generatione
1232 1746 1381 1784 auctor
1404 1742 1506 1785 Filii
1538 1749 1626 1798 est,
1652 1749 1700 1786 ut
1719 1743 1765 1786 in
1786 1744 1984 1802 sequenti
2006 1750 2018 1769 a
2046 1744 2314 1787 ostendetur.
2336 1743 2395 1787 Ut

263 1835 364 1877 ergo
399 1820 527 1863 Pater
558 1825 620 1863 est
638 1825 847 1874 aeternus,
870 1819 931 1863 ita
955 1823 997 1862 et
1022 1818 1162 1862 Filius
1188 1823 1377 1863 aeternus
1409 1825 1496 1875 est3
1532 1821 1603 1864 sed
1635 1822 1763 1865 Pater
1792 1821 1884 1865 sine
1905 1826 2079 1865 auctore
2101 1856 2111 1876 ,
2134 1821 2273 1864 Filius
2291 1835 2393 1864 vero

262 1912 376 1952 non3
401 1896 505 1955 quia
534 1897 664 1940 Pater
686 1897 955 1940 innascibilis
973 1932 983 1952 ,
1010 1896 1153 1939 Filius
1184 1904 1326 1941 natus.
1362 1900 1435 1953 Et,
1470 1904 1518 1942 ut
1539 1899 1597 1941 ait
1617 1899 1815 1942 Hilarius
1865 1899 1911 1942 in
1933 1898 2191 1942 duodecimo
2208 1899 2321 1942 libro
2342 1897 2394 1941 de

267 1977 301 2018 T
297 1975 506 2018 rz'nz'tccte:
527 1993 546 2016 ε(
564 1975 699 2018 Aliud
718 1980 780 2018 est
800 1974 892 2018 sine
912 1981 1085 2018 auctore
1107 1991 1275 2034 semper
1296 1991 1383 2019 esse
1406 1981 1635 2030 aeternum,
1660 1977 1780 2020 aliud
1797 1976 1934 2032 Patri,
1954 1976 1997 2019 id
2015 1981 2092 2030 est,
2115 1975 2281 2019 auctori
2302 1990 2391 2018 6556

261 2057 540 2096 coaeternum.
564 2052 649 2096 Ubi
669 2056 816 2095 autem
834 2052 963 2095 Pater
982 2057 1132 2096 auctor
1152 2059 1230 2108 est,
1254 2053 1315 2096 ibi
1335 2059 1375 2096 et
1396 2053 1596 2098 nativitas
1616 2059 1700 2109 est,
1723 2054 1842 2113 quia,
1862 2054 1971 2097 sicut
1990 2054 2194 2097 nativitas
2212 2054 2265 2096 ab
2285 2069 2386 2097 auc-

262 2136 352 2173 tore
373 2135 450 2185 est,
467 2130 528 2173 ita
541 2135 581 2173 et
593 2131 646 2174 ab
662 2134 823 2173 aeterno
839 2135 1014 2174 auctore
1030 2135 1193 2173 aeterna
1214 2137 1275 2174 est
1295 2131 1515 2174 nativitas.
1533 2131 1671 2174 Omne
1693 2137 1839 2175 autem
1850 2131 1967 2190 quod
1982 2146 2151 2190 semper
2171 2136 2248 2186 est,
2263 2131 2392 2175 etiam

260 2213 471 2251 aeternum
505 2213 567 2250 est
590 2224 599 2250 ε
623 2207 696 2251 sed
723 2213 869 2251 tamen
895 2222 983 2251 non
1018 2222 1146 2251 omne
1177 2209 1294 2266 quod
1329 2214 1544 2252 aeternum
1566 2215 1643 2263 est,
1667 2209 1795 2252 etiam
1819 2210 2019 2252 innatum
2040 2214 2126 2263 est3
2153 2209 2257 2268 quia
2275 2209 2392 2268 quod

259 2285 312 2329 ab
332 2291 491 2329 aeterno
511 2285 718 2338 nascitur,
740 2285 871 2328 habet
898 2290 1112 2328 aeternum
1134 2300 1222 2328 6556
1242 2286 1359 2344 quod
1378 2292 1531 2330 natum
1552 2293 1628 2329 est..
1654 2287 1779 2339 Quod
1800 2293 1945 2329 autem
1966 2302 2055 2329 non
2075 2292 2227 2329 natum
2248 2291 2325 2339 est,
2348 2286 2390 2329 id

258 2378 359 2406 cum
386 2362 626 2406 aeternitate
652 2378 739 2406 non
760 2368 913 2406 natum
935 2367 1022 2417 est,
1047 2363 1163 2420 quod
1185 2378 1287 2406 vero
1309 2378 1361 2407 ex
1381 2369 1543 2407 aeterno
1564 2370 1716 2407 natum
1737 2371 1814 2419 est,
1838 2364 1898 2419 id,
1921 2364 1956 2407 si
1975 2379 2063 2407 non
2083 2371 2295 2407 aeternum
2317 2379 2392 2407 na-

258 2445 351 2482 tum
371 2444 446 2494 est,
463 2439 554 2498 jam
574 2455 662 2482 non
684 2440 765 2482 erit
783 2445 824 2482 et
843 2439 971 2483 Pater
995 2444 1146 2482 auctor
1164 2445 1368 2484 aeternus.
1394 2441 1439 2484 Si
1464 2441 1568 2499 quid
1592 2456 1694 2498 ergo
1715 2441 1752 2484 ei
1773 2441 1849 2500 qui
1870 2441 1923 2484 ab
1943 2447 2105 2484 aeterno
2123 2442 2249 2484 Patre
2264 2446 2391 2484 natus

257 2521 335 2572 est,
358 2532 408 2559 ex
428 2516 667 2560 aeternitate
688 2516 890 2571 desuerit,
912 2516 1102 2574 idipsum
1118 2533 1205 2561 non
1220 2523 1281 2561 est
1301 2519 1464 2562 auctori
1488 2518 1747 2575 ambiguum
1767 2518 1971 2573 defuisse,
1994 2518 2115 2577 quia,
2138 2519 2169 2561 si
2193 2518 2390 2575 gignenti

257 2599 319 2637 est
351 2593 578 2637 infinitum
611 2594 789 2651 gignere
807 2629 817 2649 ,
854 2599 894 2636 et
923 2595 1114 2637 nascenti
1146 2596 1274 2638 etiam
1305 2596 1531 2639 infinitum
1561 2596 1678 2639 nasei
1698 2601 1773 2639 est.
1800 2595 1991 2639 Medium
2014 2595 2129 2638 enim
2151 2595 2256 2654 quid
2276 2595 2390 2638 inter

255 2671 526 2714 nativitatem
547 2671 625 2714 Dei
644 2671 762 2725 Filii,
787 2676 827 2714 et
846 2671 1169 2729 generationem
1188 2672 1266 2716 Dei
1286 2673 1443 2727 Patris,
1468 2688 1545 2717 nec
1564 2688 1714 2717 sensus
1735 2688 1813 2716 nec
1834 2673 1941 2716 ratio
1961 2673 2151 2716 admittit
2169 2690 2178 2727 ;
2208 2672 2312 2730 quia
2342 2672 2387 2715 in

256 2750 533 2806 generatione
553 2749 755 2792 nativitas
774 2754 862 2803 est,
886 2755 927 2792 et
946 2749 993 2792 in
1013 2749 1237 2793 nativitate
1265 2752 1486 2808 generatio
1506 2757 1585 2806 est,
1606 2750 1712 2810 quia
1730 2750 1821 2794 sine
1842 2755 2027 2808 utroque
2059 2754 2267 2792 neutrum
2289 2754 2351 2792 est
2374 2765 2383 2793 :

256 2831 495 2886 utrumque
515 2842 618 2885 ergo
638 2827 730 2870 sine
750 2826 980 2869 intervallo
1001 2827 1069 2870 sui
1090 2833 1166 2871 est.
1190 2845 1211 2868 ›)
1411 2817 1413 2820 ¹

320 2923 342 2946 α
362 2904 447 2948 Sed
462 2910 475 2931 ⁶
496 2904 666 2964 inquiet
695 2904 924 2947 haereticus
949 2921 958 2947 :
980 2904 1120 2948 Omne
1137 2905 1254 2964 quod
1276 2910 1427 2949 natum
1449 2911 1526 2961 est,
1549 2920 1637 2949 non
1658 2920 1826 2964 semper
1844 2905 1927 2948 fuit
1944 2922 1954 2960 3
1978 2904 2083 2963 quia
2101 2904 2147 2946 in
2168 2903 2209 2946 id
2233 2908 2385 2947 natum

255 2987 333 3037 est,
355 2987 406 3026 ut
423 2988 546 3026 esset.
570 2982 708 3026 Nemo
726 2981 908 3039 ambigit
927 2982 1036 3040 quin
1051 2998 1100 3025 ea
1120 2997 1217 3041 quae
1236 2983 1282 3026 in
1303 2983 1432 3027 rebus
1450 2983 1655 3027 humanis
1682 2989 1784 3026 nata
1802 2988 1904 3026 sunt
1924 2981 2160 3041 aliquando
2180 2997 2267 3025 non
2293 2981 2386 3024 fue-

256 3059 358 3102 rint.
382 3058 464 3102 Sed
485 3059 605 3103 aliud
624 3063 686 3102 est
715 3073 768 3102 ex
798 3073 847 3101 eo
872 3059 1005 3114 nasci,
1028 3060 1144 3118 quod
1167 3075 1255 3103 non
1275 3075 1443 3118 semper
1461 3061 1572 3115 fuit3
1596 3061 1717 3104 aliud
1736 3065 1797 3103 est
1821 3075 1873 3103 ex
1891 3074 1940 3102 eo
1963 3065 2115 3102 natum
2136 3073 2246 3114 esse,
2270 3057 2385 3117 quod

257 3150 423 3195 semper
442 3142 518 3180 est.
540 3136 606 3180 Ibi
626 3151 705 3180 1166
727 3151 895 3195 semper
917 3136 1017 3192 fuit,
1043 3137 1121 3196 qui
1142 3144 1260 3196 pater
1287 3143 1364 3191 est,
1387 3152 1466 3180 nec
1492 3153 1660 3196 semper
1687 3143 1808 3196 pater
1837 3142 1898 3179 est
1920 3152 1928 3178 ε
1955 3142 1996 3179 61
2015 3136 2093 3195 qui
2112 3151 2198 3179 non
2219 3150 2387 3194 semper

259 3218 378 3270 pater
398 3218 486 3269 est,
510 3229 597 3257 non
615 3228 784 3272 semper
803 3213 956 3271 genuit
986 3230 994 3255 :
1018 3215 1095 3257 ubi
1126 3220 1270 3258 autem
1293 3229 1461 3272 semper
1488 3220 1610 3274 pater
1641 3219 1728 3267 est,
1754 3228 1922 3272 semper
1949 3213 2068 3256 filius
2095 3219 2171 3256 est.
2200 3212 2325 3265 Quod
2351 3211 2386 3254 si

257 3303 424 3347 semper
452 3290 540 3334 Deo
574 3291 692 3334 Patri
721 3306 798 3350 pro
825 3290 971 3349 prium
1005 3296 1066 3334 est
1091 3292 1208 3350 quod
1229 3306 1398 3350 semper
1417 3296 1479 3334 est
1498 3292 1642 3346 Pater,
1665 3305 1834 3334 necesse
1860 3295 1923 3334 est
1953 3290 2066 3334 Filio
2095 3305 2264 3348 semper
2290 3303 2386 3347 pro-

260 3365 404 3423 prium
433 3381 521 3409 esse
553 3368 668 3426 qnod
704 3382 873 3426 semper
897 3374 959 3410 est
983 3368 1137 3412 Filius.
1167 3368 1395 3421 Quomodo
1435 3383 1537 3425 ergo
1574 3368 1695 3411 cadet
1719 3368 1766 3411 111
1796 3367 2131 3424 intelligentiam
2166 3371 2383 3420 nostram,

301 3534 430 3572 ¹Joan.,
449 3540 496 3573 vi,
515 3534 565 3565 58.
580 3535 646 3556 —2
663 3535 771 3574 Jorm.5
792 3541 823 3574 V,
842 3536 893 3565 26.
907 3551 947 3556 —
966 3532 979 3553 ³
994 3533 1110 3575 Hilar.,
1131 3534 1169 3565 cle
1191 3535 1324 3571 Trz'nil„
1343 3533 1400 3564 lib.
1419 3534 1483 3573 lx,
1505 3533 1605 3574 longe
1627 3536 1704 3574 post
1719 3534 1810 3566 med.
1827 3552 1864 3557 -
1880 3534 1893 3555 ‘¹
1917 3535 1986 3565 Hac
2011 3534 2085 3564 dist.
2109 3535 2140 3563 61
2160 3539 2216 3563 xv,
2233 3532 2297 3554 —5
2313 3531 2374 3562 Hi-

257 3580 331 3621 lar.,
350 3580 389 3612 de
409 3580 542 3619 Trz’nz't„
562 3580 619 3611 lib.
638 3581 694 3612 ΧΠ
707 3604 717 3620 ,
739 3590 827 3621 pene
852 3580 886 3611 ’111
900 3580 990 3612 med.
1012 3580 1099 3613 libri.
1115 3598 1153 3604 -
1171 3581 1183 3601 ⁶
1199 3581 1320 3621 Hilar.,
1340 3581 1428 3612 ibid.

2423 403 2548 430 firmatur

2420 452 2452 470 ex
2468 445 2549 471 dictis

2420 486 2533 515 Ililarii.

2428 1595 2556 1623 Breviter

2446 1637 2528 1663 docet

2427 1678 2495 1713 quid
2519 1678 2553 1704 de

2414 1721 2467 1747 hoc.
2485 1727 2554 1746 con-

2433 1762 2538 1787 cedi-n-

2414 1802 2480 1828 dum
2494 1802 2536 1828 sit.

2452 2912 2545 2949 Argu-

2413 2955 2546 2980 mentatio

2412 2994 2547 3021 haeretici.
