2613 3990
1104 254 1352 296 DISTINCT.
1386 255 1435 295 ΙΙ.
2275 262 2325 300 47

208 350 411 395 refertur.
433 348 503 392 Ad
531 362 663 408 quam
691 347 820 390 etiam
845 344 958 389 illud
984 343 1170 388 attinere
1191 344 1394 402 videtur,
1416 344 1534 404 quod
1562 345 1761 389 diabolus
1780 360 1855 404 per
1876 352 2117 406 serpentem
2143 348 2253 393 dixit
2272 355 2283 376 ¹
2314 366 2323 393 ε

209 428 351 471 Eritis
376 427 490 470 sieut
509 425 587 470 dii.
609 425 693 469 Pro
713 438 801 482 quo
827 423 874 466 in
893 421 1095 466 hebraico
1115 421 1301 464 habetur
1319 421 1478 466 heloim
1501 438 1515 464 .·
1536 437 1583 465 ae
1603 422 1637 465 si
1663 422 1821 466 diceret
1844 440 1853 466 ε
1876 423 2006 467 Eritis
2031 424 2141 468 sieut
2167 425 2327 470 divinae

206 519 415 564 personae.
436 503 514 546 Ille
535 502 663 546 etiam
691 500 907 543 maximus
926 499 1238 558 prophetarum
1270 504 1310 542 et
1331 513 1485 556 regum
1512 499 1649 543 David
1668 535 1678 555 ,
1702 500 1779 559 qui
1809 516 1931 544 suam
1962 502 2125 545 caeteris
2154 504 2328 560 praefert

205 580 555 639 intelligentiam,
578 578 722 622 dicens
742 578 755 597 ‘³
774 594 781 621 :
805 579 942 636 Super
963 592 1081 620 senes
1103 576 1330 630 intelleoei;
1353 576 1563 619 unitatem
1579 577 1740 621 divinae.
1761 583 1929 622 naturae
1946 579 2188 636 ostendens,
2210 580 2268 622 ait
2283 583 2295 604 ³
2314 597 2322 623 :

206 659 420 701 Dominus
441 671 597 700 nomen
619 663 681 698 est
708 655 789 698 illi.
813 671 834 695 >³
859 654 955 697 Non
984 654 1086 696 dicit
1112 670 1120 696 :
1142 654 1339 697 Domini.
1363 653 1483 696 Alibi
1505 653 1657 709 etiam,
1680 654 1873 713 ejusdem
1895 656 2106 700 unitatem
2133 664 2174 699 et
2205 661 2328 700 aeter-

206 735 387 779 nitatem
406 733 537 777 simul
556 731 801 786 ostendens,
824 731 883 775 ait
897 746 950 774 ex
970 745 1153 789 persona
1172 730 1250 773 Dei
1270 729 1428 774 1s1²ael²
1451 747 1460 773 ε
1484 732 1533 773 Si
1553 747 1622 773 me
1644 731 1852 785 audieris,
1878 748 1965 776 non
1986 733 2068 776 erit
2088 733 2135 776 in
2156 741 2196 776 te
2214 735 2328 776 Deus

205 827 364 865 recens,
383 825 518 869 neque
533 808 736 852 adorabis
757 811 896 852 Deum
918 808 1126 852 alienum.
1156 807 1322 851 «Aliud
1342 807 1517 862 horum,
1540 813 1587 851 ut
1601 808 1704 851 dicit
1719 809 1976 853 Ambrosius
1991 810 2038 853 in
2060 810 2172 854 libro
2189 810 2328 868 primo

206 888 258 934 cle
276 888 489 933 Trinitate
509 889 538 941 ⁵,
561 886 777 943 significat
797 885 1080 929 aeternitatem
1099 920 1108 940 ,
1133 885 1252 928 aliud
1271 885 1483 928 unitatem
1502 885 1755 929 substantiae
1785 886 2073 930 indifferentis
2087 922 2097 942 ,
2118 892 2168 931 ut
2184 903 2326 946 neque

205 965 484 1026 posteriorem
502 964 646 1018 Patre,
669 978 811 1021 neque
832 962 1011 1006 alterius
1032 962 1289 1017 divinitatis,
1311 962 1492 1018 Filium,
1514 962 1583 1006 vel
1603 962 1817 1021 Spiritum
1845 969 2044 1008 sanetum
2070 980 2159 1008 esse
2182 966 2328 1010 creda-

206 1058 318 1087 mus.
340 1042 450 1086 Nam
471 1041 506 1085 si
525 1042 652 1085 Patre
673 1041 885 1100 posterior
906 1045 968 1084 est
986 1040 1143 1095 Filius,
1166 1040 1235 1083 vel
1259 1040 1448 1099 Spiritus
1469 1045 1658 1095 sanctus,
1681 1055 1829 1084 reeens
1857 1046 1943 1096 est3
1967 1047 2008 1084 et
2027 1041 2061 1084 si
2085 1042 2218 1086 unius
2239 1058 2328 1087 non

205 1125 267 1164 est
281 1119 536 1174 divinitatis,
557 1119 727 1162 alienus
749 1122 811 1162 est
835 1134 843 1161 :
869 1118 941 1161 sed
962 1132 1039 1160 nee
1060 1117 1271 1176 posterior
1290 1122 1368 1173 est,
1390 1117 1494 1176 quia
1522 1132 1669 1161 reeens
1689 1132 1778 1160 non
1800 1123 1885 1173 est3
1917 1134 1995 1162 neo
2015 1119 2201 1174 alienus,
2225 1120 2329 1179 quia

206 1213 258 1242 ex
276 1201 398 1243 Patre
417 1201 546 1240 natus
564 1214 585 1238 »
612 1201 674 1239 est
689 1195 844 1251 Filius,
866 1210 919 1238 ex
941 1195 1068 1238 Patre
1088 1194 1279 1253 procedit
1299 1194 1485 1254 Spiritus
1504 1200 1677 1238 sanetus
1699 1194 1773 1254 (a).
1793 1195 1912 1239 Alibi
1934 1210 2132 1256 quoque,
2153 1196 2329 1240 distine-

206 1274 368 1318 tionem
400 1288 686 1334 personarum
706 1273 956 1328 insinuans,
980 1273 1039 1316 ait
1058 1277 1070 1297 ⁶
1095 1289 1104 1315 :
1137 1272 1268 1316 Verbo
1298 1272 1480 1315 Domini
1502 1273 1597 1316 eceli
1620 1273 1798 1331 firinati
1825 1282 1951 1327 sunt,
1977 1282 2016 1318 ot
2042 1274 2213 1333 Spiritu
2243 1275 2330 1317 oris

208 1351 301 1410 ejus
328 1352 471 1395 omnis
501 1352 639 1395 virtus
674 1366 837 1394 eorum.
873 1350 992 1393 Alibi
1019 1350 1148 1393 etiam
1182 1351 1242 1393 ait
1267 1353 1280 1374 ⁷
1308 1366 1316 1393 :
1341 1349 1579 1393 Benedicat
1614 1366 1691 1393 nos¹
1721 1353 1835 1394 Deus
1864 1353 1978 1394 Deus
2009 1360 2168 1405 noster,
2209 1352 2332 1396 bene-

212 1428 333 1473 dicat
352 1444 429 1473 nos
449 1431 578 1482 Deus,
603 1436 644 1472 et
669 1436 872 1471 metuant
899 1443 995 1471 eum
1028 1443 1177 1471 omnes
1195 1428 1307 1486 fines
1329 1435 1471 1470 terrie.
1497 1428 1631 1471 Trina
1651 1428 1767 1471 enim
1787 1429 1996 1472 confessio
2017 1429 2118 1486 Dei,
2141 1430 2330 1474 Trinita-

207 1511 294 1550 tem
315 1506 520 1566 exprimit
539 1521 846 1565 personarum;
873 1505 1083 1548 unitatem
1104 1519 1206 1547 vero
1237 1504 1430 1548 essentiae
1451 1505 1613 1563 aperit,
1636 1520 1735 1548 eum
1763 1505 2042 1563 singulariter
2069 1506 2296 1566 subjungit
2316 1542 2326 1563 ,

206 1599 319 1628 eum.
342 1583 473 1627 Isaias
492 1598 667 1642 quoque
687 1582 788 1626 dicit
806 1586 819 1606 ³
840 1597 882 1626 se
903 1582 1072 1625 audisse
1100 1581 1329 1640 Seraphim
1356 1581 1588 1625 clamantia
1611 1598 1618 1624 :
1642 1584 1833 1626 Sanctus
1852 1618 1861 1638 ,
1883 1585 2093 1637 Sanctus,
2117 1586 2323 1641 Sanctam,

204 1661 420 1705 Dominus
448 1663 574 1704 Deus.
604 1661 686 1703 Per
714 1660 793 1703 hoc
817 1659 934 1718 quod
964 1659 1066 1702 dicit
1095 1664 1159 1702 ter
1187 1661 1403 1712 Sanctus,
1437 1659 1675 1702 trinitatem
1708 1659 1945 1717 significat3
1982 1676 2058 1720 per
2095 1661 2174 1705 hoo
2208 1663 2326 1722 quod

205 1739 376 1794 subdit,
398 1737 611 1781 Dominus
636 1739 776 1790 Deus,
802 1736 1012 1780 unitatem
1040 1736 1248 1780 essentiae.
1274 1736 1414 1780 David
1439 1752 1616 1796 quoque
1643 1742 1850 1781 aeternam
1876 1738 1978 1781 Filii
2005 1739 2329 1796 generationem

203 1821 350 1874 aperte
370 1815 562 1858 insinuat
579 1829 631 1857 ex
651 1828 833 1873 persona
854 1813 982 1869 Filii,
1001 1813 1147 1857 dicens
1169 1814 1181 1833 ⁹
1207 1831 1215 1857 ι
1234 1814 1452 1857 Dominus
1477 1813 1593 1857 dixit
1613 1814 1675 1858 ad
1693 1831 1761 1858 me
1785 1833 1792 1858 :
1818 1815 1957 1860 Filius
1977 1831 2090 1860 ‘meus
2111 1833 2151 1861 es
2176 1826 2236 1871 tu,
2258 1833 2332 1876 eqo

203 1891 330 1935 hodie
347 1892 478 1951 qenui
497 1900 550 1935 te.
573 1891 634 1934 De
655 1891 734 1934 hae
752 1891 1029 1948 generatione
1050 1891 1262 1935 ineffabili
1290 1892 1421 1935 lsaias
1443 1891 1502 1935 ait
1524 1891 1551 1915 ¹⁰
1577 1909 1584 1935 :
1613 1893 1952 1936 Generationem
1974 1894 2067 1951 ejus
2091 1895 2185 1953 (suis
2206 1911 2333 1939 enar-

203 1969 408 2013 rabith
422 1969 533 2012 libro
553 1984 728 2027 quoque
743 1968 986 2027 Sapientice
1006 1969 1223 2012 {eternitas
1239 1969 1342 2012 Filii
1359 1985 1458 2012 cum
1479 1969 1608 2012 Patre
1630 1976 1917 2026 monstratur,
1941 1971 2017 2014 uhi
2037 1971 2259 2032 Sapientia
2273 1973 2332 2017 ita

203 2046 400 2104 loquitur
416 2046 441 2067 ¹¹
465 2062 473 2090 :
497 2046 712 2089 Dominus
727 2045 919 2105 possedit
940 2062 1009 2090 me
1026 2047 1080 2089 ab
1100 2047 1229 2090 initio
1245 2047 1419 2090 vi'arum
1439 2062 1636 2100 alatrum,
1655 2056 1893 2106 (malequam
1913 2049 2151 2108 quidquam
2160 2052 2332 2108 faceret

203 2123 463 2182 aprincipio
482 2140 496 2166 .·
518 2123 572 2166 ab
593 2131 754 2166 (eterno
775 2122 986 2166 ordinata
1006 2139 1119 2181 sum,
1145 2133 1385 2183 antequam
1409 2132 1526 2167 tei-ru
1544 2125 1671 2182 fieret
1693 2141 1705 2166 :
1726 2125 1913 2169 necdum
1940 2135 2068 2170 erunt
2098 2127 2266 2186 abyssi,
2291 2136 2330 2171 et

201 2215 276 2259 eqo
287 2199 391 2258 jam
412 2209 618 2260 concepta
640 2216 761 2244 eram
785 2218 798 2243 .·
819 2201 1003 2245 necdum
1017 2204 1180 2260 fontes,
1204 2202 1390 2246 necdum
1411 2211 1579 2245 montes
1601 2211 1680 2246 (izit
1702 2204 1843 2257 colles,
1866 2212 1906 2248 et
1926 2220 2000 2264 eqo
2008 2205 2298 2264 parturiebar
2320 2223 2328 2250 ε

202 2276 344 2321 adhuc
365 2286 528 2322 terram
548 2294 636 2322 non
651 2281 835 2338 fecerat,
860 2287 901 2323 et
922 2279 1121 2323 ewdines
1142 2280 1255 2323 orbis
1277 2288 1405 2324 terrae
1431 2298 1444 2322 .·
1465 2280 1936 2340 quamdopraeparabat
1953 2283 2093 2336 coelos,
2114 2283 2295 2327 aderam
2316 2300 2328 2327 :

202 2355 376 2414 quando
398 2355 673 2416 appendebat
686 2356 988 2415 fundamenta
1012 2366 1160 2411 terroe,
1187 2374 1284 2402 cum
1315 2374 1360 2401 eo
1381 2374 1502 2401 eram
1525 2368 1683 2403 cuncta
1706 2375 1964 2419 componens
1980 2397 1991 2414 ,
2018 2369 2058 2404 et
2083 2360 2333 2405 delectabar

191 2448 275 2492 per
305 2433 498 2493 sinqulos
522 2433 612 2477 dies
641 2433 793 2477 [calens
814 2449 964 2478 coram
986 2451 1047 2478 eo.
1072 2435 1177 2479 Eece
1206 2441 1358 2494 aptum
1386 2435 1437 2479 de
1471 2442 1635 2480 aeterna
1661 2437 1865 2494 genitura
1896 2438 2192 2482 testimonium
2212 2474 2222 2495 ‚
2245 2454 2333 2498 quo

199 2509 292 2569 ipsa
311 2509 533 2570 Sapientia
553 2511 750 2570 perhibet
769 2526 812 2555 se
833 2521 933 2555 ante
957 2512 1173 2556 mundum
1195 2518 1445 2572 conceptam
1467 2529 1572 2569 esse,
1596 2520 1637 2557 et
1660 2515 1888 2573 parturiri,
1909 2515 1952 2559 id
1974 2522 2035 2559 est
2053 2516 2265 2574 genitam,
2293 2522 2333 2560 et

198 2587 316 2647 apud
346 2587 520 2631 Patrem
547 2587 807 2632 aeternaliter
838 2589 1034 2633 existere.
1058 2590 1156 2649 lpsa
1184 2590 1313 2633 etiam
1341 2590 1446 2633 alibi
1467 2590 1527 2634 ait
1544 2590 1571 2613 ¹²
1597 2608 1605 2634 :
1627 2593 1723 2650 qu
1749 2608 1801 2636 esc
1829 2608 1901 2636 ore
1922 2593 2144 2637 Altissimi
2151 2593 2302 2653 prodii
2315 2630 2328 2649 ,

194 2665 493 2725 primoqenita
515 2674 618 2709 ante
638 2681 806 2710 omnem
828 2675 1096 2710 creacmam.
1120 2667 1323 2711 Michaeas
1345 2683 1522 2727 quoque
1544 2669 1754 2727 propheta
1773 2675 1977 2714 aeternam
1999 2671 2134 2715 Verbi
2154 2687 2333 2728 genera-

199 2742 377 2799 tionem,
395 2747 437 2787 et
456 2744 740 2803 temporalem
756 2760 809 2788 ex
828 2744 981 2801 Maria,
1004 2745 1137 2789 simul
1156 2745 1415 2801 insinuavit,
1435 2746 1581 2789 dicens
1602 2750 1630 2777 ¹³
1650 2763 1658 2789 ;
1676 2749 1718 2790 E
1722 2756 1738 2790 t
1755 2756 1816 2801 tu,
1836 2748 2086 2792 Bethlehem
2106 2749 2328 2808 Eplirata,

190 2821 405 2880 parvulus
426 2815 473 2864 es
487 2820 534 2864 in
558 2821 746 2865 millibus
765 2821 882 2865 Juda
906 2838 919 2864 .·
947 2838 998 2865 eac
1020 2831 1060 2866 te
1082 2821 1340 2881 essredietur,
1366 2822 1440 2882 qui
1463 2823 1521 2866 sit
1542 2822 1797 2868 dominator
1816 2825 1863 2869 in
1881 2826 2023 2869 Israel
2043 2842 2056 2868 :
2079 2834 2119 2869 et
2140 2841 2330 2885 eqressus

199 2897 291 2955 ejus
312 2897 367 2941 ab
387 2897 516 2941 initio
537 2913 564 2941 α
584 2897 733 2941 diebus
758 2899 1038 2943 aeternitatis.

256 2974 319 3018 De
340 2974 509 3034 Spiritu
528 2983 674 3020 saneto
695 2976 824 3019 etiam
844 2991 1043 3036 expressa
1059 2977 1320 3021 documenta
1340 2977 1386 3021 in
1400 2977 1549 3023 Veteri
1565 2978 1840 3022 Testamento
1855 2979 2081 3024 habemus.
2097 2981 2148 3024 In
2173 2982 2330 3025 Genesi

199 3052 316 3096 enim
334 3052 497 3110 legitur
517 3054 568 3096 14:
587 3053 778 3112 Spiritus
792 3054 974 3099 Domini
988 3055 1217 3113 ferebatur
1235 3071 1362 3114 super
1382 3070 1536 3114 aquas.
1560 3056 1613 3099 Et
1634 3055 1772 3099 David
1793 3056 1895 3099 dicit
1909 3055 1937 3080 ¹⁵
1955 3073 1964 3100 :
1987 3060 2079 3111 Quo
2099 3058 2167 3101 ibo
2183 3074 2210 3101 a
2228 3059 2327 3118 Spi-

199 3129 290 3173 ritu
319 3133 419 3173 tuo?
448 3130 500 3173 In
530 3130 643 3174 libro
663 3131 905 3189 Sapientiae
936 3132 1096 3175 dieitur
1121 3140 1149 3162 ¹⁶
1173 3149 1181 3175 :
1212 3133 1404 3191 Sjnritus
1434 3141 1614 3176 semotus
1645 3132 1891 3192 disciplinae
1922 3135 2103 3194 effuqiet
2132 3137 2320 3195 fictum,

203 3206 410 3266 beniqnus
426 3215 487 3251 est
507 3208 622 3251 enim
646 3208 826 3267 spiritus
846 3209 1092 3268 sapientiae.
1113 3210 1245 3253 isaias
1265 3225 1440 3269 quoque
1460 3210 1519 3253 ait
1540 3209 1567 3230 ¹⁷
1591 3226 1600 3253 :
1622 3210 1813 3269 Spiritus
1831 3212 2016 3256 Domini
2034 3228 2159 3273 super
2178 3229 2263 3258 me.

246 3344 257 3366 ¹
273 3345 365 3384 Gen„
384 3353 436 3386 111,
455 3347 484 3378 5.
497 3347 564 3369 —2
584 3345 679 3377 Psal.
695 3353 823 3387 cxvin,
841 3350 911 3378 100.
931 3365 972 3371 -
988 3348 1001 3369 ³
1014 3348 1104 3380 Psal.
1120 3356 1227 3389 vau,
1246 3351 1276 3381 5.
1299 3366 1338 3371 —
1353 3348 1366 3370 1
1380 3347 1470 3379 Psal.
1498 3355 1602 3388 Lxxx,
1627 3349 1676 3379 10.
1701 3365 1742 3371 ——
1756 3348 1768 3370 ⁵
1794 3349 1853 3381 Vel
1881 3349 1919 3381 cle
1942 3350 2024 3382 Fide
2043 3350 2088 3382 ad
2107 3352 2328 3392 Gratianum,

202 3390 261 3424 lib.
277 3392 310 3432 Ι,
329 3401 358 3424 e.
378 3399 437 3434 lx,
454 3401 489 3425 n.
515 3394 565 3425 68.
579 3410 622 3417 —
636 3394 648 3411 ⁶
663 3393 754 3425 Psal.
777 3401 887 3434 xxxu,
907 3397 937 3426 6.
957 3396 1024 3418 —7
1043 3395 1135 3427 Psal.
1151 3403 1244 3436 vai,
1263 3397 1293 3427 7.
1310 3413 1345 3418 —
1363 3396 1374 3414 ⁸
1392 3396 1469 3434 isa„
1490 3403 1536 3435 vi,
1553 3398 1584 3427 3.
1609 3412 1649 3417 —
1673 3396 1686 3416 ⁹
1700 3395 1790 3428 Psal.
1814 3405 1856 3437 11,
1883 3400 1912 3430 7.
1941 3415 1976 3420 -—
1996 3399 2021 3420 ¹0
2035 3399 2113 3437 Iso„
2143 3406 2223 3439 Lm,
2243 3401 2272 3430 8.
2290 3417 2326 3422 --

205 3439 235 3461 11
255 3439 364 3478 Ρνου.,
381 3443 463 3480 v111,
482 3442 587 3472 22-30.
600 3457 640 3464 —-
658 3441 818 3482 11Εσείί.,
833 3449 928 3483 xxiv,
947 3444 978 3474 5.
995 3460 1028 3465 -
1045 3442 1072 3465 ¹³
1086 3443 1200 3483 Mica„
1217 3451 1249 3484 v,
1274 3443 1404 3474 2.-11
1418 3443 1511 3483 Gen„
1530 3450 1552 3483 1,
1570 3445 1599 3475 2.
1623 3460 1664 3466 —
1681 3443 1709 3465 ¹⁵
1726 3444 1816 3476 Psscl.
1838 3452 2007 3486 cxxxvni,
2026 3448 2057 3478 7.
2081 3464 2120 3470 —
2140 3447 2165 3469 ¹⁶
2179 3447 2271 3488 Sap„
2294 3455 2324 3490 1,

205 3487 222 3518 5
243 3488 277 3518 et
293 3487 322 3518 6.
335 3503 374 3513 —-=
394 3487 418 3508 ¹7
431 3487 510 3528 Iso„
527 3495 598 3530 in,
619 3491 649 3521 1.

248 3570 291 3612 (a)
313 3571 384 3602 Hoec
403 3567 532 3612 reliqua
548 3572 646 3604 verba
667 3583 727 3606 non
747 3573 903 3615 (equatur
922 3574 957 3606 in
977 3575 1143 3616 Amores„
1163 3574 1280 3607 sallem
1311 3574 1405 3605 mim.

2348 3012 2490 3049 specialia

2360 3056 2486 3082 testimo-

2364 3097 2410 3122 nia
2436 3097 2470 3122 de

2363 3138 2472 3172 Spiritu

2360 3183 2467 3207 sancto.
