2613 3990
89 2561 197 2589 Funda-

56 2606 161 2631 menta.

713 249 842 291 DIST.
870 247 994 290 XVII.
1023 244 1143 286 ART.
1177 244 1206 284 Ι.
1239 243 1391 285 PART.
1424 243 1455 284 Ι.
1493 240 1690 292 QUAEST.
1723 239 1788 281 IV.

198 343 378 384 charitas
401 357 409 382 :
433 354 551 394 ergo,
567 341 601 381 si
621 343 733 382 caret
752 339 846 392 quis
862 338 1065 378 charitate
1082 366 1091 383 ,
1115 336 1226 374 caret

197 417 237 454 et
261 413 534 454 similitudine
552 414 659 466 ejus,
680 414 720 452 et
736 411 1029 461 itanunquam
1047 417 1227 458 cognos-

198 485 253 526 cit
274 485 535 525 charitatem.

253 555 371 605 Item,
394 556 428 595 si
448 568 534 596 non
552 555 711 595 habens
738 552 986 593 charitatem
1011 548 1228 601 cognoscit

203 638 312 673 eam,
336 629 410 666 aut
429 638 534 678 ergo
552 638 626 679 per
647 623 830 677 speciem
847 623 1039 662 innatam
1058 633 1133 661 seu
1154 620 1225 659 lu-

202 710 294 738 cem
313 699 542 751 propriam,
563 701 635 739 aut
657 709 732 750 per
752 695 1020 748 acquisitam,
1049 696 1124 734 aut
1149 704 1223 745 per

203 770 402 811 effectum
423 786 430 811 :
453 783 539 811 11011
572 781 647 822 per
678 769 869 808 innatam
884 799 893 816 ,
930 766 1029 819 quia
1048 766 1059 786 ¹
1086 764 1229 805 anima

202 847 341 884 creata
356 846 416 883 est
429 843 535 883 sicut
551 841 696 882 tabula
709 854 823 891 rasa;
845 852 933 880 non
952 851 1027 892 per
1046 837 1228 890 speciem

204 915 470 967 acquisitam,
502 913 601 967 quia
634 913 775 954 omnis
797 913 810 934 '²
838 911 994 965 species
1025 909 1229 962 acquisita

202 986 436 1039 acquiritur
446 985 657 1026 mediante
668 997 809 1035 sensu,
833 988 873 1025 et
891 981 1199 1035 imaginatione
1219 995 1227 1020 :

203 1059 274 1098 sed
292 1058 449 1110 species
464 1057 681 1098 charitatis
698 1069 786 1097 non
805 1056 915 1096 cadit
933 1056 977 1095 in
996 1066 1139 1105 sensu,
1155 1065 1231 1093 nec

203 1129 246 1169 in
265 1129 588 1180 imaginatione.

257 1200 361 1241 Item
382 1213 470 1241 non
484 1213 558 1254 per
575 1200 791 1251 effectum,
809 1198 909 1252 quia
926 1209 1054 1238 nemo
1072 1208 1231 1249 cogno-

205 1272 281 1312 scit
313 1283 388 1324 per
417 1271 617 1312 effectum
648 1271 833 1324 aliquid,
864 1270 946 1310 nisi
983 1269 1084 1309 sciat
1119 1267 1234 1321 quod

205 1355 330 1383 causa
348 1342 401 1383 sit
413 1342 526 1384 illius
544 1343 740 1393 effectus3
762 1342 877 1383 unde
891 1341 1037 1382 nullus
1050 1351 1231 1393 cognos-

205 1415 263 1455 cit
291 1427 366 1468 per
389 1416 564 1469 eclipsin
588 1414 952 1467 interpositionem
975 1416 1124 1462 terrae,
1153 1411 1235 1451 nisi

206 1487 308 1527 sciat
341 1488 456 1540 quod
486 1486 750 1540 interpositio
777 1489 838 1526 est
867 1485 983 1525 illius
1013 1496 1153 1524 causa.
1193 1482 1235 1523 Si

207 1570 311 1610 ergo
335 1571 409 1611 per
437 1559 636 1599 effectum
665 1557 905 1610 cognoscit,
928 1559 1092 1609 oportet
1123 1554 1235 1607 quod

207 1632 310 1672 sciat
322 1633 454 1685 prius,
469 1633 672 1686 quoniam
688 1631 801 1672 illius
818 1633 878 1671 est
893 1642 1018 1670 causa
1032 1628 1234 1678 charitas;

209 1707 250 1743 et
283 1703 341 1743 ita
377 1703 683 1756 praecognoscit
718 1702 964 1743 charitatem
988 1715 996 1741 :
1022 1712 1110 1740 non
1133 1711 1238 1751 ergo

209 1787 284 1827 per
305 1775 518 1816 effectum.
543 1775 587 1816 Si
607 1779 655 1816 tu
678 1774 789 1816 dicas
815 1773 928 1826 quod
948 1772 1166 1824 cognoscit
1194 1772 1236 1810 in

208 1846 279 1886 illa
300 1847 475 1888 veritate
502 1850 684 1897 aeterna;
720 1849 793 1886 aut
814 1846 895 1885 hoc
923 1844 1001 1884 erit
1031 1842 1238 1893 effective,

209 1922 283 1958 aut
302 1918 534 1959 formaliter
564 1934 572 1960 :
603 1918 637 1959 si
657 1918 860 1966 effective,
883 1916 941 1956 510
966 1915 1110 1956 omnia
1132 1926 1240 1966 cog-

209 1993 443 2030 noscuntur
487 1990 532 2030 in
563 2002 632 2041 ea,
676 2002 773 2042 quae
814 1988 959 2029 omnia
995 1987 1093 2027 facit
1137 1986 1241 2026 scire

209 2071 492 2113 quaecumque
522 2061 736 2111 sciuntur;
762 2060 796 2100 si
819 2063 962 2100 autem
987 2059 1238 2108 formaliter,

210 2131 298 2173 sive
331 2132 641 2185 exemplariter,
681 2144 784 2184 ergo
822 2131 990 2172 videtur
1025 2130 1138 2183 quod
1173 2129 1241 2170 vel

210 2199 417 2253 imprimit
453 2201 642 2254 aliquam
689 2200 872 2253 speciem
919 2199 964 2239 in
1000 2199 1240 2248 intellectu,

212 2272 281 2312 vel
318 2284 486 2313 necesse
531 2276 593 2313 est
643 2272 758 2325 quod
803 2272 895 2325 ipsa
952 2271 1106 2312 veritas
1125 2303 1135 2321 ,
1176 2268 1245 2310 vel

213 2343 429 2396 exemplar
477 2342 782 2395 conspiciatur,
823 2354 1008 2394 quorum
1060 2342 1243 2382 alterum

215 2416 277 2454 est
301 2426 428 2467 supra
449 2414 754 2466 improbatum,
776 2413 959 2453 alterum
979 2415 1124 2453 autem
1148 2424 1245 2452 ma-

217 2486 363 2526 nifeste
385 2485 539 2526 falsum
557 2488 635 2526 est.

271 2556 350 2598 Sed
371 2560 516 2598 contra
534 2572 542 2598 :
559 2557 801 2598 Peccatores
816 2556 1053 2597 desiderant
1069 2555 1246 2595 charita-

217 2630 304 2670 tem
327 2643 335 2670 :
356 2629 428 2670 sed
446 2629 589 2670 nullus
608 2629 813 2670 desiderat
827 2628 939 2681 quod
962 2640 1049 2668 non
1070 2638 1246 2679 cognos-

218 2700 286 2752 cit,
308 2700 409 2754 quia
438 2701 656 2753 incognita
674 2713 762 2742 non
784 2703 961 2754 possunt
973 2699 1114 2752 diligi,
1140 2700 1248 2739 sicut

219 2772 318 2813 dicit
352 2773 623 2825 Augustinus
657 2775 704 2813 ³:
739 2785 842 2825 ergo
877 2772 954 2825 ipsi
988 2773 1250 2824 cognoscunt

220 2845 485 2886 charitatem.

275 2916 394 2966 ltem,
410 2916 562 2970 aliquis
578 2916 740 2957 habens
760 2915 1008 2956 charitatem
1027 2917 1162 2968 potest
1175 2914 1248 2954 ha-

222 2988 322 3028 bere
349 2989 637 3041 cognitionem
662 2988 712 3029 de
741 2987 812 3028 illa
837 3002 845 3027 :
879 2988 949 3028 sed
977 2999 1103 3028 omne
1136 2985 1251 3039 quod

223 3060 331 3100 cadit
348 3060 393 3100 in
412 3060 626 3101 intellectu
652 3059 992 3113 apprehendente
1010 3091 1020 3108 ,
1051 3062 1187 3112 potest
1206 3058 1251 3098 in

223 3131 429 3171 memoria
456 3132 696 3173 conservari
732 3146 740 3171 :
778 3134 963 3184 ponatur
995 3143 1099 3183 ergo
1134 3129 1247 3183 quod

222 3201 492 3256 imprimatur
505 3204 597 3245 haec
614 3203 802 3255 cognitio
824 3202 1060 3252 memoriae,
1085 3205 1125 3243 et
1139 3201 1252 3255 quod

225 3274 397 3315 demum
418 3275 537 3316 cadat
556 3289 580 3316 a
603 3275 819 3325 charitate,
842 3278 1001 3315 constat
1027 3275 1141 3328 quod
1160 3274 1254 3326 lap—

227 3357 300 3385 sus
326 3358 352 3385 a
383 3345 586 3386 charitate
619 3346 873 3387 memoriam
904 3347 996 3398 ejus
1024 3346 1201 3386 retinuit
1241 3359 1249 3385 :

271 3479 282 3500 ¹
304 3478 418 3517 Arist.,
437 3477 476 3509 de
499 3477 643 3516 Anima,
670 3478 728 3509 lib.
758 3478 821 3517 111,
847 3479 940 3508 00111.
963 3478 1013 3508 14.
1035 3494 1073 3499 -
1104 3478 1118 3498 ²
1139 3477 1253 3517 Idem,

230 3525 327 3567 ibid„
347 3528 482 3557 contex.
509 3527 561 3556 59.
574 3543 615 3548 —
629 3526 807 3566 ³August.,
828 3525 867 3556 de
889 3524 994 3564 Trin„
1013 3525 1071 3556 lib.
1091 3528 1136 3565 X,
1159 3534 1187 3556 0.
1204 3533 1253 3565 xi,

229 3584 265 3606 n.
297 3575 347 3606 18.
379 3590 419 3596 —
451 3574 464 3595 ⁴
497 3575 653 3615 August„
678 3573 717 3605 de
749 3574 883 3613 Trinit„
919 3572 977 3604 lib.
1009 3573 1077 3615 XI,
1104 3583 1133 3604 0.
1166 3581 1253 3614 vm,

472 3645 502 3674 1.
523 3645 626 3675 Tou.

2244 240 2321 277 289

1297 346 1401 386 ergo
1432 332 1571 374 adhuc
1601 329 1816 383 cognoscit
1844 339 1939 368 eam
1972 339 1981 366 :
2009 339 2112 378 ergo
2142 327 2323 367 charitas

1298 411 1432 462 potest
1451 405 1646 458 cognosci
1667 417 1691 444 a
1710 416 1796 444 non
1813 402 2008 442 habente.

1353 479 1471 529 Item,
1494 478 1529 517 si
1549 476 1730 517 charitas
1754 473 2024 525 cognoscitur
2045 471 2097 512 ab
2117 471 2298 513 habente
2311 505 2322 524 ,

1300 554 1374 592 aut
1395 551 1474 590 1100
1493 551 1553 589 051
1578 559 1653 600 per
1675 545 1912 595 essentiam,
1939 545 2011 583 aut
2034 555 2109 595 per
2129 542 2327 583 similitu-

1301 623 1443 663 dinem
1463 635 1470 661 :
1488 631 1563 673 per
1583 617 1806 658 essentiam
1825 628 1926 665 non,
1948 616 2129 664 constat,
2147 613 2216 654 sed
2230 626 2328 666 pro-

1300 694 1425 734 batur
1452 690 1568 745 quod
1605 701 1680 742 per
1709 686 2057 736 similitudinem,
2091 685 2191 737 quia
2224 684 2330 724 nihil

1302 764 1517 817 cognoscit
1535 760 1772 802 intellectus
1793 758 1874 798 nisi
1886 758 1938 797 ab
1955 756 2026 797 illo
2047 756 2327 796 informetur:

1301 837 1373 877 sed
1399 834 1582 876 charitas
1610 831 1780 872 habitus
1812 832 1874 870 est
1903 828 2076 869 affectus
2098 830 2151 878 (α)
2182 842 2190 868 :
2221 839 2326 878 ergo

1302 907 1536 949 secundum
1565 903 1791 945 essentiam
1821 902 1938 941 illam
1964 913 2053 941 non
2084 899 2324 952 egreditur3

1304 992 1407 1032 ergo
1427 979 1462 1019 si
1484 977 1632 1019 unitur
1658 973 1889 1016 intellectui
1910 975 1950 1013 et
1967 972 2091 1012 illum
2114 971 2332 1021 informat,

1304 1052 1383 1092 hoc
1403 1054 1464 1092 est
1483 1062 1557 1103 per
1571 1046 1891 1089 similitudinem
1907 1059 1915 1095 3
1930 1047 1970 1085 et
1990 1044 2082 1084 haec
2104 1042 2336 1084 similitudo

1305 1124 1441 1176 potest
1473 1120 1622 1162 haberi
1660 1132 1684 1160 a
1721 1130 1809 1159 non
1832 1116 2015 1157 habente
2050 1115 2300 1156 charitatem
2326 1128 2333 1153 :

1306 1204 1425 1243 ergo,
1454 1194 1532 1231 etc.

1360 1264 1481 1313 Item,
1503 1260 1773 1315 Augustinus
1795 1258 1910 1309 dicit,
1933 1257 1986 1299 XI
2006 1257 2056 1299 de
2082 1256 2291 1299 Trim'tate
2308 1259 2337 1305 ⁴,

1308 1336 1420 1391 quod
1441 1336 1493 1377 ad
1511 1335 1591 1375 hoc
1610 1333 1723 1387 quod
1742 1332 1980 1372 intellectus
2001 1329 2211 1381 intelligat
2227 1328 2341 1381 quod

1309 1412 1369 1449 est
1390 1409 1435 1448 in
1453 1406 1674 1455 memoria,
1692 1416 1859 1445 necesse
1877 1406 1938 1443 est
1951 1402 2085 1443 aciem
2106 1400 2343 1441 intellectus

1308 1479 1529 1520 informari
1549 1494 1556 1519 :
1579 1489 1682 1529 ergo
1714 1476 1849 1516 multo
1875 1474 2030 1514 fortius
2058 1473 2110 1513 ad
2129 1473 2211 1512 hoc
2230 1471 2344 1524 quod

1310 1551 1517 1602 intelligat
1536 1549 1649 1602 quod
1669 1550 1730 1588 est
1750 1547 1795 1587 in
1814 1546 2033 1587 voluntate
2053 1559 2061 1584 :
2082 1555 2203 1596 ergo,
2226 1543 2259 1582 si
2279 1543 2346 1582 in-

1310 1622 1463 1674 telligit
1498 1621 1768 1670 charitatem,
1813 1618 2070 1658 informatur
2110 1615 2347 1655 intellectus

1312 1694 1481 1746 aliquo:
1516 1696 1556 1733 et
1585 1704 1671 1732 non
1706 1690 1940 1731 substantia
1970 1686 2212 1729 charitatis:
2244 1697 2347 1737 ergo

1313 1764 1588 1806 similitudine
1612 1778 1620 1805 :
1645 1775 1749 1815 ergo
1772 1762 1886 1803 idem
1904 1760 2015 1814 quod
2038 1759 2171 1813 prius,

1680 1934 1983 1977 CONCLUSIO.

1318 2044 1484 2080 Charitas
1504 2043 1734 2089 emperientiae
1748 2042 1950 2086 cognitione
1970 2049 2040 2074 71οη
2052 2040 2171 2084 potest
2192 2039 2352 2083 cognosci

1360 2107 1601 2150 praeterquam
1614 2102 1658 2137 ab
1671 2102 1820 2137 habente
1833 2113 1843 2144 3
1860 2099 2115 2146 speculationis
2128 2107 2221 2140 vero,
2242 2097 2349 2132 etiam

1366 2175 1388 2200 a
1405 2175 1476 2199 71οη
1497 2164 1659 2199 habente.

1373 2268 1496 2322 Resp.
1519 2268 1570 2309 ad
1588 2271 1687 2320 Arg.
1710 2265 1959 2315 Dicendum,
1977 2263 2091 2317 quod
2108 2260 2351 2313 cognitione

1319 2340 1591 2394 experientiae
1624 2351 1711 2379 non
1741 2337 2014 2390 cognoscitur
2040 2333 2237 2383 charitas,
2270 2331 2351 2371 11151

1319 2413 1371 2453 ab
1400 2413 1605 2461 habente3
1634 2410 1878 2463 cognitione
1906 2420 2008 2449 vero
2036 2403 2349 2459 speculationis,

1320 2487 1485 2525 certum
1504 2486 1566 2524 est
1585 2482 1782 2534 cognosci
1802 2480 2050 2521 charitatem
2077 2477 2202 2518 etiam
2223 2489 2247 2516 a
2266 2487 2353 2515 non

2398 2270 2516 2298 Conclu-

2341 2331 2348 2338 .
2383 2313 2423 2339 sio
2450 2321 2512 2339 cuni

2391 2354 2514 2390 explica-

2373 2396 2448 2422 tione
2463 2404 2514 2431 pro

2383 2444 2459 2470 resp.
2479 2435 2514 2461 ad

2389 2485 2450 2512 arg.
2478 2477 2506 2502 in

2322 2547 2328 2553 ,
2387 2526 2488 2553 oppos.

1319 2556 1515 2596 habente.
1562 2554 1710 2594 Modus
1748 2556 1893 2594 autem
1930 2552 2063 2604 hujus
2101 2547 2355 2600 cognitionis

1321 2641 1406 2669 non
1428 2630 1563 2681 potest
1583 2639 1671 2668 esse
1691 2638 1766 2679 per
1786 2624 2002 2666 charitatis
2018 2622 2256 2669 essentiam,
2278 2631 2356 2659 nec

1322 2712 1397 2752 per
1425 2697 1749 2739 similitudinem
1782 2710 1807 2737 a
1841 2695 2038 2736 sensibus
2074 2691 2353 2745 acquisitam:

1323 2783 1428 2823 ergo
1448 2782 1616 2811 necesse
1645 2772 1705 2810 est
1729 2768 1843 2821 quod
1868 2768 1920 2807 sit
1939 2779 2013 2820 per
2032 2763 2357 2805 similitudinem

1323 2843 1523 2890 infusam,
1549 2843 1615 2882 vel
1645 2842 1863 2881 innatam:
1896 2842 2078 2890 utraque
2099 2839 2242 2876 autem
2261 2846 2358 2887 quae

1324 2914 1384 2954 510
1414 2917 1733 2966 cognoscuntur
1763 2913 1815 2953 ab
1850 2910 2038 2958 homine,
2074 2908 2276 2949 dicuntur
2306 2906 2358 2946 ab

1325 2986 1568 3038 Augustino
1615 2984 1815 3037 cognosci
1831 2983 1877 3023 in
1896 2981 2071 3023 veritate
2091 2981 2265 3029 aeterna,
2285 2981 2359 3018 aut

1326 3059 1427 3111 quia
1459 3058 1616 3098 veritas
1657 3055 1946 3108 cognitionem
1989 3051 2197 3100 infundit,
2236 3051 2286 3090 ut
2315 3049 2359 3089 in

1327 3130 1542 3183 prophetis
1555 3144 1564 3179 ;
1583 3131 1655 3169 aut
1669 3127 1767 3180 quia
1782 3139 1805 3167 a
1822 3125 2061 3166 conditione
2076 3121 2356 3176 imprimitur,

1328 3202 1561 3242 secundum
1585 3200 1691 3240 illud
1720 3197 1950 3238 Psalmistae
1965 3201 1978 3223 ⁶
2001 3211 2008 3237 :
2045 3195 2277 3249 Sz'qnatum
2302 3196 2361 3233 esc

1328 3285 1538 3327 supernos
1550 3273 1688 3314 lumen
1704 3271 1842 3313 vultus
1858 3271 1938 3320 ῐιιῑ,
1956 3270 2148 3317 Domine,
2163 3270 2238 3307 etc.
2258 3264 2359 3304 Cha—

1329 3347 1430 3386 ritas
1449 3349 1594 3386 autem
1615 3356 1702 3384 non
1731 3342 2001 3395 cognoscitur
2020 3353 2044 3381 a
2071 3336 2360 3393 peccatoribus

1330 3429 1405 3470 per
1418 3417 1599 3470 speciem
1615 3415 1801 3455 infusam
1819 3429 1827 3455 :
1852 3425 1956 3466 ergo
1974 3414 2138 3465 oportet
2151 3408 2266 3462 quod
2286 3418 2361 3459 per

1331 3533 1366 3556 11.
1392 3526 1442 3555 15.
1465 3540 1505 3546 —
1523 3522 1536 3544 ⁵
1555 3521 1652 3560 1bz‘d.‚
1683 3521 1741 3552 lib.
1765 3520 1846 3560 xli,
1877 3529 1952 3559 cap.
1980 3526 2049 3555 XIV,
2075 3526 2110 3548 11.
2135 3518 2187 3547 23.
2206 3532 2247 3538 -
2268 3513 2281 3532 ⁶
2306 3514 2359 3544 Ps.

1333 3580 1379 3613 w,
1401 3573 1481 3603 7.—-
1498 3571 1544 3613 (a)
1565 3569 1653 3602 Add.
1673 3579 1734 3601 seu
1752 3568 1950 3600 voluntatis.

2178 3625 2228 3663 19
