2613 3990
322 192 399 233 178

317 294 415 322 rum
444 281 656 321 linearum
677 293 685 319 :
715 290 833 330 ergo,
857 276 890 317 si
909 276 998 316 istae
1017 275 1238 316 relationes
1256 286 1343 314 non

318 356 418 394 sunt
446 351 709 399 distinctim,
730 348 897 390 videtur
919 347 1109 387 similiter
1135 345 1246 398 quod
1266 357 1342 385 nec

318 423 545 478 paternitas
564 425 604 463 et
623 420 781 461 filiatio.

373 494 414 536 Si
434 495 558 542 dicem,
581 492 693 546 quod
717 502 805 531 non
835 501 982 530 omnes
1010 488 1234 529 relationes
1256 486 1343 526 dis-

320 567 538 619 tinguunt,
563 565 634 604 sed
654 563 791 604 solum
818 564 994 610 mutuae,
1025 563 1069 601 ut
1088 558 1344 612 principium

321 641 358 678 et
388 636 702 690 principiatum,
736 633 832 674 finis
865 636 906 674 et
939 632 1129 681 finitum3
1166 633 1341 670 contra:

322 708 442 749 Pater
456 711 493 748 et
513 707 645 747 Filius
660 718 703 745 56
721 705 894 753 habeut,
911 707 959 744 ut
972 702 1210 753 intelligens
1227 704 1266 741 et
1286 701 1347 740 iu-

319 781 545 828 tellectum,
568 782 616 819 ut
635 778 734 819 dicit
753 777 1009 818 Anselmus¹
1030 790 1038 816 z
1062 775 1132 815 sed
1152 774 1262 814 idem
1276 785 1347 826 po-

320 855 397 893 test
408 864 496 892 esse
511 850 763 902 intelligens,
778 852 819 889 et
835 848 1093 889 intellectum
1108 860 1116 885 ε
1134 856 1253 896 ergo,
1267 846 1345 884 etc.

373 928 411 965 ὅ.
435 924 552 974 Item,
575 925 710 976 maj0r
732 926 794 963 est
813 920 1098 975 repugnantia
1116 919 1161 958 in
1182 921 1347 958 contra-

319 998 405 1048 riis,
424 1009 552 1050 quam
568 997 614 1036 in
629 995 839 1036 relativis:
854 994 925 1035 56(1
939 992 1085 1033 albedo
1101 994 1141 1032 et
1154 990 1346 1043 nigredo,

319 1082 416 1123 qua}
437 1072 535 1110 sunt
563 1068 794 1118 contraria,
818 1078 906 1107 non
929 1065 1088 1105 faciunt
1118 1062 1348 1103 distinctio-

320 1155 419 1183 nem
439 1142 548 1182 circa
578 1139 773 1189 Petrum,
804 1138 905 1191 quia
928 1137 1040 1177 idem
1063 1137 1197 1188 potest
1223 1134 1350 1174 modo

320 1225 409 1253 esse
435 1213 570 1261 albus,
593 1211 718 1252 modo
742 1210 895 1262 niger:
919 1220 1023 1260 ergo
1043 1207 1177 1248 multo
1202 1205 1351 1247 fortius

321 1297 434 1325 unus
448 1285 490 1323 in
505 1284 659 1325 divinis
682 1282 807 1323 modo
829 1281 906 1322 erit
924 1283 1056 1334 pater,
1076 1279 1201 1320 modo
1221 1277 1347 1318 filius.

374 1359 413 1396 (5.
436 1355 540 1396 Item
560 1354 785 1408 quaeritur,
814 1364 944 1406 quare
964 1351 1104 1405 potius
1128 1349 1351 1390 relationes

320 1427 480 1468 faciunt
499 1426 813 1467 distinctionem
833 1434 1026 1477 personae
1054 1433 1185 1474 quam
1210 1432 1352 1460 essen-

322 1499 406 1550 tiae,
430 1511 528 1539 cum
547 1509 670 1551 aeque
697 1497 804 1538 bene
822 1495 984 1549 possint
1007 1506 1095 1535 esse
1118 1493 1261 1546 plures
1281 1504 1349 1533 es-

324 1572 486 1623 sentiae,
504 1571 573 1613 vel
592 1573 772 1621 naturae,
804 1569 849 1609 in
867 1580 955 1610 una
983 1578 1179 1620 persona,
1203 1565 1310 1606 sicut·
1330 1577 1352 1605 e

323 1656 541 1685 converso.

684 1722 983 1766 CONCLUSIO.

327 1808 515 1844 Generatio
546 1809 587 1842 in
619 1806 754 1841 divinis
788 1806 880 1849 facit
916 1803 1049 1839 realem
1089 1802 1354 1837 distinctionem

371 1869 468 1902 inte-r
485 1868 710 1912 generantem
731 1868 764 1901 et
783 1866 961 1910 qenitam,
985 1864 1110 1898 contra
1130 1861 1330 1897 sabellium
1341 1872 1352 1905 3

373 1937 443 1962 non
463 1929 581 1962 tamen
597 1925 829 1968 essentialem,
847 1926 971 1960 contra
990 1922 1123 1958 Arium
1145 1920 1210 1968 (a).
1319 1966 1336 1982 ⁶

379 2003 502 2057 Resp.
524 2005 576 2045 ad
601 2016 695 2056 arg.
728 2002 977 2052 Dicendum,
999 1999 1113 2054 quod
1135 1997 1355 2051 generatio

326 2076 371 2116 in
394 2075 564 2126 divinis,
595 2075 703 2116 sicut
732 2078 948 2115 ostensum
971 2074 1046 2123 est,
1074 2071 1172 2111 facit
1198 2069 1356 2110 realem

327 2146 636 2188 distinctionem
663 2146 773 2186 inter
806 2146 1081 2198 generantem
1113 2144 1153 2182 et
1176 2153 1355 2193 genera-

328 2221 437 2270 tum,
463 2230 551 2259 non
569 2217 818 2258 rationalem
841 2216 909 2257 vel
937 2212 1262 2255 intellectualem
1285 2224 1356 2252 so-

328 2289 436 2341 lum,
458 2290 566 2330 sicut
581 2289 686 2329 dixit
703 2287 925 2338 Sabellius,
948 2286 1018 2327 sed
1035 2285 1206 2334 realem,
1227 2295 1359 2336 quan-

329 2364 422 2402 tum
448 2361 498 2401 ad
519 2371 756 2413 personam,
780 2371 867 2399 non
896 2360 1108 2411 quantum
1135 2356 1187 2396 ad
1217 2366 1359 2395 essen-

330 2433 447 2483 tiam,
482 2432 589 2472 sicut
618 2431 718 2472 dicit
736 2431 878 2472 Arius.
908 2428 1027 2478 Quod
1045 2428 1104 2468 sic
1123 2429 1261 2480 patet:
1286 2424 1360 2466 Ge-

331 2504 508 2553 nerano,
531 2504 575 2544 in
594 2502 810 2551 creaturis,
833 2501 932 2542 dicit
949 2499 1263 2541 emanationem
1286 2509 1360 2550 per

332 2576 508 2617 modum
536 2574 726 2625 actionis,
762 2574 852 2615 sive
883 2571 1152 2621 mutationis3
1189 2570 1235 2610 in
1260 2569 1358 2619 Deo,

332 2648 641 2690 emanationem
653 2659 726 2700 per
736 2646 912 2686 modum
922 2643 1148 2685 relationis.
1167 2641 1215 2682 In
1230 2653 1362 2694 quan-

333 2724 427 2761 tum
455 2719 569 2760 enim
602 2717 813 2759 emanatio
843 2716 941 2758 dicit
963 2715 1274 2756 distinctionem
1293 2725 1363 2753 ra-

334 2791 447 2832 tione
465 2790 758 2838 emanationis,
781 2791 842 2829 est
860 2787 1094 2837 distinctim
1118 2785 1233 2838 quia,
1256 2785 1364 2825 sicut

337 2864 436 2905 dicit
462 2863 730 2913 Anselmus2,
759 2873 837 2902 nec
865 2860 1101 2900 intellectus
1132 2858 1258 2911 capit,
1288 2869 1365 2897 nec

337 2938 490 2976 natura
508 2934 727 2988 permittit,
749 2932 871 2973 illum
898 2931 973 2984 qui
999 2933 1060 2971 est
1084 2930 1136 2970 ab
1156 2929 1253 2979 alio,
1276 2940 1365 2968 esse

337 3006 459 3047 illum
491 3020 515 3047 a
546 3019 631 3059 quo
661 3008 738 3054 est,
773 3004 1008 3045 secundum
1039 3001 1152 3055 quod
1188 3001 1365 3054 positive

339 3079 491 3119 (licitur
509 3078 663 3131 aliquis
681 3089 770 3118 esse
795 3076 847 3117 ab
866 3075 947 3116 alio
967 3087 977 3115 :
1010 3085 1109 3114 nam
1138 3071 1260 3112 Pater
1278 3071 1366 3124 pri-

339 3150 479 3190 vative
503 3148 657 3189 dicitur
683 3160 771 3189 esse
797 3160 822 3188 a
840 3159 898 3196 se,
919 3146 961 3186 id
981 3148 1056 3196 est,
1078 3157 1165 3185 non
1189 3144 1242 3184 ab
1267 3143 1363 3184 alio.

341 3220 388 3261 In
408 3223 617 3273 quantum
637 3223 779 3260 autem
798 3218 892 3259 talis
910 3217 1120 3258 emanatio
1146 3215 1264 3269 ponit
1281 3214 1366 3255 dis-

340 3290 602 3341 tinctionem,
616 3291 663 3344 (b)
679 3290 725 3330 in
735 3302 914 3343 persona
924 3302 934 3341 3
946 3287 1164 3341 generatio
1178 3286 1294 3327 enim
1306 3288 1367 3326 est

384 3419 396 3440 ¹
409 3416 572 3454 Ansclm„
593 3415 756 3456 Monoloq.
778 3425 806 3446 c.
823 3423 880 3447 Lx.
895 3433 936 3438 —
949 3416 963 3436 ²
976 3415 1067 3447 Idem
1080 3439 1088 3455 ,
1109 3414 1147 3445 cle
1167 3413 1367 3455 precessione

343 3467 463 3507 Spirit.
480 3464 607 3503 sancti,
626 3465 703 3504 post
719 3462 863 3504 princip.
890 3462 1005 3495 Simile
1024 3462 1127 3494 habet
1147 3461 1182 3493 in
1200 3459 1364 3500 Monoloq.

343 3523 373 3546 c.
388 3521 522 3546 xxxvii.

1079 185 1491 228 SENTENTIARUM
1519 185 1616 226 LlB.
1651 184 1681 225 I.

1417 274 1636 327 productio
1665 271 1954 313 convenientis
1986 271 2032 311 in
2062 274 2242 313 natura:
2282 271 2443 312 ratione

1418 345 1550 396 igitur
1580 347 1748 384 natura}
1790 355 1875 383 non
1919 343 2053 394 potest
2084 354 2171 383 6556
2205 342 2413 383 distinctio
2435 356 2442 382 :

1418 427 1521 467 ergo
1540 415 1608 456 vel
1636 415 1718 455 erit
1737 414 1899 455 ratione
1919 412 2143 465 suppositi,
2167 413 2235 454 vel
2263 412 2449 466 proprie-

1418 485 1512 525 tatis
1530 500 1538 525 :
1553 485 1585 524 si
1598 484 1875 538 proprietatis,
1893 486 1966 523 aut
1980 483 2183 523 absolutae
2196 483 2261 535 (c),
2278 485 2351 523 aut
2363 495 2448 522 res-

1419 556 1592 608 pectivae
1614 571 1622 596 z
1644 568 1728 597 non
1747 555 1951 596 absolutae
1966 586 1975 603 ,
2004 555 2104 607 quia
2123 557 2226 594 tunc
2243 557 2350 595 esset
2368 554 2452 594 dis-

1421 627 1565 668 tinctio
1584 628 1628 667 in
1650 630 1822 676 natura;
1844 625 2194 677 necrespectivae,
2215 627 2366 677 utputa
2384 637 2452 666 re-

1420 699 1601 750 lationis,
1623 700 1723 752 quia
1742 699 1785 738 in
1805 698 2005 751 relatione
2031 697 2266 737 secundum
2297 708 2340 736 se
2363 708 2449 736 non

1421 773 1483 810 est
1502 773 1643 810 motus
1662 770 1706 810 in
1733 769 1935 810 creaturis
1948 801 1958 820 ,
1981 780 2057 808 nec
2078 768 2199 820 origo
2219 767 2262 807 in
2280 766 2451 818 divinis3

1422 840 1534 880 unde
1549 840 1692 880 filiatio
1705 852 1792 881 non
1807 842 2050 892 generatur,
2071 838 2151 878 nisi
2165 838 2208 877 in
2225 837 2306 878 alio
2325 852 2333 878 :
2352 849 2455 888 ergo

1422 924 1590 952 necesse
1617 914 1679 951 est
1704 912 1815 964 quod
1841 912 1893 951 sit
1921 910 2134 951 distinctio
2154 909 2197 949 in
2218 908 2452 962 supposito.

1423 982 1624 1023 Similiter
1663 983 1826 1022 ratione
1871 982 2086 1022 relationis
2124 984 2185 1021 est
2225 979 2452 1029 distinctio,

1424 1054 1523 1106 quia
1543 1054 1648 1094 nihil
1667 1055 1718 1094 ad
1739 1066 1782 1094 se
1803 1054 1996 1105 refertur,
2019 1066 2096 1094 nec
2113 1052 2346 1093 ordinatur.
2371 1050 2451 1091 Ra-

1424 1129 1537 1169 tione
1566 1141 1669 1170 vero
1689 1128 1783 1168 talis
1801 1128 2019 1169 relationis
2048 1131 2110 1168 est
2129 1126 2337 1168 distinctio
2359 1138 2456 1178 per-

1425 1200 1592 1251 sonalis,
1615 1200 1715 1252 quia
1741 1211 1946 1251 generare
1974 1202 2014 1240 et
2036 1199 2248 1251 generari,
2272 1210 2370 1238 cum
2391 1197 2457 1237 di-

1425 1275 1522 1313 cant
1548 1271 1795 1312 relationem
1815 1283 1889 1324 per
1909 1271 2085 1311 modum
2104 1271 2280 1312 actionis
2299 1273 2339 1310 et
2359 1282 2456 1323 pas-

1425 1345 1568 1394 sionis,
1591 1344 1735 1385 dicunt
1763 1343 1921 1384 camin
1948 1343 2175 1396 supposito,
2208 1346 2248 1383 et
2267 1345 2459 1395 respectu

1426 1416 1644 1470 suppositi.
1665 1415 1715 1456 Et
1734 1415 1842 1466 ideo,
1863 1415 1963 1468 quia
1979 1415 2124 1455 relatio
2139 1415 2248 1455 inter
2265 1417 2456 1455 extrema

1426 1491 1543 1529 notat
1565 1487 1890 1537 distinctionem,
1912 1489 2024 1539 patet
2044 1487 2158 1539 quod
2175 1486 2382 1527 distinctio
2397 1488 2459 1526 est

1426 1560 1484 1600 ibi
1511 1559 1842 1613 suppositorum.
1872 1557 1946 1599 His
1966 1558 2080 1609 visis,
2104 1560 2217 1611 patet
2234 1558 2353 1599 facile
2373 1558 2456 1599 sol-

1426 1644 1527 1674 vere
1547 1631 1598 1672 ad
1618 1631 1799 1684 objecta.
2132 1682 2133 1687 1

1482 1706 1520 1742 l.
1556 1700 1675 1750 Quod
1694 1714 1797 1754 ergo
1824 1701 2049 1754 objicitur:
2073 1699 2194 1740 Pater
2217 1700 2457 1740 communi-

1428 1777 1493 1815 cat
1510 1774 1615 1814 Filio
1634 1777 1771 1815 totum
1791 1774 1905 1826 quod
1920 1773 2061 1823 habet,
2083 1784 2236 1814 verum
2257 1775 2331 1821 est,
2354 1784 2459 1825 prae-

1428 1849 1491 1887 ter
1508 1846 1845 1899 generationem,
1869 1847 1908 1885 et
1927 1844 2211 1897 generationis
2228 1843 2461 1885 distinctio—

1428 1930 1543 1959 nem.
1566 1917 1660 1971 lpsa
1680 1918 1794 1958 enim
1815 1917 1921 1957 ratio
1941 1915 2284 1957 communicandi
2303 1915 2373 1956 dat
2391 1915 2461 1955 in-

1429 1990 1619 2042 telligere
1640 1989 1965 2038 distinctionem,
1987 1988 2088 2041 quia
2107 1986 2249 2028 nullus
2269 1999 2462 2027 commu-

1429 2063 1542 2102 nicat
1560 2062 1654 2113 sibi,
1685 2061 1753 2102 sed
1780 2061 1849 2101 alii
1871 2075 1879 2101 :
1903 2064 1943 2101 et
1960 2060 2052 2101 ideo
2071 2059 2128 2111 id,
2147 2059 2191 2099 in
2209 2071 2294 2112 quo
2314 2058 2463 2100 distin-

1431 2134 1539 2186 guit,
1561 2146 1649 2174 non
1669 2132 1970 2174 communicat.

1484 2209 1523 2246 2.
1540 2206 1602 2246 Ad
1614 2205 1717 2246 illud
1729 2204 1842 2257 quod
1859 2203 2071 2257 oincitur,
2089 2202 2202 2255 quod
2221 2214 2343 2255 aeque
2362 2201 2461 2241 sim-

1432 2278 1530 2331 plex
1549 2280 1610 2318 est
1628 2289 1822 2331 persona,
1840 2279 1888 2316 ut
1900 2275 2093 2326 essentia,
2110 2273 2334 2315 dicendum
2349 2274 2464 2327 quod

1432 2349 1675 2403 simplicitas
1695 2348 1886 2389 essentiae
1903 2349 1965 2388 est
1978 2346 2092 2399 quod
2109 2346 2222 2386 sitin
2238 2346 2434 2399 pluribus
2451 2358 2461 2385 ε

1433 2421 1503 2463 sed
1522 2420 1766 2474 simplicitas
1783 2418 1988 2472 suppositi
2015 2419 2077 2458 est
2100 2417 2213 2470 quod
2233 2429 2321 2457 non
2349 2416 2401 2456 sit
2421 2416 2466 2456 in

1433 2493 1640 2547 pluribus..
1663 2490 1771 2533 Nam
1789 2490 2060 2544 suppositum
2074 2489 2162 2530 sive
2176 2488 2462 2540 individuum,

1435 2567 1646 2617 quantum
1674 2566 1736 2604 est
1764 2563 1813 2604 de
1840 2574 1897 2613 se,
1929 2561 2082 2603 dicitur
2101 2572 2189 2602 esse
2208 2559 2321 2613 quod
2341 2561 2402 2600 est
2421 2559 2466 2599 in

1436 2648 1523 2676 uno
1542 2635 1628 2675 solo
1647 2649 1655 2675 2
1680 2634 1775 2675 ideo
1793 2645 1881 2674 non
1901 2635 1961 2674 est
1980 2632 2133 2673 simile.

1491 2710 1529 2748 3.
1552 2706 1617 2747 Ad
1645 2706 1747 2746 illud
1768 2705 1880 2759 quod
1910 2704 2121 2757 objicitur,
2141 2702 2254 2756 quod
2272 2702 2385 2743 idem
2405 2705 2466 2743 est

1436 2778 1629 2827 essentia,
1652 2780 1692 2818 et
1708 2789 1901 2831 persona,
1925 2775 2149 2817 dicendum
2166 2774 2293 2827 quod,
2311 2786 2465 2827 quam-

1436 2850 1501 2891 vis
1518 2849 1603 2889 sint
1618 2849 1745 2899 idem,
1766 2860 1854 2889 non
1866 2851 2010 2888 tamen
2025 2848 2124 2887 sunt
2136 2846 2188 2886 ad
2204 2845 2317 2886 idem
2337 2860 2344 2886 :
2366 2846 2465 2898 quia

1437 2933 1617 2974 persona
1635 2923 1697 2961 est
1713 2920 1763 2960 ad
1784 2920 1938 2969 alium3
1958 2919 2051 2960 ideo
2069 2920 2259 2970 generat,
2276 2920 2316 2957 et
2335 2917 2463 2957 refer-

1437 2996 1507 3033 tur
1528 3007 1536 3034 z
1559 2992 1738 3033 essentia
1755 3003 1856 3033 vero
1891 3002 1996 3040 non;
2027 2989 2120 3029 ideo
2151 2988 2331 3029 essentia
2350 2999 2465 3028 com-

1438 3064 1696 3114 municatur,
1731 3065 1771 3104 et
1808 3073 1985 3115 persona
2016 3060 2306 3113 distinguitur.
2350 3058 2467 3100 Sicut

1439 3147 1557 3188 ergo,
1588 3134 1784 3188 quamvis
1811 3134 1922 3174 idem
1942 3133 1995 3173 sit
2015 3132 2059 3172 in
2079 3131 2200 3172 Patre
2229 3130 2407 3172 essentia
2426 3132 2467 3171 et

1438 3219 1631 3261 persona,
1671 3209 1815 3247 tamen
1847 3216 2026 3258 persona
2057 3206 2248 3256 generat,
2288 3201 2466 3244 essentia

1439 3291 1555 3329 non;
1585 3277 1644 3318 sic
1669 3290 1691 3318 e
1719 3288 1934 3327 converso,
1968 3276 2145 3316 essentia
2173 3274 2465 3316 communica-

1439 3353 1525 3401 tur,
1546 3352 1587 3390 et
1606 3360 1784 3402 persona
1803 3359 1904 3388 non.

1483 3458 1524 3499 (a)
1547 3457 1601 3488 Al.
1616 3457 1769 3497 Arrium,
1788 3457 1820 3487 et
1839 3455 1886 3487 sic
1907 3454 2132 3496 deinceps.—
2153 3453 2194 3496 (b)
2217 3452 2334 3494 Suppl.
2354 3451 2464 3493 ponit.

1437 3523 1479 3530 —
1499 3507 1536 3548 (c)
1551 3506 1634 3538 Caet.
1650 3504 1732 3537 edit.
1750 3503 1916 3545 absolute,
1933 3506 1990 3535 aut
2002 3502 2205 3544 respective,
2219 3504 2250 3533 et
2268 3501 2316 3532 sz'c
2334 3498 2463 3531 deinde.
