2613 3990
80 2921 183 2956 Opinio

43 2962 174 2990 aliorum.

702 224 830 266 DIST.
862 224 984 265 XVII.
1018 221 1168 263 PART.
1202 220 1253 261 II.

194 327 268 369 per
289 316 506 368 peccatum
524 315 724 356 mortale:
741 314 811 355 sed
825 313 905 353 1100
918 324 1006 352 000
1025 313 1085 352 051
1101 310 1214 351 aliud

194 399 325 440 quam
342 387 590 428 charitatem
610 386 698 428 tolli
721 401 729 426 :
749 397 874 437 ergo,
898 386 974 424 etc.

248 458 352 498 Item
377 470 502 498 omne
521 458 623 498 illud
645 457 758 510 quod
778 455 978 495 diminuit
1007 454 1187 493 alterum
1204 485 1213 503 ,

195 532 256 571 est
274 530 335 570 illi
364 530 604 582 oppositum
626 545 633 569 :
657 529 726 569 sed
745 527 907 567 veniale
929 558 937 574 ,
960 526 1029 566 vel
1054 524 1216 576 cupidi-

194 603 257 641 tas
271 601 359 641 sive
375 599 713 653 concupiscentia
732 598 835 638 citra
855 596 987 637 Deum
1000 628 1009 646 ,
1033 608 1118 635 non
1138 607 1217 647 op-

195 672 370 725 ponitur
389 671 596 721 charitati,
618 670 750 709 immo
768 672 828 708 est
848 667 1025 708 omnino
1042 666 1103 706 illi
1122 678 1218 706 con-

195 744 365 795 tingens
385 757 393 783 :
416 754 519 794 ergo
538 754 622 781 non
642 739 910 781 diminuitur.

250 814 369 865 Item,
385 813 498 866 quod
517 811 717 853 diminuit
734 811 930 860 alterum,
954 809 1078 849 habet
1099 820 1218 861 posse

197 898 323 939 super
341 885 446 926 illud
465 884 560 924 :sed
576 883 741 924 veniale
764 894 850 922 non
868 882 994 921 habet
1013 892 1133 934 posse
1153 893 1220 920 su-

197 969 270 1010 per
295 956 560 1006 charitatem,
598 954 701 1006 quia
731 954 825 1006 plus
862 953 1001 1004 diligit
1039 952 1218 992 charitas

196 1028 344 1079 Deum,
361 1039 489 1080 quam
504 1025 706 1079 cupiditas
720 1027 955 1065 creaturam
975 1040 982 1065 ;
1000 1036 1118 1076 ergo,
1141 1027 1217 1064 etc.

251 1100 356 1140 Item
380 1099 460 1139 1100
486 1097 628 1150 195010
657 1096 890 1137 ostenditur
918 1107 992 1148 per
1025 1095 1221 1148 impossi-

197 1171 317 1212 sibile
334 1170 415 1211 hoc
432 1169 558 1210 modo
581 1183 589 1209 :
614 1168 657 1209 Si
674 1168 838 1208 veniale
858 1167 1059 1207 diminuit
1080 1168 1220 1208 cbari-

197 1245 340 1292 tatem,
363 1253 466 1293 ergo
486 1239 642 1293 aliquid
663 1239 861 1280 diminuit
887 1239 939 1279 ab
957 1239 1047 1291 ipsa
1068 1253 1075 1278 :
1099 1251 1218 1291 ergo,

198 1313 233 1354 si
266 1312 446 1353 charitas
478 1324 564 1352 non
597 1314 657 1352 est
687 1311 865 1351 infinitae
897 1310 1219 1361 magnitudinis,

198 1396 301 1436 ergo
320 1383 491 1427 veniale.
514 1383 734 1435 aliquoties
753 1382 952 1422 iteratum
975 1384 1106 1422 totam
1133 1380 1223 1421 adi-

198 1456 275 1497 mit
293 1455 563 1505 charitatem3
586 1454 697 1507 quod
719 1454 873 1493 falsum
897 1455 970 1493 est.

252 1526 376 1577 Item,
411 1526 445 1566 si
477 1526 675 1568 diminuit
702 1525 947 1565 charitatem
986 1523 1222 1564 secundum

198 1599 504 1649 substantiam,
536 1610 640 1650 ergo
678 1597 832 1637 minuit
863 1596 1091 1649 praemium
1124 1595 1222 1635 sub-

198 1670 390 1711 stantiale
408 1670 445 1711 ei
465 1670 653 1712 debitum
671 1684 679 1709 :
698 1669 766 1709 sed
787 1668 1012 1721 praemium
1032 1668 1226 1708 substan-

197 1741 294 1782 tiale
315 1744 375 1782 est
392 1741 554 1782 bonum
575 1743 783 1780 aeternum
806 1752 815 1780 ε
841 1752 945 1792 0130
965 1739 1130 1780 veniale
1147 1739 1225 1779 ali-

198 1813 302 1866 quid
315 1813 452 1854 aufert
467 1813 517 1854 de
531 1813 643 1853 bono
658 1815 816 1852 aeterno
835 1824 843 1852 :
861 1812 930 1852 sed
946 1811 1098 1851 ablatio
1125 1810 1225 1851 boni

199 1885 367 1934 aeterni‚
384 1884 453 1926 vel
480 1884 738 1937 simpliciter,
770 1884 837 1924 vel
865 1883 1101 1923 secundum
1128 1895 1223 1935 par-

197 1962 298 2010 tem,
323 1962 385 2000 est
403 1971 529 2012 poena
545 1961 704 1999 aeterna
726 1973 734 1999 :
758 1970 861 2010 ergo
880 1958 1048 1999 veniale
1082 1970 1224 1998 01010-

197 2034 267 2072 tur
283 2043 453 2084 poenam
475 2032 678 2071 aeternam
699 2043 708 2070 ε
734 2030 847 2083 quod
863 2033 924 2070 est
943 2032 1088 2070 000110
1107 2041 1225 2070 00111-

198 2114 375 2143 munem
407 2101 666 2155 opinionem.
714 2101 757 2142 Si
797 2113 902 2153 ergo
938 2101 1103 2142 veniale
1139 2113 1227 2141 non

198 2174 353 2215 minuit
365 2186 520 2225 unum,
542 2185 620 2214 nee
638 2173 768 2214 aliud.

538 2339 884 2382 CONCLUSIO.

200 2445 366 2482 Charitas
382 2443 568 2479 secundum
586 2443 827 2478 substantiam
847 2451 917 2476 non
936 2443 1128 2484 minuitur,
1151 2452 1228 2476 cam

245 2515 316 2540 non
335 2505 463 2540 habeat
480 2506 554 2539 m'si
565 2507 749 2550 peccatam
778 2503 927 2537 mortale
944 2512 1010 2547 pro
1040 2504 1201 2549 opposito
1214 2529 1225 2547 ,

248 2575 271 2600 a
289 2575 358 2610 quo
379 2575 450 2600 non
471 2565 662 2606 minuitur,
681 2563 740 2599 sed
760 2566 835 2598 tota
857 2562 1012 2597 tollitur.

255 2676 376 2730 Resp.
408 2677 460 2717 ad
495 2676 677 2728 Argum.·
709 2675 939 2716 Dicendum
974 2675 1086 2727 quod
1122 2674 1230 2715 circa

201 2747 282 2788 hoc
312 2747 472 2801 duplex
491 2747 634 2800 opinio
653 2750 735 2795 est,
754 2747 928 2787 fundata
948 2759 1076 2799 super
1094 2746 1229 2799 dupli-

202 2831 292 2860 cem
311 2806 554 2872 opinionem
574 2819 879 2871 praecedentem
899 2818 948 2858 de
975 2817 1100 2857 modo
1120 2829 1227 2868 aug-

203 2890 418 2931 mentandi
450 2890 712 2930 charitatem.
737 2887 917 2938 Quidam
943 2889 1057 2929 enim
1085 2888 1230 2928 dicunt

203 2961 450 3002 charitatem
481 2961 631 3013 augeri
657 2973 731 3013 per
755 2960 1163 3013 impermixtionem;
1190 2962 1231 3000 et

203 3046 301 3074 cum
321 3033 610 3086 impermixtio
628 3034 764 3085 maJor
778 3033 829 3072 sit
842 3033 1075 3073 secundum
1092 3033 1230 3084 majo-

203 3117 294 3146 rem
311 3105 433 3145 liberi
451 3105 612 3145 arbitrii
641 3105 974 3145 habilitationem
991 3137 1000 3155 ,
1019 3107 1059 3144 et
1080 3116 1230 3144 secun-

204 3177 307 3218 dum
351 3177 700 3229 concupiscentiae
743 3176 1071 3216 diminutionem
1088 3207 1098 3225 ,
1136 3178 1174 3215 et
1208 3188 1230 3215 e

204 3248 414 3289 contrario
432 3248 658 3301 permixtio
678 3259 753 3301 per
773 3247 1159 3287 dehabilitationem
1176 3247 1230 3286 11-

204 3319 292 3360 beri
317 3319 482 3359 arbitrii
508 3322 549 3360 et
579 3319 972 3371 augmentationem
1010 3319 1232 3371 concupis-

204 3390 372 3440 centiae3
395 3390 544 3430 dicunt
560 3403 635 3443 per
655 3402 917 3442 consequens
937 3402 1030 3429 eam
1049 3390 1232 3429 diminui

203 3461 436 3502 secundum
448 3461 561 3513 quod
569 3465 753 3514 augetur
772 3461 1063 3513 cupiditas‚vel
1075 3473 1232 3501 concu-

202 3531 421 3584 piscentia,
431 3533 472 3571 et
479 3530 778 3572 dehabilitatur
786 3531 969 3572 liberum
976 3531 1205 3572 arbitrium
1218 3545 1226 3572 :

1287 218 1406 260 ART.
1440 218 1470 258 Ι.
1501 217 1698 266 QUAEST.
1732 217 1800 257 ΙΙΙ.
2241 219 2317 256 297

1288 311 1328 349 et
1342 309 1422 349 1100
1436 309 1495 347 051
1508 319 1580 360 901
1593 305 1757 347 veniale
1772 307 1993 358 peccatum
2008 319 2016 345 :
2034 305 2319 358 sedquoniam

1288 379 1454 421 veniale
1504 379 1723 430 peccatum
1772 387 1950 416 manens
1997 376 2160 415 veniale
2206 388 2319 416 nun-

1290 463 1421 503 quam
1448 449 1569 489 toties
1597 449 1773 488 iteratur
1799 447 1910 499 quod
1939 447 2319 498 concupiscentiam

1291 523 1462 573 augeat,
1480 520 1539 560 ita
1554 519 1666 571 quod
1683 519 1842 571 aliquid
1858 518 2006 569 diligat
2023 530 2151 569 supra
2169 517 2316 564 Deum,

1290 592 1384 632 ideo
1399 591 1582 631 charitas
1597 601 1670 642 per
1689 589 1874 629 venialia
1888 590 2024 640 potest
2041 587 2234 635 diminui,
2252 588 2321 627 sed

1292 675 1379 702 non
1400 661 1488 701 tolli
1511 675 1519 700 ε
1543 660 1705 700 10111101
1725 662 1866 700 autem
1888 671 1961 711 per
1989 657 2164 697 mortale
2178 689 2187 706 ,
2210 656 2323 708 quod

1292 736 1422 786 auget
1440 731 1821 784 concupiscentiam
1836 742 1963 782 supra
1977 729 2123 769 Deum.
2139 727 2217 768 Sed
2233 728 2324 767 haec

1293 808 1457 860 opinio,
1480 808 1528 846 ut
1557 818 1684 858 supra
1718 805 1946 857 probatum
1975 806 2060 853 est,
2081 815 2168 843 non
2199 802 2325 841 habet

1293 878 1438 918 stabile
1457 877 1783 917 fundamentum
1799 890 1808 925 ;
1830 875 2033 928 quoniam
2046 872 2323 914 substantiale

1293 953 1575 1002 augmentum
1611 947 1823 988 charitatis
1856 960 1941 987 non
1979 946 2094 986 venit
2129 958 2154 985 a
2190 945 2324 985 libero

1293 1022 1466 1063 arbitrio
1489 1036 1497 1062 :
1520 1021 1613 1061 ideo
1630 1032 1706 1061 nec
1726 1033 1750 1060 a
1769 1019 2113 1071 concupiscentia
2131 1017 2324 1058 diminu-

1294 1093 1369 1134 tio.

1348 1164 1398 1204 Et
1416 1165 1585 1217 propter
1605 1162 1685 1203 hoc
1705 1161 1876 1214 ponitur
1902 1160 1983 1200 alia
2008 1159 2151 1213 opinio
2171 1159 2326 1211 proba-

1295 1236 1431 1284 bilior,
1456 1235 1568 1288 quod
1588 1234 1769 1274 charitas
1788 1245 1875 1272 non
1893 1231 2107 1272 minuitur
2124 1230 2324 1270 substan-—

1295 1308 1470 1355 tialiter3
1502 1309 1542 1346 et
1569 1306 1661 1345 haec
1680 1304 1822 1357 091010
1843 1303 2048 1343 fundatur
2069 1313 2197 1354 super
2215 1301 2293 1341 1100
2313 1333 2321 1347 ,

1296 1380 1409 1432 quod
1428 1381 1711 1430 augmentum
1740 1375 1952 1416 eharitatis
1981 1374 2071 1414 fieri
2100 1373 2226 1413 habet
2253 1385 2328 1426 per

1296 1451 1574 1500 additionem,
1606 1448 1674 1489 vel
1706 1448 2017 1487 incrementum
2054 1444 2229 1496 majoris
2260 1443 2328 1483 in-

1296 1522 1484 1562 fluentiae
1517 1534 1526 1560 :
1561 1532 1645 1572 quo
1680 1518 1920 1571 supposito,
1957 1516 2184 1556 dicendum
2215 1515 2328 1567 quod

1298 1594 1478 1633 charitas
1497 1591 1734 1632 seeundum
1757 1588 2036 1629 substantiam
2060 1599 2147 1627 non
2164 1586 2328 1627 minui-

1297 1668 1387 1715 tur,
1410 1664 1481 1704 sed
1510 1665 1706 1715 augetur.
1731 1660 1781 1701 Et
1806 1659 1912 1699 ratio
1936 1659 2068 1710 hujus
2097 1658 2283 1697 sumitur
2304 1669 2329 1697 a

1298 1739 1415 1789 parte
1447 1734 1649 1788 oppositi,
1682 1733 1769 1773 sive
1798 1731 1978 1783 03011115.
2011 1728 2119 1770 Νο111
2148 1728 2329 1769 charitas

1299 1821 1385 1848 non
1412 1807 1538 1847 habet
1563 1805 1826 1858 oppositum,
1858 1802 1938 1842 nisi
1971 1802 2148 1841 mortale
2178 1811 2329 1853 pecca-

1298 1882 1391 1919 tum
1424 1893 1432 1918 z
1466 1890 1540 1931 per
1568 1876 1670 1917 illud
1700 1877 1842 1916 autem
1875 1885 1962 1913 non
1993 1872 2227 1920 minuitur,
2259 1870 2329 1910 sed

1298 1951 1458 1990 tollitur
1480 1965 1487 1990 :
1511 1946 1848 2000 concupiscentia
1867 1947 2010 1985 autem
2024 1976 2033 1993 ‚
2056 1944 2144 1984 sive
2167 1942 2329 1995 cupidi-

1300 2024 1376 2070 105,
1396 2024 1436 2062 01
1455 2020 1619 2062 veniale
1638 2020 1872 2072 peccatum,
1892 2019 2167 2069 opponuntur
2189 2014 2332 2054 chari-

1299 2094 1375 2134 tati
1392 2093 1627 2134 secundum
1649 2092 1857 2131 servorem
1883 2089 2046 2138 solum,
2078 2087 2178 2140 quia
2204 2086 2331 2126 simul

1301 2168 1433 2215 stant,
1473 2168 1515 2206 01
1546 2161 1875 2205 substantialiter
1910 2162 2010 2200 sunt
2043 2171 2132 2199 sese
2168 2158 2331 2199 contin-

1301 2239 1460 2291 gentia.
1496 2237 1545 2278 Et
1576 2237 1669 2277 ideo
1702 2233 1954 2275 solvendum
1979 2232 2032 2272 ad
2058 2231 2142 2272 duo
2171 2231 2330 2284 prima,

1302 2311 1416 2364 quod
1435 2310 1537 2351 illud
1558 2307 1789 2360 Augustini
1807 2306 1857 2346 de
1877 2304 2103 2357 cupiditate
2121 2306 2160 2343 et
2176 2303 2331 2343 minori

1303 2395 1461 2432 amore,
1483 2381 1676 2422 similiter
1694 2379 1745 2419 ad
1764 2378 1868 2418 illud
1889 2377 1938 2417 de
1957 2376 2114 2417 veniali
2142 2375 2333 2415 diminu-

1303 2454 1415 2494 tione
1431 2486 1440 2501 ,
1462 2454 1603 2493 locum
1622 2451 1748 2491 habet
1777 2449 1914 2489 solum
1934 2450 2144 2500 quantum
2171 2446 2221 2486 ad
2251 2446 2333 2486 fer-

1304 2537 1450 2566 vorem
1471 2523 1687 2564 charitatis
1707 2537 1715 2561 z
1739 2524 1780 2561 et
1805 2521 1862 2560 sic
1891 2521 2036 2572 patent
2064 2519 2148 2558 duo
2182 2517 2331 2570 prima.

1305 2584 1499 2637 Sumitur
1512 2598 1552 2635 et
1563 2594 1668 2634 ratio
1682 2604 1812 2646 quare
1827 2591 2007 2631 charitas
2020 2602 2105 2629 non
2124 2588 2335 2628 minuitur

1304 2684 1329 2711 a
1345 2671 1462 2722 parte
1482 2667 1613 2720 ipsius
1631 2664 1827 2716 subjecti,
1851 2662 1964 2716 quod
1986 2664 2046 2702 est
2063 2661 2245 2701 liberum
2266 2673 2334 2700 ar-

1305 2741 1494 2789 bitrium,
1511 2736 1746 2778 secundum
1765 2733 2084 2775 conversionem
2103 2732 2154 2771 ad
2170 2731 2304 2772 Deum
2321 2745 2330 2773 :

1304 2815 1490 2854 liberum
1524 2813 1666 2851 autem
1703 2807 1928 2848 arbitrium
1964 2805 2015 2845 ad
2048 2807 2334 2855 augmentum

1305 2884 1520 2926 charitatis
1544 2895 1586 2923 se
1607 2881 1790 2933 disponit
1810 2890 1884 2931 per
1906 2876 2191 2926 habilitatem3
2215 2875 2336 2914 simi-

1305 2957 1399 2997 liter
1435 2955 1487 2996 ad
1530 2952 1858 2994 diminutionem
1900 2961 1974 3001 per
2018 2947 2336 2987 dehabilitatem

1306 3029 1409 3069 citra
1444 3025 1619 3067 mortale
1657 3037 1666 3064 :
1703 3023 1775 3063 sed
1812 3022 1903 3061 baec
1940 3019 2158 3072 dispositio
2191 3020 2252 3058 est
2287 3018 2337 3059 de

1307 3112 1499 3152 congruo
1520 3130 1530 3149 ,
1568 3108 1654 3137 non
1689 3095 1740 3135 de
1774 3092 1986 3144 condigno
2022 3106 2030 3131 :
2069 3093 2107 3131 et
2134 3089 2336 3142 quoniam

1309 3171 1416 3212 Deus
1446 3172 1507 3211 051
1533 3166 1706 3222 9100101
1733 3165 1783 3204 ad
1811 3162 2100 3203 miserendum
2126 3172 2255 3214 quam
2284 3160 2335 3201 ad

1307 3240 1698 3287 condemnandum,
1730 3239 1770 3277 et
1788 3236 1839 3276 ad
1865 3235 2110 3275 donandum
2135 3244 2265 3285 quam
2285 3231 2337 3272 ad

1307 3311 1657 3358 abstrahendum3
1679 3308 1780 3348 hinc
1798 3310 1859 3347 est
1876 3306 1988 3359 quod
2004 3305 2250 3346 charitatem
2266 3302 2338 3341 tri-

1307 3386 1400 3426 buit
1423 3395 1520 3424 cum
1546 3394 1588 3421 se
1614 3380 1796 3420 liberum
1816 3378 2039 3418 arbitrium
2071 3373 2256 3427 disponit
2286 3372 2337 3412 de

1309 3467 1513 3507 congruo,
1537 3453 1606 3493 sed
1626 3464 1713 3492 non
1732 3450 1949 3498 abstrahit,
1974 3449 2052 3488 0151
2073 3445 2242 3500 quando
2265 3455 2338 3484 ne-

1308 3526 1487 3570 cessario
1516 3537 1560 3566 se
1593 3522 1776 3576 disponit
1805 3522 1857 3561 ad
1889 3518 2235 3565 abstractionem,
2269 3515 2337 3557 vel

2381 1171 2484 1207 Opinio

2348 1214 2485 1242 Doctoris.
