2613 3990
1040 339 1288 382 DISTINCT.
1320 339 1425 382 VIII.
2208 354 2278 393 141

181 427 392 485 tabilitaS,
421 429 493 473 sed
511 430 696 490 perfecta
714 426 976 487 simplicitas,
1000 424 1184 469 ostendit
1204 425 1492 482 Augustinus,
1515 423 1560 466 in
1581 424 1692 469 libro
1715 427 1867 485 quinto
1887 427 1939 472 de
1962 431 1996 472 T
1992 431 2189 486 rz'm'tate,
2213 435 2277 478 di-
2303 449 2443 497 5111551111-

179 520 278 549 cens
297 510 307 531 ¹
332 523 340 549 ε
369 524 390 548 «
408 507 707 566 Intelligamus
726 507 890 560 Deum,
913 507 1127 563 quantum
1158 517 1409 560 possumus,
1432 501 1523 545 sine
1554 503 1762 560 qualitate
1787 505 1974 562 bonum,
1997 508 2088 552 sine
2109 512 2282 568 quauti-
2304 491 2444 567 12³1i1¹f11¹i1ii1

178 587 263 626 tate
283 598 509 642 magnum,
532 585 622 629 sine
641 583 879 641 indigentia
897 582 1158 635 Creatorem,
1181 579 1271 623 sine
1291 580 1375 623 situ
1397 579 1712 638 praesidentem,
1729 581 1820 625 sine
1840 583 1989 627 habitu
2015 587 2162 630 omnia
2183 603 2283 632 con—
2311 574 2446 642 Ρῐξῗῗζξᾶ

177 659 403 717 tinentem,
427 662 516 706 sine
533 663 625 706 1000
646 661 805 720 ubique
834 664 972 703 totum
988 693 998 713 ,
1022 658 1113 700 sine
1133 662 1324 714 tempore
1349 656 1660 715 sempiternum
1678 694 1688 710 ‚
1711 660 1800 703 sine
1826 661 1917 704 ulla
1945 663 2015 706 sui
2044 665 2282 709 mutatione
2302 657 2447 730 ζζζῗζυῗι)

176 738 406 782 mutabilia
426 739 670 794 facientem,
693 737 892 796 nihilque
913 735 1160 794 patientem.
1196 734 1402 792 Quisquis
1432 734 1571 778 Deum
1597 735 1657 779 ita
1685 737 1864 794 cogitat,
1887 739 1965 782 etsi
1984 741 2181 785 nondum
2209 757 2286 801 po-

176 819 260 858 test
279 816 457 860 omnino
476 815 672 861 invenire
692 814 798 874 quid
811 814 866 857 sit
883 813 989 872 ipse,
1005 812 1074 870 pie
1093 817 1237 854 tamen
1257 817 1418 866 caveat,
1436 818 1649 870 quantum
1665 819 1816 872 potest,
1833 816 2000 875 aliquid
2020 818 2071 861 de
2091 819 2167 862 illo
2188 834 2283 863 sen-

175 892 272 949 tire,
295 894 411 953 quod
430 908 517 937 non
537 893 604 937 sit.
630 893 788 947 ))Εο00,
810 892 844 935 51
863 890 1080 934 subtiliter
1098 889 1312 944 intendas,
1334 888 1600 948 exhisatque
1612 891 1824 949 praedictis
1843 894 2050 952 aperitur,
2074 895 2151 939 illa
2170 912 2282 955 prae-

173 969 413 1015 dicamenta
442 971 546 1015 artis
573 970 806 1015 dialecticae
837 968 914 1013 Dei
946 973 1114 1012 naturae
1135 967 1314 1010 minime
1333 967 1579 1023 convenire,
1601 983 1701 1027 quae
1720 969 1855 1013 nullis
1875 976 1936 1014 est
1955 972 2146 1029 subjecta
2173 973 2282 1016 acci-

172 1046 388 1092 dentibus.

230 1125 355 1168 Unde
374 1140 452 1168 nec
469 1125 641 1184 proprie
661 1124 819 1168 dicitur
837 1122 1097 1178 substantia,
1120 1128 1169 1165 ut
1193 1122 1467 1180 Augustinus
1486 1122 1672 1166 ostendit
1690 1123 1736 1166 in
1755 1124 1867 1168 libro
1893 1125 2073 1184 septimo
2106 1126 2158 1170 de
2187 1129 2221 1170 T
2217 1128 2281 1170 νὶ-
2307 1142 2444 1212 dou‘ffm'

2327 1196 2342 1212 0
2399 1194 2447 1211 Pus

173 1201 366 1246 nitate²t
392 1219 413 1244 «
438 1202 559 1246 Sicut
577 1202 631 1246 ab
655 1217 720 1258 eo,
743 1201 860 1262 quod
880 1206 942 1245 est
960 1216 1060 1251 esse,
1083 1200 1326 1259 appellatur
1345 1201 1552 1257 essentia3
1575 1201 1633 1244 ita
1653 1201 1706 1244 ab
1726 1217 1791 1257 eo,
1814 1203 1930 1261 quod
1951 1210 2008 1247 est
2026 1204 2271 1259 subsistere,
2306 1236 2362 1254 Πομ
2385 1236 2449 1262 pr„-

2308 1271 2379 1305 1)rie,
2397 1270 2447 1296 sed

169 1279 456 1323 substantiam
474 1279 659 1324 dicimus
679 1297 688 1323 ε
712 1280 747 1323 51
767 1285 911 1322 tamen
932 1278 1113 1335 dignum
1145 1282 1206 1320 est
1232 1282 1279 1320 ut
1299 1277 1413 1321 Deus
1432 1278 1600 1322 dicatur
1620 1279 1866 1323 subsistere.
1891 1281 1981 1324 Hoc
2001 1282 2117 1326 enim
2139 1282 2190 1326 de
2212 1283 2282 1326 his
2320 1311 2434 1337 abusive

167 1356 297 1400 rebus
327 1362 438 1401 recte
464 1357 742 1417 intelligitur,
763 1357 809 1400 in
828 1356 1004 1416 quibus,
1027 1361 1077 1399 ut
1097 1355 1313 1414 subjectis,
1336 1361 1437 1399 sunt
1456 1371 1505 1399 ea
1523 1371 1621 1415 quae
1642 1356 1687 1399 in
1713 1357 1861 1416 aliquo
1886 1358 2079 1418 subjecto
2107 1375 2195 1404 esse
2216 1360 2281 1403 di-
2316 1353 2447 1419 ἓξζζξὲᾓξ

166 1438 347 1490 cuntur,
369 1434 479 1478 sicut
506 1434 551 1478 in
578 1449 754 1494 corpore
784 1434 916 1488 color,
943 1438 1016 1477 aut
1036 1433 1190 1476 forma.
1214 1432 1379 1492 Corpus
1399 1434 1513 1476 enim
1533 1434 1740 1486 subsistit,
1758 1440 1798 1478 ct
1819 1435 1915 1480 ideo
1936 1437 2175 1482 substantia
2201 1444 2278 1482 est.
2318 1435 2367 1462 ²⁵³·

165 1509 250 1554 Res
268 1526 372 1555 vero
391 1512 623 1556 mutabiles
640 1547 650 1567 ,
673 1527 814 1571 neque
842 1511 1085 1570 simplices,
1123 1509 1295 1569 proprie
1319 1510 1526 1554 dicuutur
1554 1511 1860 1556 substantiae...
1884 1512 1896 1533 ²³
1916 1513 2031 1557 Deus
2061 1521 2225 1571 autem,
2248 1518 2282 1561 si

164 1588 385 1645 subsistit,
409 1594 458 1632 ut
476 1589 716 1633 substantia
734 1589 905 1648 proprie
924 1588 1006 1631 dici
1028 1588 1178 1647 possit,
1203 1587 1313 1631 inest
1339 1587 1386 1631 in
1418 1603 1467 1631 eo
1495 1588 1661 1647 aliquid
1697 1594 1906 1649 tanquam
1939 1591 1986 1634 in
2013 1592 2222 1651 subjecto,
2245 1600 2286 1638 et

163 1679 252 1708 non
272 1671 334 1709 est
352 1665 590 1725 simplex...
613 1666 741 1710 Nefas
759 1671 820 1709 est
840 1671 985 1709 autem
1006 1665 1145 1708 dicere
1165 1669 1214 1708 ut
1233 1664 1435 1708 subsistat
1454 1665 1586 1720 Deus,
1603 1670 1644 1709 et
1663 1666 1801 1710 subsit
1821 1667 2007 1712 bonitati
2023 1684 2112 1713 suae
2124 1687 2135 1726 3
2157 1675 2288 1730 atque

162 1741 240 1786 illa
257 1742 428 1787 bonitas
447 1759 536 1788 non
554 1743 793 1788 substantia
811 1743 881 1798 sit,
903 1742 967 1788 vel
987 1743 1131 1802 potius
1157 1742 1353 1798 essentia,
1370 1758 1512 1802 neque
1526 1743 1616 1802 ipse
1631 1744 1746 1788 Deus
1766 1745 1819 1788 sit
1839 1745 2009 1790 bonitas
2032 1763 2126 1804 sua,
2149 1748 2221 1792 sed
2241 1748 2286 1792 in

161 1810 238 1863 illo
259 1819 313 1863 sit
331 1825 541 1881 tanquam
561 1821 606 1865 in
626 1821 832 1880 subjecto.
855 1821 980 1865 Unde
1001 1820 1279 1864 manifestum
1308 1825 1397 1876 est,
1433 1820 1573 1864 Deum
1601 1821 1780 1867 abusive
1808 1824 2097 1869 substantiam
2124 1826 2285 1881 vocari,

162 1901 212 1940 ut
231 1898 406 1943 nomine
427 1898 641 1944 usitatiori
669 1899 941 1957 intelligatur
972 1898 1177 1954 essentia,
1206 1898 1324 1957 quod
1355 1913 1455 1942 vere
1474 1914 1522 1942 ac
1547 1900 1719 1959 proprie
1742 1900 1924 1954 dicitur,
1947 1902 2006 1946 ita
2034 1908 2083 1946 ut
2108 1903 2287 1948 fortasse

162 1974 304 2019 solum
323 1975 461 2020 Deum
482 1976 566 2020 dici
585 1982 777 2036 oporteat
795 1977 1038 2021 essentiam.
1062 1976 1136 2019 Est
1156 1976 1273 2019 enim
1299 1991 1399 2019 vere
1420 1976 1539 2019 solus
1554 2011 1564 2031 ,
1587 1977 1689 2036 quia
1709 1977 2077 2024 incommutabilis
2098 1986 2175 2024 est.
2199 1999 2221 2023 ))

219 2052 363 2112 Hujus
381 2059 527 2097 autem
548 2055 741 2098 05501111εο
772 2054 1045 2114 simplicitas,
1076 2069 1122 2097 ac
1144 2053 1363 2097 sinceritas
1383 2058 1502 2097 tanta
1524 2058 1614 2109 est,
1637 2055 1754 2113 quod
1773 2071 1862 2099 non
1882 2062 1944 2100 est
1963 2057 2008 2100 in
2029 2073 2077 2101 ea
2098 2059 2283 2118 aliquid,
2326 2081 2388 2109 Nm.
2405 2088 2446 2111 est

161 2129 277 2188 quod
297 2143 384 2173 uon
404 2130 458 2174 sit
477 2131 569 2190 ipsa
582 2149 592 2188 ;
616 2132 688 2175 sed
708 2132 821 2175 idem
844 2137 905 2175 est
924 2132 1100 2188 habens,
1119 2137 1159 2175 et
1178 2131 1294 2190 quod
1313 2131 1512 2174 habetur.
1528 2131 1652 2174 'Unde
1673 2132 1883 2189 Hilarius,
1907 2134 1952 2177 in
1973 2135 2153 2193 septimo
2173 2136 2285 2181 libro
2319 2123 2444 2200 311131)ᾞῖ

160 2204 213 2249 de
234 2208 269 2249 Τ
265 2206 464 2264 rz'nitate,
480 2208 541 2252 ait
554 2207 568 2229 ¹⁶
585 2225 594 2252 :
617 2208 748 2252 «Non
770 2224 823 2253 ex
842 2209 1088 2268 compositis
1106 2211 1232 2264 Deus,
1251 2208 1327 2268 qui
1346 2208 1435 2251 vita
1455 2214 1532 2263 est,
1549 2208 1765 2265 subsistit3
1784 2225 1925 2270 neque
1945 2212 2021 2270 qui
2042 2213 2181 2257 virtus
2200 2220 2279 2270 est,
2308 2207 2445 2277 ξξζοῧζᾞ

159 2296 214 2326 ex
230 2282 418 2328 infirmis
436 2285 684 2330 continetur
699 2303 710 2342 3
732 2301 874 2345 neque
897 2286 974 2345 qui
992 2287 1072 2330 lux
1091 2291 1169 2341 est,
1202 2301 1254 2329 ex
1273 2285 1466 2329 obscuris
1486 2291 1710 2345 coaptatur
1727 2303 1737 2341 ;
1766 2302 1906 2347 neque
1919 2289 2182 2349 quispiritus
2202 2297 2281 2348 est,

159 2374 214 2403 ex
231 2359 476 2420 disparibus
496 2363 693 2407 formalis
711 2369 774 2407 est
795 2380 804 2407 :
829 2369 987 2420 totum,
1009 2363 1127 2423 quod
1148 2363 1192 2406 iu
1215 2379 1264 2407 eo
1286 2368 1364 2419 est,
1385 2378 1527 2406 unum
1549 2368 1625 2406 est.
1649 2380 1670 2404 ))
1694 2364 1835 2420 Idem,
1859 2365 1906 2408 in
1931 2371 2079 2411 octavo
2100 2368 2212 2413 libro
2231 2369 2284 2413 de

163 2437 403 2482 Trinitate⁵
419 2456 432 2481 :
459 2440 597 2485 «Non
616 2441 809 2485 humano
838 2441 966 2485 modo
997 2456 1050 2485 ex
1073 2441 1320 2500 compositis
1356 2440 1469 2484 Deus
1495 2445 1571 2496 est,
1594 2445 1644 2485 ut
1663 2440 1709 2484 in
1729 2456 1778 2485 eo
1799 2442 1922 2486 aliud
1945 2443 1999 2487 sit
2017 2445 2134 2504 quod
2160 2446 2214 2490 ab
2234 2462 2283 2491 eo

157 2512 357 2573 habetur,
383 2521 424 2560 et
442 2517 563 2561 aliud
582 2518 636 2561 sit
656 2518 745 2577 ipse
773 2518 850 2578 qui
878 2518 1054 2573 habeat;
1078 2518 1150 2561 sed
1174 2523 1315 2562 totum
1334 2533 1423 2561 una
1443 2523 1505 2561 est
1524 2522 1697 2574 natura,
1723 2518 1883 2562 scilicet
1902 2521 2088 2579 perfecta
2113 2528 2154 2566 et
2181 2523 2283 2567 infi-

157 2590 249 2635 nita
271 2608 279 2635 :
303 2597 345 2636 et
363 2609 453 2638 non
472 2609 525 2639 ex
543 2595 788 2654 disparibus
807 2595 1060 2651 constituta,
1085 2595 1157 2639 sed
1187 2595 1338 2639 vivens
1369 2610 1446 2654 per
1473 2600 1612 2639 toturn
1633 2595 1741 2654 ipsa.
1764 2613 1784 2637 >³
1813 2596 1874 2640 De
1900 2597 1980 2642 hoc
2005 2599 2155 2644 eodem
2173 2601 2283 2645 Boe-

157 2667 265 2725 tius,
297 2669 344 2714 in
364 2671 506 2730 primo
534 2672 647 2717 libro
674 2672 726 2716 (Ze
761 2675 795 2717 T
791 2673 974 2717 rz'nitate
991 2671 1024 2728 ⁶,
1047 2672 1108 2716 ait
1131 2688 1140 2715 z
1166 2690 1188 2715 (ι
1220 2671 1430 2724 Quocirca
1458 2672 1540 2716 1100
1567 2687 1668 2717 vere
1688 2688 1830 2717 unum
1850 2679 1933 2730 est,
1956 2675 2002 2719 in
2022 2692 2109 2736 quo
2129 2678 2280 2722 nullus

156 2761 382 2804 numerus,
405 2749 581 2797 nullum
601 2750 647 2793 in
671 2765 719 2794 eo
740 2750 862 2794 aliud
881 2755 1038 2809 praeter
1054 2749 1098 2793 id
1118 2749 1236 2809 quod
1255 2749 1302 2793 in
1324 2764 1372 2793 eo
1393 2754 1455 2793 est
1478 2766 1487 2792 :
1511 2764 1653 2809 neque
1673 2750 1790 2794 enim
1810 2751 2053 2810 subjectum
2082 2753 2178 2797 fieri
2203 2770 2278 2814 po-

157 2828 251 2868 test.
274 2842 296 2867 »
319 2827 595 2884 Augustinus
611 2843 803 2887 quoque,
826 2828 872 2872 in
891 2828 1004 2871 libro
1024 2827 1077 2871 cle
1096 2826 1204 2871 Fide
1223 2835 1263 2871 et
1282 2827 1527 2886 Synzbolffl,
1552 2827 1656 2871 dicit
1680 2844 1689 2871 :
1715 2845 1736 2871 «
1757 2829 1808 2872 In
1829 2829 1908 2872 Dei
1927 2830 2168 2875 substantia
2189 2847 2278 2876 non

161 2906 224 2944 est
252 2902 416 2962 aliquid
448 2904 567 2963 quod
595 2919 683 2948 non
716 2905 771 2948 sit
797 2905 1065 2961 substantia,
1087 2904 1215 2964 quasi
1246 2904 1366 2948 aliud
1397 2904 1451 2948 sit
1481 2904 1543 2948 ibi
1569 2905 1833 2962 substantia,
1873 2906 1994 2950 aliud
2018 2907 2136 2966 quod
2167 2909 2280 2952 acci-

158 2976 231 3021 dat
271 2979 549 3037 substantiae3
587 2981 661 3025 sed
693 2981 908 3041 quidquid
943 2982 1004 3025 ibi
1040 2981 1229 3039 intelligi
1265 2986 1430 3040 potest,
1464 2981 1704 3025 substantia
1739 2988 1815 3025 est.
1858 2982 2025 3027 Verum
2062 2983 2153 3028 haec
2191 2985 2276 3029 dici

157 3061 336 3113 possunt
369 3057 493 3102 facile
530 3063 572 3102 et
601 3058 748 3114 credi3
780 3058 919 3102 videri
950 3064 1097 3103 autem
1116 3093 1127 3114 ,
1157 3058 1242 3102 nisi
1261 3074 1372 3117 puro
1397 3059 1549 3115 corde,
1580 3059 1760 3103 omnino
1789 3074 1877 3103 non
1905 3066 2100 3119 possunt.
2124 3078 2146 3104 ))
2171 3062 2277 3107 110111

157 3131 452 3191 Augustinus,
490 3135 645 3195 quinto
677 3135 842 3179 decimo
875 3135 988 3180 libro
1023 3135 1076 3179 de
1110 3136 1325 3179 Trinitate
1349 3135 1395 3179 ⁸:
1426 3152 1447 3176 «
1480 3135 1550 3179 Sic
1582 3136 1767 3180 habetur
1803 3136 1851 3179 in
1882 3141 2039 3181 natura
2067 3139 2273 3183 uniuscu-

153 3205 312 3267 jusque
332 3211 483 3268 trium,
506 3213 623 3272 quod
644 3213 721 3272 qui
740 3212 886 3268 habet,
920 3213 1000 3257 hoc
1021 3213 1075 3257 sit
1101 3213 1219 3273 quod
1239 3212 1370 3256 habet
1385 3247 1396 3269 ,
1427 3213 1537 3257 sicut
1562 3213 1849 3256 immutabilis
1874 3214 2146 3276 simplexque
2178 3218 2279 3261 suh-

159 3286 329 3331 stantia.
369 3304 391 3330 »
429 3289 554 3333 Unde
585 3290 777 3334 Isidorus
808 3290 867 3333 ait
885 3298 898 3319 ⁹
923 3306 931 3333 :
968 3290 1123 3334 «Deus
1159 3290 1345 3349 simplex
1382 3290 1556 3347 dicitur,
1579 3290 1668 3334 sive
1696 3305 1785 3334 non
1805 3290 2042 3336 amittendo
2062 3293 2180 3352 quod
2205 3293 2281 3338 ha-

158 3360 231 3405 het
246 3396 258 3418 ,
288 3378 364 3408 seu
393 3366 510 3425 quod
535 3367 653 3412 aliud
685 3383 774 3412 non
804 3373 866 3411 est
897 3367 1013 3426 ipse,
1036 3373 1078 3411 et
1097 3367 1217 3411 aliud
1237 3367 1355 3427 quod
1372 3367 1419 3411 in
1438 3368 1530 3426 ipso
1551 3372 1627 3411 est.
1650 3367 1822 3412 Etcum
1843 3373 1973 3413 tantae
1993 3370 2278 3430 simplicitatis

203 3522 215 3545 ¹
236 3524 387 3566 August„
407 3525 446 3557 de
467 3526 599 3569 Trinit„
618 3528 677 3562 lib.
697 3530 738 3569 V,
758 3538 787 3561 0.
803 3537 835 3570 Ι,
855 3538 890 3562 11.
905 3531 937 3562 2.
956 3531 1136 3572 ——21bz'd.,
1156 3531 1216 3563 lib.
1236 3531 1315 3572 VII,
1337 3540 1368 3562 c.
1385 3538 1431 3571 μ’,
1452 3538 1487 3561 11.
1503 3531 1534 3562 9.
1552 3547 1588 3553 ——
1602 3528 1726 3570 2Ibz'd.,
1742 3540 1778 3564 n.
1798 3534 1902 3563 10.--
1917 3532 2062 3573 *Hilar.,
2082 3532 2120 3564 cle
2141 3532 2276 3574 Trc'm't„

160 3568 222 3601 lib.
240 3571 321 3612 Vll,
341 3573 442 3612 paulo
460 3577 538 3614 post
549 3576 711 3609 medium.
725 3576 905 3617 —⁵Ibz'd.,
924 3577 983 3611 lib.
998 3579 1099 3620 VIII,
1118 3578 1219 3619 paulo
1238 3580 1316 3610 ante
1338 3578 1453 3609 finem.
1467 3595 1508 3600 —
1522 3577 1535 3598 ⁶
1558 3579 1668 3619 Boet.,
1688 3578 1726 3609 cle
1747 3579 1851 3619 Trin„
1869 3579 1927 3611 lib.
1946 3580 1979 3620 Ι,
2002 3589 2030 3611 c.
2047 3587 2098 3611 111.
2119 3597 2159 3602 —
2172 3580 2185 3602 7
2212 3582 2276 3612 Au-

162 3619 264 3659 gust„
284 3617 322 3649 cle
341 3619 424 3650 Fide
442 3622 474 3651 et
492 3621 659 3662 Symbolo,
679 3633 709 3655 0.
732 3631 788 3665 lx,
808 3633 842 3656 n.
864 3626 969 3657 20.--
988 3625 1001 3648 ⁸
1020 3628 1175 3667 August.,
1196 3625 1235 3657 de
1255 3625 1390 3665 Trinit„
1408 3625 1466 3658 lib.
1489 3625 1561 3667 XV,
1584 3635 1613 3657 0.
1629 3634 1712 3667 xvu,
1733 3636 1767 3658 n.
1785 3629 1837 3658 28.
1852 3627 1918 3650 -9
1936 3627 2069 3667 lsidor„
2087 3626 2126 3658 cle
2142 3627 2275 3659 Summo

162 3663 262 3705 Bono,
283 3674 312 3697 e.
332 3672 362 3707 1,
384 3667 416 3698 et
436 3667 624 3710 Etymoloq.
641 3670 699 3702 lib.
716 3671 796 3711 vu,
811 3681 838 3704 c.
855 3679 878 3704 1.
