2570 3986
653 717 1225 815 SIXTUS
1332 719 2203 832 EPISCOPUS

1145 935 1324 964 sERVUS
1354 936 1612 966 SERVORUM
1641 937 1717 966 DEI

727 1066 953 1109 UNIVERSIS
978 1068 1319 1111 VENE-„ABILIBUS
1347 1070 1589 1113 FRATRIBUS
1615 1070 1792 1113 NOSTRIS
1815 1070 2112 1114 PATRIARGHI&

365 1148 639 1199 mmmm&
664 1150 1020 1194 ARCHIEPISCOPIS,
1042 1152 1273 1195 mucoris,
1294 1154 1348 1194 ET
1369 1154 1560 1197 DILEGTIS
1581 1155 1708 1196 FILIIS
1728 1155 1922 1197 ALlARUM
1948 1155 2238 1198 ECCLESIARUM
2262 1155 2486 1198 PRAELATIS

879 1238 960 1279 PER
978 1237 1227 1279 UNIVERSUM
1248 1239 1485 1281 TERRARUM
1506 1239 1648 1281 ORBEM
1670 1239 1961 1283 GONSTITUTIS⁷

815 1392 1057 1423 SALUTEM
1087 1393 1154 1422 13¹1·
1182 1392 1544 1425 APoS'rochAM
1577 1394 2029 1428 nnwnnlc'nonnm.

420 1788 748 1847 Triumphantis
763 1789 1035 1833 Hierusalem
1050 1788 1234 1847 gloriam
1248 1788 1572 1845 sempiternam,
1591 1792 1632 1831 et
1649 1787 1909 1831 Sanctorum
1928 1801 2029 1830 cum
2049 1785 2220 1831 Christo
2236 1787 2483 1833 felicissime

360 1879 635 1936 regnantium
657 1894 884 1938 nunquam
903 1885 1209 1924 marcescentes
1223 1894 1402 1924 coronas
1422 1894 1520 1922 cum
1537 1878 1699 1936 gaudio
1717 1878 1938 1922 admirans
1954 1882 2100 1921 sancta
2118 1877 2256 1921 Mater
2275 1878 2479 1935 Ecclesia,

358 1969 498 2012 adhuc
517 1969 561 2012 in
581 1970 706 2014 terris
719 1957 940 2027 militans,
972 1971 1025 2014 ad
1046 1971 1242 2015 eamdem
1262 1985 1365 2015 vero
1385 1984 1590 2014 coronam
1611 1968 1792 2028 justitiae
1813 1969 2042 2020 festinans,
2073 1968 2214 2012 Deum
2239 1968 2285 2012 in
2314 1968 2482 2012 Sanctis

356 2060 443 2102 suis
464 2060 708 2104 mirabilem
729 2060 962 2119 praedicare
994 2076 1083 2105 non
1101 2065 1248 2105 cessat.
1281 2060 1369 2104 Nec
1392 2076 1494 2105 vero
1521 2060 1714 2118 insignes
1742 2065 1915 2104 tantum
1941 2059 2167 2116 victorias,
2199 2064 2241 2103 et
2271 2060 2480 2119 praeclara

357 2148 616 2194 Sanctorum
643 2150 796 2194 merita
821 2151 991 2194 eximiis
1018 2151 1222 2195 laudibus
1240 2151 1455 2208 celebrat,
1490 2152 1563 2196 sed
1590 2150 1762 2195 eosdem
1789 2150 1992 2205 Sanctos,
2023 2165 2132 2209 quos
2155 2150 2271 2193 Deus
2299 2150 2481 2194 mirifice

356 2239 636 2296 honorificat,
665 2240 756 2300 ipsa
778 2256 953 2300 quoque
975 2241 1042 2300 pie
1063 2246 1321 2297 veneratur,
1345 2257 1392 2285 ac
1413 2242 1513 2286 colit
1539 2259 1548 2285 ε
1584 2257 1775 2303 quorum
1796 2241 2010 2285 nimirum
2031 2240 2338 2300 praedicatione
2365 2241 2483 2285 salu-

358 2329 525 2388 tarique
555 2330 749 2374 doctrina
790 2331 1011 2387 instituta,
1046 2332 1259 2389 sanguine
1296 2332 1503 2388 fundata,
1544 2332 1792 2376 illustribus
1823 2331 2045 2375 charitatis
2078 2331 2283 2391 operibus
2297 2367 2308 2388 ,
2349 2337 2480 2392 atque

356 2420 563 2478 exemplis
582 2420 784 2477 educata,
817 2421 1084 2465 ferventibus
1109 2421 1289 2465 illorum
1309 2422 1425 2480 apud
1448 2422 1588 2465 Deum
1609 2422 1809 2481 precibus
1830 2421 2025 2481 quotidie
2045 2421 2294 2481 adjuvatur.
2319 2421 2482 2474 Quam-

356 2510 503 2554 obrem
525 2511 678 2554 debitis
692 2511 837 2568 etiam,
858 2512 1147 2571 congruisque
1163 2512 1403 2556 honoribus
1424 2512 1663 2572 unicuique
1684 2512 1947 2556 Sanctorum
1962 2511 2219 2569 singulatim
2238 2510 2481 2555 tribuendis

357 2601 409 2645 ad
430 2602 612 2645 coelestis
636 2601 756 2645 illius
781 2602 1070 2658 IIierarchiae,
1107 2603 1183 2646 ubi
1213 2603 1361 2647 omnia
1384 2603 1430 2647 in
1455 2603 1664 2647 charitate
1689 2603 1877 2662 perfecta
1904 2602 2104 2646 ordinata
2124 2607 2252 2658 sunt,
2280 2616 2480 2645 normam

356 2697 485 2750 atque
509 2691 743 2748 imaginem
765 2706 853 2735 sese
873 2692 1168 2748 conformare,
1197 2699 1413 2752 quantum
1432 2694 1611 2753 quidem
1631 2694 1678 2737 in
1699 2693 1831 2752 hujus
1852 2694 2153 2753 praetereuntis
2174 2693 2328 2737 mundi
2349 2693 2480 2738 exilio

356 2782 469 2838 licet,
488 2782 673 2825 maxime
689 2781 845 2825 studet.
868 2782 978 2825 Nam
996 2783 1367 2841 quemadmodum
1385 2784 1430 2828 in
1445 2799 1604 2841 magna
1622 2784 1699 2827 illa
1716 2784 1879 2827 summi
1898 2783 2250 2839 ‚Patrisfamilias,
2266 2783 2482 2844 bonisque

356 2872 560 2916 omnibus
587 2871 809 2914 cumulata
832 2871 984 2927 domo,
1009 2873 1253 2917 mansiones
1282 2874 1432 2918 multae
1453 2880 1583 2931 sunt,
1611 2879 1652 2918 et
1684 2875 1820 2919 beatae
1846 2874 1935 2918 illae
1968 2875 2123 2918 anima]
2153 2874 2265 2918 mira
2291 2874 2481 2934 quadam

355 2961 560 3005 varietate
589 2961 720 3004 unius
740 2961 890 3018 gloriae
920 2961 1187 3006 beatitudine
1219 2965 1539 3023 perfruuntur:
1573 2964 1632 3008 sic
1663 2964 1886 3008 Catholica
1915 2963 2130 3021 Ecclesia,
2166 2979 2265 3023 quae
2296 2963 2482 3007 coelestis

354 3051 474 3095 illius
498 3050 661 3108 effigies
679 3056 763 3105 est,
795 3056 842 3094 ut
868 3055 1106 3095 castrorum
1132 3053 1244 3097 acies
1270 3054 1494 3110 ordinata,
1530 3055 1577 3099 in
1596 3055 1875 3101 veneratione
1903 3054 2073 3098 Sanctis
2099 3054 2176 3098 Dei
2201 3053 2473 3109 adhibenda,

355 3156 495 3185 sacros
515 3140 614 3186 illos
631 3140 803 3183 ordines
822 3139 971 3184 divino
991 3140 1207 3186 illustrata
1226 3143 1394 3187 lumine
1415 3145 1634 3202 agnoscit,
1665 3150 1796 3205 atque
1815 3144 2059 3202 distinguit.
2085 3144 2238 3203 Itaque
2259 3144 2364 3187 dum
2387 3144 2481 3201 glo-

354 3230 520 3274 riosum
544 3228 853 3288 Apostolorum
873 3229 1077 3286 chorum,
1100 3231 1207 3275 dum
1236 3232 1557 3292 Prophetarum
1583 3235 1852 3279 laudabilem
1875 3249 2138 3290 numerum,
2174 3233 2280 3277 dum
2299 3233 2482 3277 fortissi-

356 3335 528 3364 morum
549 3319 793 3377 Martyrum
813 3318 961 3362 laudat
981 3321 1216 3366 exercitum
1232 3358 1242 3378 ,
1266 3326 1519 3384 caeterisque
1542 3325 1711 3369 Sanctis
1731 3341 1809 3370 suo
1829 3326 1939 3382 loco,
1962 3329 2003 3368 et
2021 3324 2173 3368 ordine
2192 3323 2273 3367 rite
2293 3323 2482 3367 honores

354 3410 506 3466 desert,
530 3409 575 3452 in
590 3424 679 3453 uno
699 3407 918 3451 charitatis
937 3408 1107 3467 spiritu,
1131 3416 1172 3454 et
1192 3413 1409 3456 consimili
1429 3415 1512 3474 piae
1534 3415 1777 3460 devotionis
1796 3415 1951 3459 affectu
1973 3413 2274 3473 multipliciter
2294 3414 2476 3458 exultat.

353 3501 470 3544 Inter
487 3500 586 3544 illos
603 3514 705 3544 vero
724 3497 993 3542 beatissimos
1014 3498 1273 3546 Sanctorum
1290 3503 1459 3560 choros,
1482 3520 1674 3564 quorum
1695 3504 1906 3550 memoria
1925 3520 1951 3548 a
1969 3503 2134 3548 cunctis
2154 3503 2358 3547 fidelibus
2378 3503 2480 3547 reli-

354 3590 475 3647 gioso
488 3590 610 3634 cultu
626 3587 780 3633 merito
793 3585 1052 3643 celebratur,
1068 3588 1230 3647 insigni
1243 3593 1472 3651 splendore
1487 3581 1628 3639 elucet
1644 3601 1898 3640 sanctorum
1917 3594 2154 3639 Doctorum
2168 3594 2275 3639 ordo
2293 3609 2320 3638 a
2337 3593 2478 3639 Paulo
