2613 3990
762 330 889 375 DIST.
922 330 971 371 V.
1003 324 1122 369 ART.
1156 326 1186 366 l.
1217 322 1414 374 QUAEST.
1442 322 1473 363 1.

58 434 188 486 riam,
224 431 347 474 debet
372 429 452 471 dici
478 427 528 470 de
560 425 706 467 nihilo.
747 422 790 464 Si
833 419 1083 462 concedatur

57 506 109 548 de
139 505 286 554 Patre3
327 503 471 543 contra
504 514 512 540 :
549 508 675 539 omne
691 493 803 547 quod
836 491 966 532 hahet
995 501 1083 530 esse

60 578 112 619 de
134 575 291 624 nihilo,
323 575 384 614 est
415 572 607 612 creatura
638 581 647 607 ε
675 577 805 617 ergO,
838 565 916 603 etc.
951 561 1078 611 Item,

58 647 170 702 quod
189 648 251 688 est
269 658 323 686 ex
339 643 486 693 nihilo,
507 642 567 682 est
583 636 772 680 vertibile
795 635 840 674 in
857 632 1043 673 nihilum
1068 643 1078 671 t

58 730 178 771 ergo,
200 720 277 758 etc.

114 788 237 842 Resp.
257 786 487 829 Dicendum
501 781 627 835 quod,
643 791 742 820 cum
756 777 909 819 dicitur
922 773 1082 827 aliquid

60 872 150 901 esse
168 860 219 900 de
238 858 388 908 nihilo,
404 853 636 897 secundum
655 850 905 892 Anselmum
927 848 971 888 in
992 849 1082 888 Mo-

60 931 225 984 noloqz'o
246 935 276 981 ¹,
305 926 524 981 tripliciter
560 925 697 977 potest
728 919 907 972 intelligi
946 931 956 959 ε
994 930 1082 958 uno

60 1002 208 1051 modo,
231 1003 278 1042 ut
296 997 406 1041 nillil
427 996 654 1049 accipiatur
674 992 919 1046 simpliciter
936 991 1082 1044 priva-

61 1072 162 1124 tive,
199 1071 267 1113 vel
293 1069 512 1122 negative,
546 1069 594 1107 ut
625 1077 723 1105 cum
755 1063 909 1104 dicitur
937 1062 986 1103 de
1016 1065 1082 1101 ta-

62 1145 181 1184 cente
198 1157 206 1184 :
231 1141 333 1182 «Ille
350 1140 537 1193 loquitur
556 1137 606 1178 de
625 1135 779 1185 nihilo3
805 1149 823 1172 ))
840 1134 922 1174 alio
941 1133 1080 1184 modo,

62 1213 258 1267 positive,
278 1214 327 1253 ut
345 1211 380 1252 si
401 1211 459 1251 ita
476 1209 639 1249 dicatur
656 1239 665 1258 ,
703 1209 776 1247 aut
807 1205 1082 1257 intelligatur,

62 1286 219 1340 aliquid
250 1285 342 1326 fieri
378 1296 431 1325 ex
460 1283 593 1323 nihilo
610 1314 619 1332 ,
659 1281 768 1321 sicut
806 1278 998 1320 cultellus
1034 1277 1085 1318 de

63 1357 194 1408 serro3
223 1355 344 1397 tertio
370 1354 518 1404 modo,
539 1352 692 1407 partim
714 1351 911 1405 positive,
932 1349 1086 1403 partim

65 1427 286 1482 privative,
316 1429 364 1467 ut
385 1425 419 1466 si
435 1423 607 1466 dicatur
639 1422 797 1475 aliquid
828 1421 916 1462 tieri
946 1434 999 1462 ex
1026 1421 1087 1461 ni-

64 1499 164 1550 hilo,
181 1498 280 1552 quia
292 1499 384 1551 post
394 1495 500 1536 nihil
515 1497 575 1536 est
593 1493 768 1547 aliquid,
788 1493 891 1533 sicut
907 1493 1058 1533 dicitur
1075 1507 1083 1533 ε

73 1586 91 1609 (ι
113 1569 169 1611 De
187 1581 371 1623 paupere
396 1568 443 1607 fit
458 1567 588 1608 dives.
611 1580 629 1603 n
656 1564 774 1605 Ratio
794 1567 935 1605 autem
956 1563 1088 1616 liujus

65 1639 407 1694 multiplicitatis,
429 1641 489 1679 est
505 1638 597 1678 haec
620 1651 629 1677 t
649 1649 748 1676 nam
770 1636 907 1689 primo
934 1635 1087 1675 distin-

65 1712 288 1766 guendum
311 1714 391 1762 est,
417 1709 518 1763 quia
537 1714 551 1735 2
567 1708 738 1761 negatio
762 1709 874 1760 erS,
896 1707 1009 1760 quod
1029 1710 1090 1747 est

64 1783 193 1834 nihil,
203 1785 336 1836 potest
344 1781 620 1829 sistereintra,
632 1780 698 1820 vel
715 1783 834 1820 extra
846 1779 897 1819 ad
909 1779 1088 1819 verbum

65 1855 180 1896 ferri.
197 1853 240 1896 Si
253 1854 411 1895 feratur
424 1853 475 1893 ad
493 1852 690 1903 verbum,
718 1854 822 1891 tunc
838 1851 936 1902 fieri
956 1850 1006 1892 de
1024 1852 1091 1892 ηἰ-

23 1935 26 1939 ’
67 1926 154 1969 mlo
173 1929 339 1967 estnon
364 1925 456 1966 fieri
484 1924 535 1965 de
564 1924 707 1976 aliquo
728 1956 737 1974 ,
774 1923 882 1964 sicut
904 1922 1020 1975 loqui
1041 1922 1090 1963 de

67 1997 215 2046 nihilo,
237 1997 278 2038 id
300 1999 381 2046 est,
404 1996 454 2037 de
472 1996 589 2036 nulla
605 2007 665 2035 re.
689 1994 731 2036 Si
754 1997 898 2035 autem
918 2007 1005 2034 non
1027 1994 1090 2034 fe-

64 2070 184 2109 ratur
203 2067 256 2108 ad
275 2067 476 2118 verbum,
511 2070 613 2107 tunc
643 2067 880 2106 affirmatur
909 2066 1024 2115 fieri,
1053 2069 1093 2106 et

65 2141 169 2180 tunc
211 2138 370 2192 duplex
404 2141 484 2188 est3
520 2137 619 2191 quia
652 2137 703 2179 de
739 2140 874 2190 potest
911 2137 1091 2189 intelligi

68 2209 355 2261 materialiter,
378 2213 418 2251 et
436 2214 539 2251 tunc
557 2209 837 2262 significatur,
854 2210 968 2262 quod
987 2209 1094 2249 nihil

65 2282 119 2324 sit
150 2282 326 2323 materia
351 2282 532 2335 alicuius
560 2297 568 2322 :
603 2284 643 2322 et
673 2281 854 2322 hahetur
884 2281 1094 2322 secundus

67 2366 230 2396 sensus,
264 2353 370 2394 Item
390 2386 400 2404 ,
436 2356 568 2407 potest
603 2354 734 2394 teneri
762 2353 1020 2402 ordinaliter,
1055 2356 1095 2394 et

67 2430 170 2468 tunc
189 2426 368 2467 habetur
388 2426 535 2466 tertius
560 2438 728 2476 sensuS,
756 2428 795 2466 et
826 2426 884 2466 sic
904 2428 1095 2466 creatura

69 2498 222 2539 dicitur
237 2497 331 2538 fieri
349 2497 401 2538 de
420 2497 569 2537 nihilo.
593 2496 824 2537 Dicendum
845 2509 949 2548 crgo
966 2497 1092 2549 quod,

68 2568 303 2610 secundum
319 2568 508 2621 primum
524 2580 711 2618 sensum,
732 2567 842 2608 Deus
861 2570 998 2620 potest
1017 2567 1096 2608 dici

68 2639 119 2682 de
137 2639 270 2680 nihilo
291 2651 395 2690 esse,
415 2639 503 2680 sive
524 2638 659 2690 Pater,
677 2639 765 2681 sive
789 2638 933 2679 divina
958 2651 1098 2680 essen-

69 2711 150 2763 tia3
166 2713 309 2753 tamen
322 2711 389 2752 hic
406 2711 558 2752 modus
573 2723 661 2752 non
672 2714 733 2752 est
745 2710 940 2752 usitatus
959 2711 1098 2761 Quan—

71 2786 163 2825 tum
186 2784 239 2825 ad
257 2783 488 2825 secundum
511 2783 708 2835 modum,
730 2782 904 2824 omnino
923 2783 970 2824 fit
989 2784 1099 2824 nihil

74 2868 128 2896 ex
144 2855 290 2898 nihilo.
311 2856 526 2907 Quantum
552 2856 603 2897 ad
621 2855 796 2897 tertium
816 2856 989 2897 modum
1002 2889 1012 2907 ,
1035 2870 1098 2897 se—

76 2929 263 2971 cundum
282 2943 410 2984 quem
431 2930 619 2983 loquitur
643 2930 911 2982 Augustinus
934 2934 963 2982 ³,
983 2932 1099 2984 quod

75 2999 164 3040 sola
181 3004 371 3043 creatura
389 3002 436 3042 fit
460 3002 510 3042 de
527 3000 681 3052 nihilo,
704 3001 773 3042 vel
797 3004 858 3041 est
877 3014 928 3042 ex
950 3002 1097 3054 nihilo,

79 3066 181 3121 Quia
192 3070 241 3113 de
257 3075 375 3113 notat
388 3071 445 3112 ihi
460 3072 667 3123 ordinem,
679 3074 727 3112 ut
743 3084 831 3112 esse
848 3071 998 3112 haheat
1010 3076 1101 3126 post

79 3151 165 3181 non
187 3154 297 3195 esse3
316 3143 397 3185 hoc
415 3143 528 3197 quod
547 3146 608 3185 est
622 3144 672 3184 de
691 3143 840 3194 nihilo,
855 3144 993 3197 privat
1009 3157 1098 3185 ma-

78 3210 226 3252 teriam
255 3216 566 3267 praejacentem.
596 3214 799 3264 Quamvis
830 3227 933 3267 ergo
962 3215 1099 3268 Pater,

81 3283 122 3322 et
142 3280 293 3335 Filius,
323 3287 364 3326 et
393 3285 574 3339 Spiritus
605 3289 774 3327 sanctus
802 3298 888 3327 non
914 3286 1102 3329 habeant

81 3353 301 3394 materiam
332 3358 650 3410 praejacentem3
695 3357 796 3411 quia
835 3360 977 3398 tamen
1010 3372 1101 3400 non

125 3459 137 3481 1
154 3459 277 3491 Monol.
294 3470 323 3492 c.
338 3469 411 3494 vni.
434 3464 479 3495 De
505 3464 570 3495 hoc
590 3464 753 3505 AEgidius,
775 3474 809 3504 q.
832 3471 878 3495 vn
897 3464 996 3505 liujus
1024 3466 1102 3497 dist.

80 3523 122 3530 —
139 3507 152 3528 ‘²
165 3507 279 3548 Arist„
296 3507 426 3549 Pliysz'c.
444 3509 502 3542 lib.
520 3512 546 3551 l,
568 3514 718 3543 context.
733 3513 771 3542 :38
793 3514 825 3542 et
844 3514 897 3550 (315
917 3513 1100 3554 Metaploys.

80 3553 139 3586 lib.
158 3554 207 3593 V,
229 3563 258 3586 e.
278 3554 317 3585 de
346 3554 471 3595 Causa,
498 3561 647 3591 context.
674 3562 691 3590 2
705 3576 745 3581 -—
767 3558 780 3579 3
796 3559 888 3590 Com.
911 3560 1101 3597 Mazz'mz'n„

82 3599 139 3634 lib.
167 3603 213 3642 ΙΙ,
242 3612 272 3633 c.
298 3610 369 3643 xiV,
387 3612 422 3634 n.
439 3605 470 3635 2.
493 3623 527 3628 —-
559 3606 569 3623 ⁴
591 3607 645 3646 Cf.
671 3606 835 3638 Alexand.
860 3606 1003 3648 Alensis,
1017 3616 1050 3648 p.
1076 3609 1102 3648 l,

84 3657 118 3690 q.
133 3655 216 3691 xmi,
232 3649 357 3682 memb.
374 3652 404 3691 3,
419 3654 480 3684 art.
500 3655 509 3683 t
527 3662 537 3692 3
560 3653 592 3685 S.
613 3653 781 3695 Thomas,
803 3663 837 3694 1».
860 3653 894 3692 1,
916 3663 948 3695 q.
970 3662 1077 3686 xxxix
1091 3680 1101 3697 7

2099 314 2176 362 409

1158 415 1315 456 habent
1344 425 1434 455 esse
1460 414 1551 465 post
1585 422 1672 452 non
1706 421 1828 460 esse,
1863 408 1954 450 ideo
1987 420 2073 449 non
2109 410 2177 449 di-

1157 489 1312 527 cuntur
1344 497 1432 526 esse
1460 496 1513 524 ex
1545 482 1675 523 nihilo
1714 496 1723 523 ε
1757 484 1797 522 θῖ
1824 480 1917 522 ideo
1945 491 2031 520 non
2066 480 2180 522 valet

1155 557 1343 610 primum
1360 555 1684 607 argumentum,
1707 551 1808 605 quia
1826 551 2015 604 procedit
2036 551 2088 592 ab
2109 551 2180 592 in-

1156 627 1392 669 sufficienti.

1210 698 1453 740 Secundum
1472 708 1573 737 vero
1596 698 1636 736 et
1654 695 1826 737 tertium
1845 697 2149 748 argumentum
2166 729 2177 747 ,

1155 770 1205 811 de
1233 770 1353 810 Patre
1384 764 1566 818 ¹factum,
1600 767 1787 820 procedit
1813 766 2046 807 secundum
2068 767 2181 820 quod

1154 842 1324 894 negatio
1344 842 1450 893 ejus,
1473 839 1588 893 quod
1609 842 1669 880 est
1688 839 1819 890 nihil,
1840 839 1972 879 fertur
1989 840 2109 879 extra
2128 838 2179 879 ad

1155 914 1350 962 verbum,
1365 915 1406 953 et
1421 911 1517 951 facit
1528 911 1762 951 orationem
1775 910 2034 962 negativam.
2052 909 2182 950 Aliter

1156 986 1270 1025 enim
1289 997 1375 1026 non
1395 983 1638 1037 aequipollet
1653 995 1742 1023 esse
1767 994 1853 1022 non
1881 982 1931 1022 de
1952 981 2118 1034 aliquo,
2141 985 2181 1023 et

1157 1057 1207 1097 de
1222 1056 1373 1106 nihilo;
1401 1059 1441 1096 et
1463 1054 1695 1095 secundum
1724 1053 1839 1094 hunc
1860 1065 2028 1094 sensum
2042 1086 2052 1105 ,
2074 1054 2182 1095 sicut

1158 1127 1399 1168 conceditur
1425 1127 1538 1179 quod
1559 1125 1680 1166 Pater
1699 1138 1724 1165 a
1747 1125 1864 1166 nullo
1885 1125 1957 1176 sit,
1988 1125 2046 1165 ita
2070 1126 2182 1178 quod

1159 1199 1211 1239 sit
1230 1200 1279 1239 de
1294 1198 1442 1239 nihilo.
1464 1198 1636 1247 Tamen,
1653 1198 1759 1238 sicut
1771 1197 1928 1237 dictum
1949 1200 2022 1247 est,
2037 1210 2184 1239 sensus

1158 1270 1227 1311 ille
1247 1283 1331 1311 non
1347 1273 1407 1311 est
1424 1271 1603 1310 usitatus
1627 1282 1637 1309 t
1659 1269 1942 1309 communiter
1960 1269 2075 1310 enim
2096 1270 2185 1311 uti-

1159 1355 1258 1383 mur
1276 1343 1355 1383 hac
1373 1342 1599 1391 locutione,
1623 1341 1858 1382 secundum
1879 1341 1991 1393 quod
2010 1341 2184 1393 negatio

1160 1414 1210 1455 de
1235 1414 1367 1454 nihilo
1395 1414 1500 1453 sistit
1534 1414 1662 1463 intra3
1698 1415 1739 1453 et
1765 1413 1845 1452 hoc
1872 1416 1958 1464 est,
1987 1413 2100 1466 quod
2135 1411 2185 1453 de

1160 1486 1362 1538 accipitur
1382 1485 1641 1525 ordinaliter.

1483 1639 1806 1684 ARTICULUS
1840 1640 1874 1685 I.

1218 1770 1264 1811 In
1290 1774 1407 1824 parte
1439 1771 1538 1819 ista,
1566 1771 1617 1811 ad
1652 1770 1977 1823 intelligentiam
2004 1771 2188 1812 duarum

1164 1842 1463 1895 principalium
1498 1842 1684 1896 partium
1719 1843 1853 1895 hujus
1884 1842 2189 1893 distinctionis,

1164 1915 1248 1955 duo
1268 1914 1555 1967 principaliter
1568 1917 1823 1967 quaeruntur
1844 1927 1853 1955 :
1875 1914 2014 1967 primo
2036 1913 2191 1967 quaeri-

1163 1989 1235 2026 tur
1250 1985 1299 2026 de
1314 1986 1627 2038 comparatione
1644 1985 1930 2037 generationis
1940 1986 1990 2026 ad
2001 1986 2192 2026 substan-

1165 2057 1292 2108 tiam,
1319 2057 1407 2097 sive
1433 2057 1672 2108 essentiam,
1699 2057 1744 2096 in
1769 2057 1933 2097 ratione
1965 2057 2188 2110 principii;

1166 2129 1349 2169 secundo
1368 2129 1576 2181 quaeritur
1596 2128 1646 2169 de
1665 2128 1976 2182 comparatione
2002 2128 2193 2181 ejusdem

1166 2201 1218 2241 ad
1263 2200 1486 2241 essentiam
1524 2200 1567 2239 in
1607 2200 1769 2240 ratione
1805 2200 1990 2241 termini.
2030 2200 2080 2241 Et
2106 2201 2190 2242 duo

1167 2275 1424 2325 quaeruntur
1445 2275 1656 2325 quantum
1674 2272 1725 2313 ad
1744 2272 1951 2325 primum3
1974 2272 2058 2313 duo
2074 2284 2192 2323 vero,

1168 2346 1379 2396 quantum
1408 2343 1459 2384 ad
1490 2343 1739 2384 secundum.
1777 2342 1991 2393 Quantum
2023 2344 2076 2385 ad
2113 2344 2195 2398 pri-

1168 2427 1311 2466 mum,
1339 2414 1547 2468 quaeritur
1581 2414 1718 2467 primo
1758 2417 1904 2455 utrum
1935 2415 2191 2467 substantia,

1168 2485 1238 2527 vel
1273 2486 1473 2536 essentia,
1503 2489 1698 2539 generet;
1727 2487 1934 2539 secundo,
1956 2489 2104 2528 utrum
2142 2487 2192 2527 de

1169 2556 1407 2598 substantia
1426 2560 1655 2609 generetur
1677 2557 1843 2610 aliquis.

1511 2717 1785 2768 QUAESTIO
1817 2718 1848 2759 Ι.

1297 2822 1359 2857 An
1377 2821 1603 2865 Substantia,
1629 2822 1684 2857 vel
1705 2823 1869 2858 Essentt'a
1887 2825 2025 2867 generet
2039 2820 2066 2857 ¹⁹.

1227 2929 1348 2980 Quod
1369 2931 1601 2972 substantia
1626 2944 1713 2973 non
1738 2934 1935 2984 generet,
1967 2931 2199 2973 ostenditur
2250 2948 2361 2976 runda-

1174 3002 1232 3043 sic
1254 3018 1262 3044 :
1288 3002 1490 3045 Generare
1524 3003 1623 3044 dicit
1653 3004 1901 3054 relationem
1930 3018 1938 3045 :
1969 3017 2100 3057 ergo,
2131 3005 2199 3046 cui
2220 2994 2324 3018 mem·

1174 3074 1374 3115 convenit
1414 3087 1621 3127 generare
1642 3107 1652 3126 ,
1685 3075 1883 3116 convenit
1919 3075 2067 3116 referri
2093 3077 2196 3118 :sed

1174 3145 1365 3186 essentiae
1381 3158 1466 3186 non
1486 3145 1683 3186 convenit
1695 3146 1841 3187 referri
1861 3158 1871 3187 ε
1888 3159 1993 3199 ergo
2006 3160 2084 3189 nec
2104 3160 2202 3189 con-

1174 3217 1291 3259 venit
1309 3228 1529 3269 generare.

1230 3287 1334 3327 Item
1374 3297 1572 3340 generare
1606 3287 1806 3340 importat
1839 3287 2151 3331 distinctionem
2187 3305 2195 3331 :

1176 3370 1296 3411 ergo,
1330 3359 1399 3399 cui
1431 3357 1627 3399 convenit
1657 3370 1878 3411 generare,
1902 3362 1942 3401 et
1962 3373 2037 3414 per
2055 3374 2202 3402 conse-

1177 3468 1239 3498 art.
1259 3467 1297 3505 53
1320 3465 1462 3505 Scotus,
1484 3465 1496 3496 l
1519 3466 1624 3505 Seni„
1645 3465 1722 3497 dist.
1747 3474 1777 3506 v,
1798 3476 1830 3507 q.
1848 3474 1878 3506 13
1911 3467 2064 3508 AEgidius
2088 3468 2200 3508 Rom„

1177 3515 1189 3544 l
1219 3514 1323 3550 Sent„
1357 3512 1433 3543 dist.
1460 3521 1494 3552 v,
1517 3523 1550 3554 q.
1584 3521 1631 3553 11,
1657 3516 1719 3545 art.
1754 3517 1790 3554 13
1821 3514 2030 3555 Ricliardus,
2062 3516 2073 3545 1
2096 3516 2202 3555 Sem„

1178 3560 1252 3591 dist.
1271 3568 1311 3599 v,
1341 3569 1374 3600 q.
1391 3567 1421 3598 13
1446 3559 1642 3600 Durandus,
1664 3562 1673 3592 1
1704 3561 1808 3600 Sent„
1840 3561 1916 3593 dist.
1931 3569 1969 3602 V,
1990 3572 2023 3602 q.
2045 3568 2075 3601 13
2097 3562 2202 3593 Fran-

1177 3608 1287 3639 ciscus
1312 3608 1354 3638 de
1374 3608 1496 3648 Mayr„
1519 3608 1529 3638 l
1552 3608 1657 3646 Seni„
1679 3608 1757 3640 dist.
1772 3617 1804 3650 v,
1823 3618 1856 3649 q.
1873 3617 1905 3649 13
1927 3610 2026 3649 Greg.
2044 3608 2201 3649 Arimin„

1180 3655 1187 3685 1
1213 3655 1319 3695 Seni„
1339 3654 1416 3686 dist.
1433 3662 1465 3697 V,
1486 3664 1520 3697 q.
1537 3663 1567 3696 13
1589 3655 1673 3687 Gab.
1692 3655 1783 3696 Biel,
1805 3656 1814 3686 l
1837 3656 1942 3695 Seni„
1963 3656 2041 3688 dist.
2066 3664 2106 3698 v,
2126 3665 2162 3697 q.
2177 3665 2201 3689 1.
