2570 3986
315 266 360 295 vi
1269 243 1401 284 SlXTl
1433 243 1465 283 V

316 348 566 388 sanctorum
586 339 768 382 Patrum
786 336 986 388 lectione,
1006 340 1048 378 et
1061 334 1322 378 scholasticae
1343 332 1592 390 Theologiae
1612 333 1928 392 pernecessaria
1942 332 2170 390 disciplina
2189 331 2436 376 Alexandro

317 433 369 476 de
392 431 495 475 Ales
517 428 720 485 magistro
736 461 746 481 ,
769 424 931 482 insigni
951 424 1072 467 illius
1091 423 1230 467 aetatis
1254 422 1475 479 Theologo
1492 457 1502 476 ,
1536 421 1866 477 diligentissime
1888 426 2155 474 versaretur,
2186 421 2307 463 brevi
2331 424 2439 463 tem-

318 522 435 583 poris
454 518 612 579 spatio,
635 513 885 560 excellentis
904 512 1068 570 ingenii
1088 511 1301 565 bonitate,
1325 511 1498 554 assiduo
1519 511 1688 566 labore,
1710 517 1773 566 et,
1796 511 1912 570 quod
1931 515 2060 570 caput
2077 513 2161 563 est,
2185 509 2322 566 gratia
2342 508 2438 566 Spi-

318 612 428 654 ritus
448 607 594 653 Sancti
613 641 623 661 ,
655 605 732 664 qui
752 619 826 647 vas
845 617 1028 645 aureum
1055 600 1101 644 in
1120 601 1331 644 honorem
1352 601 1536 644 electum
1557 601 1678 645 omni
1708 616 1759 644 ex
1780 606 1900 659 parte
1921 599 2159 653 formabat,
2182 602 2323 640 tantos
2341 611 2442 656 pro-

318 713 490 757 gressus
521 695 645 749 fecit,
680 699 720 736 et
746 692 798 735 ad
825 696 989 734 tantam
1015 689 1222 733 doctrinae
1249 689 1555 748 perfectionem
1582 690 1804 750 pervenit,
1844 695 1893 733 ut
1925 688 2141 742 Doctoris,
2177 692 2219 730 et
2249 685 2443 742 Magistri

318 787 565 845 insignibus
585 785 629 827 in
650 781 931 826 celeberrimo
950 779 1184 823 Parisiensi
1205 779 1443 838 Gymnasio
1465 778 1649 821 solemni
1670 792 1790 821 more
1811 777 2052 830 decoratus,
2075 788 2239 818 sacram
2260 771 2445 815 Theolo-

318 878 435 936 giam
454 874 615 919 ibidem
636 871 808 931 publice
834 869 1050 928 professus
1068 869 1136 911 sit.
1164 868 1349 911 Tantam
1372 881 1471 910 vcro
1501 866 1675 909 laudem
1698 866 1743 908 in
1764 864 2078 923 interpretandi
2101 877 2280 907 munere
2299 895 2309 916 ,
2338 865 2380 904 et
2399 860 2445 903 in

320 967 533 1010 universae
553 959 803 1017 Theologiae
822 958 999 1001 scientia
1019 962 1080 1000 est
1100 962 1356 1000 consecutus
1369 991 1378 1009 ,
1405 961 1455 999 ut
1474 956 1558 999 viri
1579 955 1816 999 doctissimi
1836 954 1929 1013 ejus
1948 954 2189 997 doctrinam
2204 988 2214 1007 ,
2241 957 2282 994 et
2302 949 2448 995 erudi-

320 1055 483 1098 tionem
515 1050 851 1095 admirarentur.
893 1047 947 1089 Et
977 1046 1155 1105 quidem
1193 1045 1458 1104 multiplices
1489 1044 1626 1088 sancti
1652 1045 1736 1088 viri
1775 1043 2125 1098 lucubrationes,
2166 1048 2207 1086 et
2243 1040 2449 1100 praeclara

320 1145 501 1203 scripta,
535 1154 635 1200 quae
655 1138 797 1182 adhuc
823 1151 980 1193 magna
1003 1134 1203 1178 Ecclesiae
1234 1134 1452 1189 utilitate,
1487 1139 1528 1177 et
1554 1149 1643 1178 non
1666 1133 1871 1178 mediocri
1906 1133 1984 1176 Dei
2010 1132 2221 1176 beneficio
2250 1134 2446 1184 exstant,

321 1247 507 1294 quaeque
527 1236 568 1274 et
582 1234 756 1282 nostrae,
775 1231 816 1270 et
832 1224 1108 1284 superiorum
1124 1228 1303 1266 aetatum
1318 1223 1404 1266 viri
1423 1222 1583 1266 eruditi
1606 1222 1744 1265 multo
1762 1237 1864 1265 curn
1878 1222 2025 1265 fructu
2043 1235 2211 1280 semper
2230 1220 2447 1277 legerunt,

321 1329 362 1367 et
382 1333 641 1378 magnopere
659 1314 1026 1374 comprobarunt,
1049 1317 1242 1372 quantus
1260 1312 1335 1355 ille
1355 1312 1402 1354 in
1422 1311 1661 1369 Theologia
1681 1311 1842 1366 fuerit,
1869 1311 1970 1354 satis
1989 1310 2223 1354 declarant.
2254 1309 2315 1351 Ea
2334 1308 2451 1351 enim

321 1409 461 1454 divini
479 1406 645 1466 ingenii
663 1405 731 1449 sui
751 1403 1019 1448 monimenta
1038 1402 1221 1460 posteris
1242 1401 1449 1460 reliquit,
1473 1400 1635 1460 quibus
1657 1399 1932 1459 perdifficiles
1948 1434 1959 1455 ,
1984 1405 2024 1442 et
2046 1399 2195 1442 multis
2216 1398 2452 1442 obscurita-

322 1500 438 1543 tibus
458 1497 667 1542 involutae
689 1493 948 1554 quaestiones
971 1506 1129 1548 magna
1149 1491 1417 1549 optimorum
1438 1493 1801 1546 argumentorum
1822 1488 1961 1547 copia,
1984 1488 2070 1542 via,
2095 1493 2136 1531 et
2155 1487 2322 1541 ordine,
2347 1502 2454 1530 enu-

321 1589 477 1641 cleate,
504 1602 552 1630 ac
569 1583 758 1629 dilucide
783 1582 1076 1641 explicantur,
1100 1579 1204 1623 fidei
1224 1579 1445 1622 catholicae
1467 1577 1626 1621 veritas
1645 1577 1917 1633 illustratur,
1941 1577 2171 1636 perniciosi
2191 1591 2383 1632 errores,
2410 1581 2452 1620 et

322 1678 515 1738 profana:
536 1676 718 1719 haereses
737 1672 1046 1732 profligantur,
1070 1675 1112 1713 et
1130 1669 1213 1728 piae
1233 1669 1435 1712 fidelium
1454 1673 1618 1712 mentes
1637 1667 1691 1710 ad
1713 1668 1790 1711 Dei
1811 1683 2022 1722 amorem,
2046 1673 2086 1711 et
2105 1667 2289 1711 coelestis
2304 1667 2455 1726 patriae

324 1767 587 1812 desiderium
608 1762 921 1808 admirabiliter
945 1762 1295 1804 inflammantur.
1329 1758 1433 1802 Fuit
1452 1757 1570 1801 enim
1602 1757 1648 1800 in
1679 1757 1724 1801 S.
1749 1758 2061 1801 Bonaventura
2092 1756 2136 1799 id
2158 1756 2454 1815 praecipuum,

325 1863 366 1901 et
380 1856 618 1914 singulare,
635 1858 790 1897 utnon
803 1852 947 1896 solum
965 1848 1304 1908 argumentandi
1322 1848 1578 1902 subtilitate,
1595 1846 1778 1890 docendi
1795 1846 2016 1902 facilitate,
2035 1845 2274 1890 definiendi
2287 1845 2460 1890 solertia

325 1949 562 2005 praestaret,
585 1942 659 1986 sed
677 1942 827 1985 divina
843 1940 1031 2000 quadam
1053 1939 1221 1982 animos
1242 1937 1526 1998 permovendi
1546 1936 1591 1980 vi
1615 1936 1845 1980 excelleret
1864 1952 1872 1978 :
1897 1936 1956 1979 sic
1974 1935 2090 1978 enim
2114 1933 2339 1978 scribendo
2358 1949 2458 1978 cum

325 2049 496 2079 summa
513 2031 757 2077 eruditione
777 2045 925 2089 parem
945 2028 1115 2089 pietatis
1132 2028 1332 2072 ardorem
1351 2026 1603 2085 conjungit,
1627 2031 1676 2068 ut
1695 2025 1900 2069 lectorem
1922 2024 2114 2068 docendo
2137 2028 2329 2078 moveat,
2353 2028 2394 2066 et
2412 2023 2459 2066 in

325 2123 503 2167 intimos
517 2121 654 2165 animi
670 2135 858 2164 recessus
874 2119 1099 2174 illabatur,
1118 2133 1166 2162 ac
1180 2117 1371 2176 denique
1386 2115 1620 2175 seraphicis
1634 2114 1899 2173 quibusdam
1914 2113 2073 2157 aculeis
2091 2128 2163 2157 cor
2176 2117 2457 2172 compungat,

327 2219 368 2257 et
388 2213 501 2256 mira
521 2211 763 2256 devotionis
787 2210 1016 2254 dulcedine
1037 2208 1271 2268 perfundat
1289 2225 1298 2263 3
1323 2222 1456 2266 quam
1477 2220 1578 2249 sane
1599 2205 1788 2262 gratiam
1815 2203 1863 2246 in
1883 2202 1977 2261 ejus
1997 2217 2096 2255 ore,
2121 2207 2162 2245 et
2181 2202 2348 2245 calamo
2378 2200 2461 2244 dif-

327 2303 470 2347 fusam
489 2301 708 2346 admirans
735 2299 1017 2358 praedecessor
1035 2304 1180 2342 noster
1200 2298 1350 2341 Sixtus
1368 2296 1431 2340 IV
1459 2294 1660 2338 Pontifex
1681 2293 1794 2337 illud
1815 2293 1957 2336 dicere
1986 2308 2075 2336 non
2095 2292 2340 2346 dubitavit,
2365 2290 2462 2350 Spi-

328 2392 462 2436 ritum
485 2391 694 2435 Sanctum
719 2390 765 2432 in
786 2404 835 2432 eo
854 2389 1045 2432 locatum
1064 2388 1218 2432 videri.
1250 2387 1361 2431 Cum
1380 2385 1517 2444 igitur
1536 2399 1660 2428 servo
1681 2383 1802 2427 fideli
1830 2388 1917 2425 tam
1939 2382 2079 2426 multa
2095 2417 2105 2437 ,
2141 2388 2182 2426 et
2207 2381 2413 2441 praeclara
2438 2397 2463 2424 a

329 2481 515 2525 Domino
536 2480 698 2523 talenta
717 2483 857 2522 essent
875 2478 1035 2522 credita
1051 2513 1060 2533 ,
1089 2483 1137 2521 ut
1156 2478 1243 2521 illis
1261 2476 1315 2520 ad
1336 2476 1522 2519 fratrum
1542 2473 1777 2517 utilitatem
1797 2472 2073 2527 exercendiS,
2096 2477 2137 2515 et
2158 2469 2434 2528 negotiandis
2449 2505 2459 2525 ,

331 2570 514 2615 coelestis
533 2568 682 2627 gratiae
708 2568 931 2611 thesauros
956 2567 1268 2626 amplificaret,
1297 2566 1447 2609 divino
1467 2563 1649 2608 consilio
1675 2567 1717 2605 et
1743 2577 1917 2605 summo
1937 2561 2069 2605 totius
2089 2561 2156 2604 sui
2176 2560 2342 2604 ordinis
2361 2574 2462 2603 con-

332 2677 459 2705 sensu
475 2695 485 2715 ,
508 2660 661 2703 Romae
692 2658 890 2701 Minister
908 2657 1123 2715 generalis
1148 2656 1358 2715 septimus
1383 2659 1478 2714 post
1502 2653 1678 2696 beatum
1703 2651 1738 2694 F
1741 2651 1984 2694 ranciscum
2011 2655 2074 2693 est
2100 2650 2264 2693 factus:
2296 2664 2384 2708 quo
2415 2648 2462 2691 in

334 2751 465 2795 officii
490 2764 671 2793 munere
700 2764 788 2792 non
807 2748 949 2791 solum
970 2746 1275 2807 prudentiam,
1298 2743 1594 2801 vigilantiam,
1618 2740 1960 2784 sollicitudinem
1986 2737 2212 2797 praestitit,
2243 2737 2316 2780 sed
2345 2741 2463 2780 tanto

334 2839 534 2883 fraternae
553 2837 772 2881 charitatis
791 2837 943 2881 ardore
964 2836 1148 2890 exarsit,
1182 2840 1389 2893 tantaque
1408 2831 1653 2875 christianae
1685 2828 1947 2872 humilitatis
1967 2827 2224 2872 demissione
2256 2826 2464 2869 fratribus

335 2928 586 2983 inservivit,
614 2933 663 2971 ut
681 2927 726 2970 in
746 2942 795 2970 eo
816 2926 926 2969 illud
946 2925 1183 2970 Salvatoris
1203 2927 1508 2982 agnosceretur
1526 2937 1534 2963 z
1567 2919 1652 2974 Qui
1672 2918 1821 2977 major
1840 2924 1903 2961 est
1922 2919 1970 2961 in
1988 2916 2121 2968 vobis,
2146 2917 2205 2960 sit
2224 2922 2362 2958 vester
2381 2915 2464 2958 mi-

336 3019 487 3062 nister.
517 3016 634 3069 Quin
656 3022 696 3059 et
723 3016 803 3074 piae
823 3015 1042 3059 memoriae
1062 3014 1345 3074 praedecessor
1364 3017 1509 3056 noster
1529 3010 1731 3054 Clemens
1756 3008 1876 3067 Papa
1900 3007 1978 3062 IV,
2002 3006 2078 3065 qui
2099 3010 2296 3048 sanctum
2318 3004 2464 3047 virum

337 3107 464 3151 valde
484 3105 662 3160 dilexit,
698 3110 739 3147 et
765 3104 858 3163 ejus
885 3103 1082 3147 doctrina
1106 3108 1168 3147 est
1200 3102 1383 3146 mirifice
1405 3101 1665 3153 delectatus,
1689 3103 1739 3141 ut
1758 3103 1847 3141 tam
1868 3095 2083 3140 excellens
2102 3095 2266 3149 virtus,
2300 3099 2342 3137 et
2362 3108 2465 3152 pru-

338 3196 485 3241 dentia
517 3195 569 3239 ad
602 3193 844 3237 multorum
876 3192 1110 3236 utilitatem
1147 3192 1292 3236 latiori
1328 3191 1375 3234 in
1400 3204 1552 3249 campo
1586 3191 1862 3241 excurreret,
1897 3185 2114 3242 insignem
2152 3182 2466 3226 Eboracensem

339 3284 753 3344 archiepiscopatum
775 3282 813 3325 ei
845 3282 1017 3326 obtulit.
1051 3282 1130 3324 Ille
1152 3296 1253 3326 vero
1274 3296 1374 3324 cum
1394 3295 1437 3322 se
1467 3294 1491 3321 a
1520 3275 1751 3336 seraphicae
1771 3272 2038 3335 paupertatis
2057 3272 2288 3331 complexu
2315 3271 2466 3316 divelli

341 3390 430 3419 non
449 3372 573 3417 facile
601 3376 838 3431 pateretur,
862 3370 1051 3414 oblatam
1071 3370 1327 3428 dignitatem
1349 3369 1564 3422 modeste,
1591 3370 1722 3424 atque
1742 3364 1968 3408 humiliter
1996 3361 2226 3405 recusavit.
2263 3361 2465 3405 Ceterum

341 3479 443 3507 cum
462 3461 697 3519 Gregorius
715 3459 758 3503 X
777 3474 976 3503 summus
995 3459 1198 3504 Pontifex
1218 3461 1272 3505 ob
1293 3457 1571 3517 gravissimas
1590 3453 1838 3497 christianae
1855 3450 2125 3511 Reipublicae
2145 3465 2295 3494 causas
2314 3449 2467 3494 Conci-

342 3552 454 3597 lium
473 3549 674 3610 generale
699 3548 993 3607 Lugdunense
1012 3548 1253 3606 indixisset,
1273 3552 1478 3608 virosque
1496 3543 1736 3599 sanctitate,
1752 3542 1964 3596 doctrina,
1983 3540 2196 3600 sapientia
2216 3544 2466 3600 praestantes
