2613 3990
79 1822 197 1851 Divisio.

1102 208 1349 250 DISTINCT.
1381 207 1524 249 XXIII.
2314 215 2364 252 75

243 303 460 348 solitarius
490 303 762 347 confitendus
794 307 855 346 est
885 302 1027 356 Deus,
1050 299 1155 359 quia
1184 298 1481 356 singularitas,
1508 296 1578 341 vel
1602 296 1807 350 solitudo,
1831 311 2116 355 personarum
2137 300 2364 358 pluralita-

241 385 327 424 tem
365 380 582 436 excludit,
613 385 655 424 et
692 379 916 424 diversitas
951 377 1164 421 unitatem
1197 375 1389 419 essentiae
1420 373 1549 418 tollit.
1589 373 1824 417 Diversitas
1852 373 2023 417 inducit
2048 377 2363 433 separationem

239 457 511 512 Divinitatis3
534 457 812 515 singularitas
837 455 990 499 adimit
1018 453 1338 498 distinctionem
1368 450 1608 495 Trinitatis.
1644 451 1745 494 Ideo
1770 451 2057 504 Ambrosius,
2096 451 2143 495 in
2175 454 2363 498 secundo

239 534 350 579 libro
378 534 429 578 de
458 534 580 588 Fide,
604 535 663 578 ait
683 537 693 557 ¹
717 550 726 576 :
755 533 885 576 «Non
906 538 968 575 est
987 532 1175 587 diversa,
1191 546 1269 574 nec
1289 528 1526 587 singularis
1544 528 1789 587 aequalitas,
1805 542 1900 583 nec,
1919 527 2048 587 juxta
2069 528 2358 586 Sabellianos,

237 611 411 655 Patrem
447 611 697 670 Filiumque
733 610 1029 665 confundens;
1069 624 1165 664 nec,
1202 608 1326 667 juxta
1364 607 1580 659 Arianos,
1622 606 1797 649 Patrem
1830 606 2083 666 Filiumque
2117 622 2358 653 secernens.

237 688 366 732 Pater
401 689 517 732 enim
548 693 589 732 et
619 688 758 731 Filius
784 687 1105 730 distinctionem
1136 686 1324 740 habent,
1355 682 1673 743 separationem
1706 698 1810 727 vero
1831 699 1920 727 non
1938 683 2115 727 habent.
2140 700 2161 724 1)
2186 684 2295 727 Item
2316 684 2362 727 in

237 767 388 811 eodem
407 767 420 788 ²
443 783 452 810 :
480 783 502 809 «
521 766 648 809 Pater
679 770 720 809 et
749 765 889 808 Filius
917 764 1141 808 divinitate
1161 767 1263 806 sunt
1283 777 1439 817 unum,
1463 775 1542 804 nec
1561 765 1623 804 est
1642 760 1704 803 ibi
1724 761 1979 804 substantiae
1999 761 2262 817 differentia,
2285 777 2362 806 nec

236 844 327 887 ulla
344 843 595 888 diversitas:
613 842 810 901 alioquin
830 857 918 901 quo
940 842 1067 886 modo
1088 856 1229 884 unum
1251 840 1391 882 Deum
1411 838 1622 881 dicimus?
1643 837 1881 882 Diversitas
1903 838 2020 882 enim
2040 839 2187 898 plures
2207 839 2356 882 facit.»

235 921 409 965 Constat
428 935 529 978 ergo
557 935 610 963 ex
628 919 860 978 praedictis,
888 919 992 979 quia
1010 919 1056 962 in
1082 917 1293 962 Trinitate
1323 916 1449 959 nulla
1479 920 1542 958 est
1579 915 1821 959 diversitas.
1864 915 1912 959 Si
1944 921 2090 960 tamen
2122 916 2361 975 aliquando

234 997 280 1042 in
309 997 532 1057 Scriptura
562 997 786 1041 invenitur
812 997 977 1041 dictum
1012 1013 1021 1040 ε
1055 998 1151 1039 Tres
1181 994 1362 1038 diversae
1390 1007 1609 1053 personae,
1652 998 1694 1036 et
1730 992 2008 1052 hujusmodi,
2031 993 2223 1038 diversas
2259 993 2361 1037 dicit

233 1075 466 1119 distinctas.

290 1153 343 1197 Et
361 1153 470 1196 sicut
488 1152 534 1196 in
554 1152 765 1196 Trinitate
786 1167 874 1196 non
895 1157 957 1196 est
975 1150 1220 1205 diversitas,
1242 1149 1301 1193 ita
1321 1163 1399 1192 nec
1419 1147 1718 1207 multiplicitas
1735 1166 1746 1205 ;
1771 1152 1813 1191 et
1842 1147 1939 1191 ideo
1959 1162 2049 1191 non
2070 1152 2132 1191 est
2151 1147 2360 1192 dicendus

235 1231 346 1275 Deus
366 1230 618 1290 multiplex,
641 1230 713 1274 sed
738 1230 880 1274 trinus
906 1235 947 1273 et
965 1228 1164 1287 simplex.
1188 1227 1314 1271 Unde
1333 1226 1610 1281 Ambrosius,
1633 1225 1680 1268 in
1700 1225 1842 1284 primo
1868 1225 1982 1268 libro
2009 1224 2061 1268 de
2086 1224 2200 1283 fide,
2232 1225 2292 1268 ait
2346 1243 2355 1269 :

237 1307 349 1350 «Est
365 1307 412 1350 in
431 1307 559 1351 Patre
578 1312 619 1351 et
637 1307 748 1351 Filio
768 1323 856 1351 non
872 1307 1135 1366 discrepans,
1158 1305 1231 1349 sed
1253 1320 1343 1348 una
1361 1304 1569 1348 divinitas
1591 1320 1600 1346 :
1624 1318 1703 1346 nec
1722 1303 1955 1347 confusum
1975 1302 2094 1361 quod
2116 1318 2258 1346 unum
2277 1309 2356 1359 est,

230 1399 307 1428 nec
324 1384 555 1444 multiplex
574 1399 663 1444 esse
681 1390 819 1444 potest
839 1385 955 1446 quod
977 1384 1231 1428 indifferens
1251 1387 1327 1426 est.
1355 1398 1377 1423 »
1400 1381 1635 1440 Multiplex
1655 1381 1802 1440 itaque
1824 1380 1940 1423 Deus
1957 1395 2048 1423 non
2068 1384 2146 1423 est.

483 1549 756 1593 EXPOSlTIO
784 1549 985 1591 TEXTUS

228 1668 402 1701 Praedictis
422 1667 650 1710 adjiciendum
679 1664 747 1708 est,
786 1668 877 1708 quod
915 1676 991 1698 cum
1028 1666 1142 1698 omnia
1174 1675 1251 1707 quae

474 1716 660 1748 secundum
677 1716 916 1756 substantiam,
936 1718 1001 1747 etc.

279 1822 416 1876 Supra
433 1823 523 1875 egit
542 1823 743 1876 Magister
762 1823 812 1864 de
826 1823 1064 1863 diversitate
1082 1821 1247 1863 divino-

224 1906 323 1935 rum
352 1895 580 1936 nominum
610 1896 654 1936 in
687 1895 889 1948 generali.
914 1894 990 1935 Hic
1009 1893 1156 1947 incipit
1184 1905 1251 1934 se-

223 1966 362 2007 cunda
380 1979 492 2019 parS,
508 1966 553 2006 in
569 1979 653 2019 qua
671 1967 762 2018 agit
780 1967 830 2007 de
844 1966 989 2007 eadem
1006 1966 1051 2006 in
1062 1965 1250 2019 speciali.

223 2037 275 2079 Et
297 2038 501 2091 quoniam
520 2039 716 2091 quaedam
743 2041 844 2079 sunt
863 2038 1037 2078 nomina
1056 2038 1250 2078 substan-

222 2109 351 2161 tialia,
379 2111 576 2163 quaedam
608 2111 807 2160 relativa,
841 2113 882 2151 et
917 2111 1010 2151 haec
1039 2110 1250 2162 contingit

221 2181 484 2222 considerare
504 2182 708 2233 absolute,
733 2185 774 2223 et
792 2182 843 2222 ad
860 2194 903 2223 se
922 2181 1130 2232 invicem3
1154 2181 1247 2222 ideo

221 2250 314 2292 haec
331 2264 428 2305 pars
447 2253 575 2294 habet
591 2256 676 2295 tres
693 2256 853 2307 partes:
872 2254 916 2293 in
934 2253 1071 2306 prima
1091 2253 1181 2306 agit
1195 2253 1246 2294 de

221 2323 471 2364 nominibus
502 2325 869 2376 substantialibus3
897 2325 943 2365 in
981 2325 1167 2366 secunda
1197 2325 1247 2366 de

221 2395 407 2437 relativis
423 2429 433 2448 ,
453 2397 562 2437 infra
575 2429 586 2448 ,
609 2397 872 2438 distinctione
892 2410 994 2438 xxvi
1014 2412 1023 2438 :
1049 2398 1174 2439 Nunc
1195 2398 1246 2439 (le

216 2468 548 2521 proprietatibus
562 2479 839 2520 personarum
862 2480 968 2522 quas
990 2470 1243 2522 frequenter,

219 2539 297 2578 etc.
324 2536 371 2577 In
389 2537 526 2589 tertia,
550 2538 599 2579 de
619 2539 979 2589 substantialibus,
999 2542 1037 2580 et
1057 2539 1245 2580 relativis

218 2606 270 2647 ad
287 2606 470 2647 invicem
484 2639 493 2656 ‚
521 2606 653 2657 infra,
676 2607 942 2648 distinctione
958 2620 1094 2647 xxxin
1116 2623 1123 2648 :
1148 2608 1246 2650 Post

217 2686 348 2729 supra
380 2676 498 2719 dicta
531 2679 711 2719 imerius
743 2678 1022 2721 considerari.
1054 2679 1105 2720 Et
1136 2693 1242 2733 quo-

217 2748 334 2789 niam
366 2749 477 2796 inter
505 2749 682 2790 nomina
707 2750 996 2792 substantialia
1012 2784 1022 2803 ,
1047 2751 1127 2793 hoc
1159 2765 1242 2793 no-

218 2831 339 2870 men,
357 2830 542 2872 persona
555 2853 564 2868 ‚
587 2821 796 2874 excipitur
820 2835 844 2862 a
862 2823 1049 2875 generali
1070 2824 1237 2875 regula,

217 2902 313 2943 quae
330 2894 413 2943 est,
438 2892 550 2945 quod
569 2893 840 2934 substantiale
865 2895 1019 2936 dicitur
1037 2896 1087 2937 de
1107 2897 1242 2937 tribus

216 2962 512 3014 singularitem
536 2963 629 3004 ideo
648 2976 806 3005 nomen
825 2965 937 3007 istud
956 2967 1094 3019 primo
1119 2980 1144 3008 a
1161 2980 1240 3020 ge-

216 3032 349 3072 nerali
366 3034 518 3086 regula
535 3035 702 3089 excipit,
725 3038 948 3078 ostendens
973 3039 1088 3091 quod
1108 3039 1238 3080 dehe-

216 3115 314 3143 mus
332 3103 469 3146 dicere
484 3109 568 3148 tres
585 3120 785 3161 personas
803 3124 810 3150 :
829 3112 869 3149 et
885 3109 1023 3151 hocin
1039 3113 1241 3164 praesenti

216 3173 493 3218 distinctione.
515 3177 707 3221 Secundo
738 3193 840 3222 vero
868 3182 1119 3224 determinat
1138 3185 1240 3237 quid

215 3244 481 3297 significetur
493 3261 569 3302 per
586 3251 667 3292 1106
687 3265 857 3304 nomen,
880 3253 993 3306 Tres,
1011 3258 1052 3296 et
1069 3268 1145 3309 per
1161 3256 1241 3297 1106

215 3328 372 3357 nomen
385 3350 396 3369 ,
417 3318 617 3364 Personas
632 3355 645 3374 ,
665 3336 765 3364 cum
785 3325 966 3367 dicimus
991 3329 1075 3368 tres
1094 3340 1242 3381 perso-

216 3399 316 3439 nas,
340 3388 470 3442 infra,
496 3392 761 3437 distinctione
788 3396 1002 3449 proxima,
1024 3398 1084 3438 ibi
1115 3413 1123 3439 :
1155 3400 1238 3441 Hic

202 3458 445 3512 diliqenter
463 3463 632 3517 inquiri
644 3472 805 3520 oportet
811 3500 819 3508 .
843 3467 985 3509 Prima
1001 3481 1097 3522 pars
1114 3469 1241 3511 habet

259 3542 271 3564 1
285 3543 456 3586 Ambros„
471 3546 508 3578 cle
529 3548 632 3590 Fide,
647 3550 706 3583 lib.
733 3551 774 3592 11,
795 3561 825 3583 c.
856 3559 891 3583 11.
911 3569 950 3574 -—
969 3553 983 3574 2
1007 3552 1106 3592 Ibz'cl„
1127 3553 1185 3585 lib.
1207 3555 1238 3594 1,

1329 1532 1527 1584 quatuor.
1545 1529 1594 1570 In
1607 1529 1746 1583 prima
1766 1528 1968 1580 Magister
1987 1527 2092 1569 illud
2109 1539 2268 1568 nomen
2288 1540 2358 1568 ex-

1328 1602 1430 1655 cipit
1448 1614 1474 1642 a
1492 1600 1682 1654 generali
1694 1599 1861 1652 regula.
1884 1599 1933 1640 In
1949 1600 2134 1641 secunda
2147 1600 2358 1640 rationem

1327 1674 1458 1727 hujus
1476 1672 1734 1726 exceptionis
1747 1671 1991 1724 investigat,
2005 1671 2085 1712 ibi:
2104 1671 2204 1713 Ideo
2223 1672 2360 1714 oritur

1327 1747 1396 1789 hic
1422 1747 1599 1800 qzcoestio
1623 1744 1852 1797 difficilis,
1876 1744 2101 1785 ostendens
2130 1745 2245 1798 quod
2279 1745 2360 1785 fuit

1326 1818 1473 1871 inopia
1499 1817 1680 1859 humani
1711 1815 1883 1869 eloquii.
1919 1815 1966 1856 In
1999 1816 2122 1856 tertia
2155 1815 2358 1869 Magister

1327 1892 1473 1931 contra
1485 1889 1814 1942 assignationem
1835 1887 2024 1941 opponit,
2045 1890 2085 1928 et
2103 1887 2360 1929 determinat

1326 1962 1385 2002 ibi
1407 1977 1416 2003 ε
1442 1962 1521 2004 Sed
1545 1963 1767 2015 quaeritur,
1786 1971 1883 2002 cum
1907 1959 2104 2002 dicamas
2130 1960 2302 2003 Patrem
2321 1966 2360 2003 et

1326 2034 1486 2077 Filium
1501 2037 1541 2076 ec
1562 2033 1772 2086 Spiritum
1791 2035 2002 2074 sanctum.
2024 2030 2074 2071 In
2091 2033 2244 2084 quarta
2265 2032 2359 2085 epi-

1324 2106 1442 2159 logat
1457 2104 1748 2153 determinata,
1770 2105 1817 2143 ut
1834 2103 1972 2153 addat,
1996 2102 2058 2142 ibi
2079 2117 2088 2143 ε
2111 2103 2206 2144 Jctm
2224 2104 2357 2155 suffi-

1325 2180 1495 2228 ciencer,
1518 2179 1703 2230 utputo,
1727 2179 1939 2218 ostensum
1969 2178 2044 2216 est.
2073 2174 2238 2216 Harum
2258 2187 2357 2229 par-

1325 2251 1433 2292 tium
1449 2248 1757 2292 subdivisiones
1775 2259 1850 2301 per
1870 2259 1914 2287 se
1933 2248 2095 2300 patent.

1763 2373 1854 2402 DUB.
1885 2372 1915 2401 Ι.

1586 2453 1659 2484 Una
1677 2451 1750 2482 usia
1757 2476 1768 2492 ,
1788 2452 1857 2482 tres
1879 2450 2092 2491 hypostases.

1375 2535 1550 2577 Videtur
1583 2534 1664 2575 1106
1696 2545 1785 2575 6556
1821 2535 1967 2573 contra
2006 2533 2049 2573 id
2092 2533 2206 2586 quod
2253 2533 2354 2574 dicit

1322 2607 1608 2660 Hieronymus
1623 2607 1636 2628 '⁴
1655 2620 1663 2646 :
1691 2621 1709 2644 α
1725 2605 1958 2646 Taceamus
1974 2606 2058 2645 tres
2074 2605 2323 2658 hypostases
2340 2620 2348 2646 :

1321 2693 1408 2721 non
1425 2681 1548 2721 bonae
1568 2677 1818 2731 suspicionis
1831 2689 1991 2718 nomen
2012 2680 2087 2728 est,
2108 2677 2244 2729 igitur
2264 2690 2352 2718 non

1319 2753 1442 2794 dehet
1461 2752 1556 2792 dici.
1578 2766 1596 2788 ›)
1622 2750 1830 2791 Praeterea
1858 2749 2029 2790 videtur
2057 2748 2171 2801 quod
2189 2761 2351 2790 nomen

1319 2825 1564 2877 hypostasis
1598 2822 1715 2863 nullo
1748 2821 1873 2862 modo
1909 2821 2058 2861 debeat
2092 2820 2252 2873 recipi,
2285 2821 2351 2861 vel

1319 2909 1477 2938 nomen
1495 2896 1594 2937 usia
1610 2926 1619 2944 ,
1642 2893 1741 2947 quia
1759 2892 1928 2933 Boetius
1948 2891 2072 2943 dicit,
2098 2904 2225 2945 super
2241 2892 2350 2933 libro

1318 2969 1751 3011 Proeclic[intentorum
1770 2996 1783 3014 ,
1831 2963 1945 3017 quod
1998 2963 2235 3016 hypostasis
2287 2966 2350 3004 est

1318 3040 1513 3090 materia,
1539 3037 1688 3079 usiosis
1722 3037 1880 3086 forma,
1906 3034 1999 3076 usia
2029 3037 2311 3088 compositum
2335 3050 2343 3075 ε

1317 3112 1389 3152 sed
1405 3111 1449 3151 in
1466 3109 1620 3151 divinis
1630 3120 1716 3148 non
1730 3106 1931 3159 recipitur
1945 3105 2122 3146 materia
2137 3117 2214 3146 nec
2230 3117 2344 3146 com-

1317 3183 1518 3236 positum:
1541 3180 1689 3232 igitur,
1714 3180 1792 3218 etc.

1371 3253 1494 3306 11651).
1527 3250 1757 3291 Dicendum
1793 3249 1907 3302 quod
1938 3248 2225 3302 Hieronymus
2256 3258 2345 3287 non

1317 3325 1415 3366 dicit
1440 3336 1530 3365 non
1552 3325 1636 3363 tres
1661 3333 1750 3362 esse
1777 3321 2038 3375 hypostases,
2065 3320 2165 3373 quia
2189 3319 2342 3359 falsum

1316 3398 1423 3437 esset
1452 3394 1519 3437 vel
1547 3405 1790 3434 erroneum.
1821 3392 1901 3433 Sed
1929 3392 2029 3445 quia
2061 3403 2220 3431 nomeu
2252 3392 2343 3431 erat

1317 3513 1399 3545 6.11,
1421 3501 1666 3541 11.18,19.-3
1680 3500 1828 3533 [birlun.
1847 3499 2145 3539 ¹17.-'⁴Hieron.,
2172 3498 2279 3539 Epist.
2298 3497 2344 3529 acl

1316 3553 1466 3589 Damas„
1483 3549 1642 3589 Quoniam
1656 3549 1793 3587 vetusto,
1807 3549 1831 3579 t.
1852 3547 1876 3578 ll
1891 3571 1902 3587 ‚
1923 3556 1978 3586 ep.
1994 3554 2078 3578 LVII.

2416 1154 2497 1185 Quod

2398 1204 2454 1222 non
2473 1197 2520 1223 de-

2392 1235 2439 1262 bet
2465 1238 2520 1264 dici

2415 1277 2491 1304 Deus

2403 1319 2500 1346 multi-

2398 1360 2473 1395 plex.
