2570 3986
279 305 352 333 xiv
1087 282 1128 322 S.
1162 278 1562 322 BONAVENTURAE
1599 322 1602 325 ,

278 394 359 433 que
390 381 560 419 fortasse
593 378 800 431 amplius,
834 373 1092 426 vigesimum
1125 382 1256 422 agens
1288 381 1448 408 annum
1467 401 1476 418 ,
1508 371 1594 407 toto
1624 368 1802 420 pectoris
1832 368 1980 408 ardore
2013 367 2064 408 ad
2098 369 2393 421 capessendam

279 451 425 490 Christi
448 450 641 490 militiam
664 447 840 488 accinxit
864 458 921 484 se.
946 443 1044 482 Vale
1067 445 1204 494 itaque
1225 440 1379 480 szrcnlo
1401 441 1509 479 dicto
1525 471 1534 487 ,
1562 438 1776 479 Minorum
1797 439 2036 480 institutum
2055 472 2064 488 ,
2087 440 2202 492 quod
2222 440 2262 481 id
2284 444 2395 480 tem-

279 521 391 573 poris
410 534 578 561 summo
607 522 695 560 erat
715 520 754 558 in
779 518 936 557 bonor«¹
953 547 962 563 ,
994 513 1178 565 generali
1212 510 1369 551 ordinis
1399 510 1590 549 ministro
1611 510 1831 562 llaymone
1855 511 2120 562 gubernante
2138 543 2147 560 ,
2170 523 2398 563 aggressus

280 599 339 635 est
362 606 473 633 anno
493 593 544 631 ab
569 592 669 630 orbe
693 589 907 639 irdempto
934 588 1046 625 1243.
1078 582 1339 623 Prolmtionis
1360 581 1408 621 de
1431 593 1547 621 more
1575 581 1786 621 curriculo
1810 594 1979 629 emenso
1997 615 2007 632 ,
2035 582 2183 622 studiis
2208 582 2394 633 illectus,

279 670 314 705 et
339 664 536 705 doctrinis·
554 663 761 712 flagrans,
788 658 968 698 Parisios
988 659 1177 694 actutum
1200 654 1381 693 mittitur
1400 652 1519 692 velut
1544 653 1592 691 ad
1616 653 1875 704 optimarum
1896 654 2075 703 artium,
2099 657 2139 693 et
2158 653 2399 706 disciplina-

280 748 376 776 ruin
398 734 657 785 magistram.
690 729 851 769 Scilicet
874 728 915 767 in
936 740 983 766 ea
1004 726 1205 765 inciderat
1232 729 1444 775 tenip‹›ra‚
1474 723 1518 762 in
1547 723 1702 775 quibus
1731 723 1869 763 studia
1895 727 1936 764 et
1962 727 2071 765 artes
2096 725 2195 764 hinc
2220 724 2399 764 Parisios

280 809 468 846 extorres
494 804 784 856 profugerant.
816 799 900 838 lloc
921 810 1020 837 sane
1042 796 1212 835 nomine.
1235 796 1447 847 majorum
1469 797 1710 833 nostrorum
1731 794 1996 845 diligentiam
2017 808 2286 848 summopere
2305 795 2402 835 lau-

282 878 432 916 damus
447 907 456 921 ,
482 875 554 926 qni
569 906 578 923 ,
601 885 696 912 cum
723 869 1020 909 emmim-issent
1040 881 1081 907 se
1100 867 1318 906 hominem
1339 865 1557 905 communi
1577 865 1687 905 bono
1707 865 1977 917 acquisivisse
1991 898 2001 916 ,
2031 879 2124 906 eam
2144 867 2224 906 sibi
2251 877 2399 907 curam

280 947 560 999 sumpserint,
590 948 635 984 ut
658 944 707 983 ad
733 943 847 982 illam
875 939 1198 979 [niversitatem
1219 937 1562 977 Bonaventurani
1584 937 1824 986 mitterent,
1848 949 1945 988 quae
1962 949 2058 977 01111
2080 938 2196 977 0111111
2217 937 2403 990 discipli-

282 1031 434 1058 narum
456 1028 626 1068 genere,
646 1018 737 1053 tuin
765 1011 1011 1052 lioctoribus
1034 1009 1201 1049 eximiis
1226 1008 1400 1048 ssorebat
1424 1008 1624 1047 maxime.
1654 1007 1772 1047 llaud
1796 1011 1916 1048 erant
1934 1008 2063 1049 nescii
2091 1008 2405 1061 prudentissimi

280 1089 366 1129 Yiri
381 1122 390 1137 ‚
414 1089 567 1128 reterre
589 1084 858 1137 cumprimis,
881 1096 904 1122 a
923 1094 1009 1134 quo
1030 1080 1297 1133 potissimum
1318 1079 1523 1130 magistro
1545 1078 1767 1118 erudiaris.

342 1159 518 1199 l‘znisios
537 1157 609 1197 ubi
638 1156 801 1196 labente
823 1166 933 1193 anno
960 1155 1058 1191 1224
1079 1150 1271 1200 accessit,
1298 1163 1340 1190 se
1368 1150 1608 1190 Alexandro
1638 1150 1781 1190 Alensi
1806 1150 2000 1190 omnium
2024 1150 2163 1203 primo
2191 1149 2405 1191 Minorum

281 1231 431 1283 Alipiae
457 1230 500 1269 in
529 1228 788 1279 disciplinam
809 1225 977 1265 tradidit
1000 1238 1007 1263 :
1039 1223 1112 1275 qui
1134 1234 1343 1273 magnum
1363 1221 1535 1273 juvenis
1558 1221 1782 1273 ingenium
1800 1254 1810 1271 ,
1838 1224 1964 1274 atque
1986 1221 2267 1261 felicissimam
2287 1221 2408 1261 indo-

280 1302 363 1341 lem
388 1301 619 1347 admirans,
650 1298 776 1344 dmi,
803 1295 881 1334 sibi
915 1294 1073 1343 videri,
1099 1309 1117 1331 κ
1136 1293 1247 1345 quod
1269 1293 1313 1331 111
1336 1304 1384 1331 eo
1409 1292 1543 1332 Adam
1564 1304 1649 1332 non
1670 1293 1918 1344 peccasset&
1939 1307 1956 1328 n
1983 1291 2036 1332 Ut
2054 1293 2174 1333 illum
2196 1292 2318 1333 brevi
2337 1292 2407 1333 in-

280 1374 413 1413 stituit
435 1371 595 1412 Alensis
610 1403 619 1419 ‚
650 1382 696 1409 30
723 1367 907 1420 plurima
927 1378 1024 1406 011111
1046 1365 1320 1417 philosophia}
1338 1396 1348 1412 ,
1377 1367 1470 1403 tum
1491 1364 1614 1403 etiam
1643 1363 1870 1414 theologiae
1893 1367 2103 1416 praecepta
2131 1364 2188 1404 illi
2211 1364 2406 1415 tradidit,

280 1445 394 1484 senio
412 1444 624 1483 confectus
644 1439 746 1480 311111
767 1439 867 1478 111110
887 1450 998 1477 311110
1019 1438 1121 1476 1245
1139 1468 1149 1486 ,
1174 1439 1223 1475 ’12
1242 1435 1319 1475 cal.
1342 1434 1606 1487 septembris
1626 1434 1734 1474 Huic
1755 1446 1880 1486 porro
1901 1436 2148 1488 praeceptori
2167 1435 2407 1476 laudatissi-

279 1528 399 1556 mum
420 1515 569 1553 damus
599 1513 789 1553 Ecclesife.
811 1511 1023 1551 doctorem
1043 1507 1413 1556 Bouaventumm,
1437 1519 1523 1547 non
1543 1505 1693 1547 Joanni
1714 1506 1953 1560 Rupellensi
1967 1540 1976 1557 ,
1998 1507 2065 1547 vel
2085 1508 2221 1548 cuivis
2241 1507 2322 1548 alio
2337 1506 2411 1547 Mi-

279 1599 435 1626 norum
462 1584 679 1635 magistro.
712 1583 759 1624 Ei
785 1582 993 1635 siquidem
1022 1579 1184 1620 Alensis
1210 1579 1372 1619 facilem
1403 1578 1552 1618 stravit
1572 1577 1623 1631 (a)
1655 1578 1771 1618 viam
1799 1579 1851 1619 ad
1879 1582 2036 1619 ceteras
2057 1579 2252 1618 scientias
2269 1610 2280 1628 ,
2307 1591 2413 1631 quas

281 1658 513 1710 peroptime
534 1656 691 1705 calluit,
715 1653 1031 1706 comparandas
1055 1651 1192 1699 Quare
1210 1663 1251 1690 se
1271 1650 1329 1690 ita
1346 1649 1487 1690 Alensi
1502 1649 1662 1690 addixit
1680 1649 1994 1701 Bonaventura,
2016 1654 2064 1691 ut
2084 1651 2134 1691 ad
2149 1651 2242 1702 ejus
2260 1650 2414 1703 scripta

286 1733 489 1781 tanquam
511 1727 561 1767 ad
583 1739 737 1766 saxum
760 1725 984 1766 adhaesisse
1004 1723 1211 1763 videatur.

337 1800 383 1840 In
403 1799 603 1839 humanis
623 1798 755 1850 igitur
774 1796 1005 1848 disciplinis
1025 1795 1075 1834 ad
1097 1794 1271 1846 plenum
1293 1792 1483 1832 eruditus
1500 1824 1509 1841 ‚
1534 1792 1786 1845 theologicae
1807 1792 2015 1833 Facultati
2031 1825 2041 1843 ‚
2070 1792 2138 1833 cui
2158 1791 2226 1832 vel.
2246 1792 2298 1832 ab
2317 1791 2415 1832 ado-

283 1871 514 1912 lescentulo
534 1883 580 1910 su
590 1881 804 1921 sumopere
824 1868 990 1908 deditus
1015 1869 1127 1915 erat,
1157 1865 1224 1905 sed
1234 1864 1347 1904 ulam
1367 1863 1542 1903 navavit
1567 1876 1754 1916 operam.
1783 1863 1890 1904 Huic
1909 1866 2037 1904 tantae
2057 1863 2287 1917 disciplinae
2308 1865 2412 1906 adeo

285 1943 461 1984 credidit
478 1954 520 1982 se
534 1974 544 1992 ,
567 1945 613 1981 ut
633 1953 720 1981 non
743 1939 866 1980 modo
887 1937 1125 1990 degustarit
1143 1949 1191 1977 ea
1205 1968 1214 1986 ,
1234 1947 1331 1988 quae
1352 1935 1403 1974 ad
1418 1935 1529 1975 hanc
1550 1935 1767 1976 scientiam
1789 1936 2010 1976 conferunt
2023 1968 2033 1987 ,
2057 1935 2129 1976 sed
2147 1935 2191 1975 in
2210 1936 2282 1976 illa
2298 1936 2416 1978 velut

288 2014 340 2054 ad
363 2014 540 2054 sirenios
560 2012 752 2065 scopulos
772 2009 1041 2051 consenuerit
1067 2008 1208 2048 etiam.
1232 2006 1420 2059 Septimo
1440 2006 1607 2048 Ordinis
1628 2006 1847 2059 pervoluto
1863 2019 1976 2047 311110
1993 2039 2002 2057 ,
2025 2019 2124 2048 011111
2140 2007 2184 2047 111
2204 2020 2321 2048 sacra
2339 2006 2416 2048 Fa-

286 2085 440 2124 cultate
464 2084 562 2123 satis
588 2095 798 2136 superque
818 2085 1009 2122 versatus
1036 2084 1168 2131 esset,
1200 2080 1316 2120 hunc
1343 2079 1581 2132 promeruit
1600 2079 1832 2130 honorem,
1862 2082 1910 2119 ut
1935 2079 2044 2119 inter
2064 2079 2278 2120 Minorum
2301 2082 2416 2132 septa

287 2156 537 2196 constitutus
554 2187 563 2205 ,
596 2154 862 2194 auditoribus
887 2152 1042 2192 nostris
1073 2151 1390 2192 Sententiarum
1416 2150 1562 2191 Libros
1588 2151 1749 2203 legeret
1777 2163 1888 2191 anno
1921 2152 2040 2191 1250.
2073 2150 2167 2191 Jam
2195 2163 2296 2192 vero
2322 2154 2416 2192 tum

287 2227 421 2267 aetatis
446 2238 535 2266 suae
564 2238 696 2265 annos
722 2224 874 2276 agebat
894 2226 944 2264 029
962 2256 971 2274 ‚
1005 2225 1078 2263 aut
1103 2223 1247 2263 verius
1270 2225 1335 2262 30.
1364 2222 1428 2262 Ab
1453 2222 1601 2262 intimo
1629 2222 1680 2262 ad
1708 2235 1959 2274 supremum
1987 2222 2204 2274 dignitatis
2231 2222 2415 2274 gradum

289 2297 482 2352 pervenit
501 2297 620 2337 brevi
640 2311 648 2336 :
681 2308 781 2335 nam
803 2295 875 2335 ubi
894 2298 978 2335 tres
996 2295 1106 2335 inter
1126 2294 1376 2334 domesticos
1394 2295 1502 2334 lares
1522 2294 1568 2333 in
1591 2293 1719 2334 sacris
1737 2293 1998 2346 exponendis
2024 2293 2172 2334 litteris
2193 2294 2417 2346 insumpsit

288 2382 446 2420 annos,
475 2381 497 2409 e
527 2368 694 2422 publico
716 2367 1009 2408 Universit'atis
1033 2367 1125 2407 loco
1145 2378 1316 2407 summo
1337 2378 1436 2406 cum
1453 2365 1649 2406 omnium
1671 2365 1825 2417 plausu
1852 2364 1988 2405 dicere
2016 2365 2141 2417 coepit
2161 2377 2171 2404 :
2203 2365 2345 2418 sicque
2372 2364 2417 2405 in

290 2442 481 2494 utrisque
503 2440 550 2493 (b)
574 2439 779 2480 subselliis
798 2442 990 2479 versatus
1009 2438 1089 2479 fuit
1107 2438 1268 2491 optima
1287 2440 1328 2478 et
1347 2438 1595 2478 auctoritate
1612 2469 1622 2487 ,
1645 2440 1685 2478 et
1703 2437 1829 2477 fama.

345 2512 431 2552 Hoc
448 2512 591 2564 itaque
611 2523 722 2551 anno
740 2512 843 2550 Δ1253
857 2543 867 2561 ,
890 2510 1153 2551 baccalaurei
1173 2522 1333 2550 munus
1354 2508 1364 2562 1
1381 2521 1481 2549 113111
1501 2509 1668 2562 primus
1687 2509 1756 2549 hic
1775 2511 1864 2549 erat
1885 2507 2118 2561 Magisterii
2139 2508 2325 2561 gradus)
2346 2520 2419 2549 su-

293 2583 397 2634 biit;
430 2583 556 2636 idque
583 2583 628 2622 in
649 2581 899 2622 Scholarum
918 2581 1221 2622 instauratione
1240 2614 1250 2632 ‚
1279 2593 1400 2634 quae,
1434 2584 1482 2621 ut
1500 2580 1664 2631 serunt,
1693 2581 1739 2620 in
1764 2580 1944 2621 octobris
1972 2592 2162 2620 mensem
2181 2580 2386 2622 inciderat
2408 2595 2417 2622 :

296 2667 380 2707 quo
400 2667 499 2695 cum
518 2653 642 2694 laude
668 2654 891 2706 perfuncto
909 2684 918 2702 ,
947 2653 999 2693 ad
1024 2652 1216 2693 altiorem
1239 2652 1422 2704 gradum
1441 2684 1451 2703 ‚
1482 2664 1611 2705 quem
1639 2651 2014 2694 Licentiamlorum
2037 2651 2271 2704 appellant,
2292 2651 2337 2692 111
2355 2664 2421 2692 50-

293 2726 438 2778 quenti
460 2737 571 2766 anno
592 2728 814 2778 provectus
833 2725 979 2765 fuisset
995 2757 1005 2774 ,
1035 2724 1116 2764 11151
1144 2723 1385 2765 Academici
1406 2723 1603 2764 acerrimi
1623 2722 1956 2764 Mendicantium
1976 2734 2116 2763 osores
2131 2755 2141 2773 ,
2168 2735 2221 2763 110
2250 2723 2421 2765 Princi-

291 2799 414 2849 pium
428 2829 438 2848 ,
458 2799 507 2837 ut
528 2797 675 2845 aiunt,
700 2797 744 2836 111
767 2795 1005 2849 Episcopali
1024 2796 1134 2837 Aula
1153 2796 1329 2836 haberet
1345 2827 1354 2844 ,
1376 2794 1666 2848 impediissent
1686 2795 1876 2835 omnino.
1906 2794 2009 2844 Quae
2037 2797 2182 2835 tamen
2211 2794 2420 2835 Parisien-

294 2868 408 2908 sium
440 2867 790 2908 Academicorum
818 2867 1047 2920 pertinacia
1074 2879 1160 2908 non
1192 2866 1315 2907 illum
1344 2866 1548 2907 deterruit
1573 2878 1647 2914 00,
1678 2878 1764 2918 quo
1792 2865 1935 2906 minus
1962 2866 2141 2919 puhlicis
2168 2865 2422 2907 lectionibus

295 2940 413 2980 daret
431 2951 617 2991 operam.
650 2939 767 2980 Unde
787 2939 1001 2991 reliquum
1026 2939 1118 2990 iter,
1149 2938 1262 2991 quod
1285 2939 1376 2991 jam
1405 2938 1666 2986 instituerat,
1692 2937 1898 2978 conficere
1917 2937 2125 2990 perrexit,
2147 2940 2188 2978 et
2207 2937 2421 2978 Minorum

298 3010 562 3059 Cathedram,
584 3023 713 3063 quam
726 3012 825 3063 jure
845 3010 1057 3050 Nostrates
1077 3009 1256 3050 assecuti
1273 3009 1454 3060 fuerant,
1477 3009 1530 3050 ad
1547 3020 1711 3049 annum
1730 3020 1866 3061 usque
1890 3011 1992 3049 1:256
2013 3009 2147 3049 multa
2166 3009 2422 3050 Auditorum

297 3082 532 3134 frequentia
552 3082 700 3122 tenuit.
728 3081 819 3121 Una
847 3081 981 3134 igitur
1002 3081 1090 3122 sola
1108 3081 1169 3121 illi
1190 3085 1409 3134 supererat
1427 3081 1545 3121 rudis
1561 3112 1571 3130 ‚
1598 3082 1725 3133 atque
1751 3079 1981 3132 Magisterii
1999 3080 2124 3132 virga
2140 3112 2149 3129 ,
2170 3093 2254 3133 qua
2275 3080 2423 3122 donari

297 3165 384 3194 non
410 3153 572 3206 potuit⁷
602 3156 822 3206 propterea
846 3154 958 3206 quod
984 3153 1030 3193 in
1054 3153 1141 3194 dies
1169 3154 1310 3206 magis
1335 3166 1383 3194 30
1412 3152 1551 3204 magis
1580 3151 1882 3192 Parisiensium
1909 3151 2070 3193 invidia
2098 3151 2312 3204 gliscebat.
2342 3151 2422 3193 Sed

301 3225 402 3278 quid
421 3224 556 3277 potuit
574 3224 903 3264 obtrectatorum
919 3224 1150 3277 procacitas
1163 3225 1182 3264 ἶ)
1206 3225 1384 3278 paulum
1403 3223 1555 3277 oppido
1576 3235 1668 3263 rem
1686 3223 2025 3275 procrastinavit.
2051 3221 2244 3276 Namque
2270 3222 2422 3276 hujus-

299 3296 413 3337 modi
435 3295 571 3348 gloria
587 3327 596 3343 ‚
616 3307 712 3347 quae
733 3294 1042 3337 Bonaventurae
1062 3296 1142 3337 hoc
1161 3309 1273 3337 anno
1293 3296 1523 3338 debebatur
1539 3296 1638 3347 ι11110
1656 3326 1665 3343 ,
1686 3294 1732 3334 in
1751 3298 1998 3347 sequentem
2018 3297 2120 3335 1257
2142 3294 2268 3335 dilata
2285 3294 2380 3335 fuit.

355 3367 435 3408 Sed
455 3379 555 3407 cum
575 3367 619 3406 in
638 3367 831 3407 omnium
852 3367 983 3407 oculis
1001 3368 1165 3409 viveret
1183 3367 1497 3418 Bonaventura,
1518 3378 1701 3419 cumque
1721 3367 1812 3418 ejus
1830 3366 1923 3406 laus
1937 3366 2018 3406 late
2037 3366 2250 3419 longeque
2271 3365 2424 3407 diffusa

302 3442 435 3489 esset,
457 3450 506 3479 eo
527 3438 700 3478 honoris
718 3449 967 3490 progressus
986 3441 1061 3488 est,
1081 3442 1129 3479 ut
1143 3439 1316 3492 Juvenis
1333 3439 1494 3486 adhuc,
1516 3437 1693 3490 triginta
1710 3437 1752 3477 id
1768 3440 1830 3478 est
1847 3439 1889 3478 et
1904 3437 2093 3490 quinque
2113 3449 2248 3478 annos
2267 3439 2395 3478 natus
2409 3469 2419 3489 ‚

347 3535 420 3568 ¹1ta
441 3544 567 3576 suppar
587 3533 737 3573 Scriptor
758 3533 908 3566 Barthol.
930 3534 1069 3566 Pisanus
1088 3534 1122 3565 in
1142 3534 1202 3566 lib.
1224 3536 1387 3576 Confess„
1407 3536 1492 3575 part.
1513 3535 1560 3574 ll,
1580 3534 1678 3583 fruct.
1695 3535 1725 3566 8.

349 3595 391 3635 xa)
411 3595 504 3627 Edit.
526 3595 604 3626 Ven.
624 3594 755 3626 sternit.
770 3611 809 3617 —
825 3593 871 3635 (b)
891 3593 975 3626 [bid.
995 3595 1182 3636 utriusque.
