2613 3990
1079 219 1327 263 DISTINCT.
1356 221 1513 262 XXXII.
2268 236 2345 275 513

227 312 392 365 sapiens
411 325 485 366 per
507 313 692 365 seipsum
709 312 775 353 vel
793 312 941 364 seipso,
964 323 1092 363 quam
1110 312 1250 351 deter-

225 384 359 424 minat
375 396 449 436 per
477 384 784 424 distinctionem
811 383 921 435 quod
955 383 1089 434 seipso
1119 385 1250 434 potest

223 456 357 496 teneri
377 455 660 506 originaliter,
681 458 721 495 et
744 454 986 503 formaliter,
1007 456 1046 493 et
1063 454 1143 493 hoc
1159 454 1215 493 ibi
1237 468 1245 491 ;

227 527 367 573 Quem·
407 529 545 568 autem
583 527 684 568 solet
720 530 866 567 <utrum
903 525 1056 566 Filius.
1092 524 1248 573 Quarto

222 598 332 639 hanc
354 600 496 638 movet
524 597 801 649 quaestionem
825 609 834 636 :
854 595 1006 636 Utrum
1027 595 1148 636 Pater
1167 596 1248 635 du-

221 669 372 722 plicem
392 669 544 708 habeat
562 668 808 720 sapientiam
826 679 979 719 :quam
1000 668 1249 708 determinat

223 739 269 779 in
287 742 452 793 partem
469 739 729 791 negativam,
748 739 969 779 ostendens
988 739 1097 778 hanc
1112 751 1249 791 quass-

224 811 381 851 tionem
399 814 440 852 et
452 813 544 863 ejus
557 810 762 850 rationem
778 822 862 850 non
878 822 965 850 esse
980 810 1248 862 responsione

223 881 421 934 dignam,
452 885 493 922 et
523 882 602 922 1106
631 882 728 922 facit
756 881 813 920 ibi
840 896 848 921 :
871 882 973 923 Post
998 881 1083 922 liceo
1112 882 1249 932 quoert‘

224 954 325 996 solet
349 965 377 995 α
406 952 658 1006 quibusdam
678 967 693 993 .·
718 953 862 994 Utrum
890 963 977 993 una
1001 954 1060 994 sic
1084 956 1247 994 tcmtum

222 1025 454 1076 sapientia.
477 1023 527 1063 Et
554 1023 806 1064 determinat
830 1036 928 1063 cum
955 1024 1036 1063 1106
1065 1023 1177 1075 quod
1204 1023 1248 1062 in

224 1097 425 1140 Trinitate
453 1100 514 1138 est
534 1098 697 1139 dilectio
718 1110 814 1150 quae
833 1100 893 1138 est
910 1097 1090 1137 Trinitas
1104 1129 1113 1146 ,
1135 1100 1175 1137 et
1202 1097 1247 1136 in

224 1169 383 1223 Spiritu
405 1172 547 1210 sancto
568 1172 628 1210 651
654 1170 817 1210 (11166110
841 1182 936 1222 quae
966 1182 1053 1209 non
1074 1172 1134 1209 est
1153 1168 1248 1209 Tri-

222 1242 346 1282 nitas.
367 1241 419 1282 Et
437 1242 518 1283 hoc
537 1242 594 1282 ibi
617 1255 626 1282 ε
653 1244 712 1284 Et
730 1244 841 1284 sicut
861 1243 909 1283 in
936 1242 1158 1283 Ti'z'm’tctte.
1187 1241 1248 1281 Si-

221 1313 377 1354 militer
403 1314 526 1354 tertia
545 1326 642 1366 pars
666 1314 711 1353 in
731 1326 815 1366 qua
843 1313 950 1353 redit
977 1312 1175 1364 Magister
1195 1312 1247 1352 ad

220 1385 498 1438 quaestionem
515 1386 652 1439 primo
669 1386 863 1444 positam,
884 1385 1013 1425 habet
1033 1384 1135 1424 duas
1155 1396 1248 1437 par-

219 1460 295 1498 tes.
318 1456 365 1497 In
391 1457 529 1510 prima
547 1457 712 1510 objicit,
735 1457 941 1509 accipiens
958 1456 1166 1496 rationem
1194 1468 1247 1496 ex

220 1528 569 1570 determinatione
602 1529 774 1569 alterius
811 1528 1069 1581 quaestionis.
1105 1527 1151 1567 Ι11
1183 1540 1247 1567 se-

220 1598 359 1638 cunda
377 1609 479 1638 vero
498 1598 589 1638 loco
612 1597 829 1637 solutionis
848 1609 971 1637 suam
988 1597 1248 1637 insufficien-

219 1668 324 1709 tiam
344 1669 545 1717 ostendit,
564 1671 604 1709 et
625 1668 734 1708 hanc
751 1669 1027 1720 quaestionem
1048 1668 1246 1708 determi-

219 1741 407 1782 nandam
434 1741 577 1781 lectori
596 1740 809 1792 relinquit,
831 1743 871 1780 et
889 1739 968 1780 1106
988 1740 1046 1779 ibi
1073 1752 1082 1779 :
1111 1740 1244 1791 Diffi-

219 1812 425 1854 cillimam
445 1813 555 1854 milti
570 1813 676 1855 Ιιιιηο
696 1814 969 1865 qzcoestv'onem
994 1814 1143 1864 fateor.

660 1939 750 1967 DUB.
782 1939 810 1966 Ι.

466 2017 536 2048 Hac
566 2016 731 2056 sapientia
756 2016 911 2057 sapiens,
933 2018 995 2047 etc.

269 2097 333 2139 Ex
358 2098 497 2139 littera
522 2098 688 2139 elicitur
710 2098 802 2138 talis
821 2098 927 2138 ratio
954 2098 1205 2150 Augustini¹
1233 2115 1241 2140 :

222 2169 298 2211 «Si
318 2169 440 2210 Pater
454 2173 516 2211 est
534 2170 698 2223 sapiens
718 2170 922 2222 sapientia
944 2170 1088 2221 genita
1114 2182 1244 2222 quam

216 2243 385 2294 genuit,
407 2245 447 2282 et
471 2243 552 2282 hoc
573 2245 634 2282 est
652 2242 689 2281 ei
709 2254 797 2282 esse
817 2241 929 2294 quod
949 2254 1116 2294 sapere;
1141 2254 1244 2294 ergo

216 2315 278 2354 est
305 2313 511 2366 sapientia
542 2313 700 2365 genita.
730 2327 749 2350 »
773 2312 948 2353 Videtur
975 2313 1079 2353 illud
1111 2326 1244 2366 argu-

216 2384 410 2422 mentum
430 2393 518 2421 non
536 2381 695 2432 valere,
727 2381 949 2433 quiaillud
979 2394 1067 2422 non
1098 2382 1209 2423 valet
1231 2397 1239 2421 :

223 2468 241 2500 ς(
261 2452 349 2493 Ηο6
366 2455 427 2493 651
448 2452 557 2492 Patri
579 2465 668 2493 esse
685 2452 796 2504 quod
812 2452 992 2505 operari,
1008 2452 1079 2493 sed
1094 2465 1244 2505 opera-

215 2527 286 2565 tur
306 2537 380 2578 per
398 2523 568 2574 Filium,
593 2536 696 2576 ergo
716 2526 778 2564 est
796 2536 870 2576 per
889 2523 1044 2564 Filium
1063 2536 1073 2563 :
1095 2538 1114 2561 ›>
1139 2536 1242 2576 ergo

215 2608 293 2636 nec
311 2595 504 2636 similiter
523 2595 628 2636 illud
646 2597 952 2647 argumentum
972 2594 1096 2635 valet.

270 2665 315 2708 Si
330 2670 379 2708 tu
400 2667 512 2708 dicas
527 2666 640 2719 quod
657 2678 745 2706 non
768 2669 828 2706 est
847 2665 996 2716 simile,
1019 2666 1120 2718 quia
1138 2678 1242 2719 ope-

215 2739 300 2779 rari
320 2740 517 2778 connotat
542 2737 758 2787 effectum,
779 2736 976 2789 obiicitur
997 2736 1111 2790 quod
1130 2736 1241 2777 idem

216 2812 278 2849 est
304 2808 417 2849 Patri
435 2795 522 2849 esse
541 2808 654 2862 quod
674 2820 762 2848 esse
782 2807 949 2848 Patrem
972 2822 980 2848 z
1011 2807 1082 2847 sed
1099 2810 1241 2849 tamen

215 2880 319 2920 illud
348 2882 655 2933 argumentum
677 2892 764 2919 non
792 2878 934 2920 valet:
961 2894 979 2917 α
1001 2877 1122 2919 Pater
1152 2879 1241 2920 dei-

213 2954 298 2992 tate
317 2954 379 2992 est
397 2952 525 3003 Deus,
547 2963 650 3003 ergo
670 2951 822 2991 deitate
840 2952 900 2990 est
918 2949 1040 2990 Pater
1062 2962 1072 2990 z
1097 2965 1115 2988 ›)
1137 2963 1240 3003 ergo

215 3023 406 3064 similiter
423 3035 510 3064 11011
529 3023 639 3064 valet
660 3022 740 3063 hoc
766 3024 1071 3074 argumentum
1094 3036 1103 3062 :
1131 3037 1150 3061 <‹
1170 3021 1242 3063 Est

215 3095 382 3147 sapiens
399 3094 602 3148 sapientia
624 3094 781 3146 genita.
800 3107 818 3130 1)

270 3165 391 3218 Resp.
423 3165 655 3206 Dicendum
679 3164 792 3218 quod
819 3166 1124 3216 argumentum
1150 3164 1240 3204 Au-

217 3238 379 3290 gustini
399 3240 460 3278 est
482 3237 766 3278 necessarium
797 3249 806 3276 :
831 3236 1033 3288 quoniam
1053 3248 1140 3276 esse
1170 3248 1238 3277 sa-

216 3310 422 3362 pientem,
458 3312 498 3350 et
523 3322 636 3360 esse,
665 3309 711 3348 in
743 3307 897 3349 divinis
927 3319 1014 3347 non
1041 3307 1242 3348 differunt

218 3381 343 3422 modo
361 3380 525 3422 dicendi
541 3393 566 3420 a
586 3382 703 3435 parte
722 3379 806 3428 rei,
829 3378 899 3419 sed
916 3379 1053 3439 solum
1073 3391 1098 3418 a
1123 3382 1240 3432 parte

217 3456 358 3493 nostra
380 3465 389 3493 :
410 3465 497 3494 non
526 3452 584 3493 sic
608 3456 748 3493 autern
780 3453 841 3491 est
866 3462 953 3490 esse
979 3453 1019 3490 et
1046 3448 1236 3502 operari3

265 3538 272 3555 ¹
290 3538 389 3578 Aug,
410 3535 449 3567 de
470 3536 574 3576 Tria„
593 3534 650 3566 lib.
668 3536 748 3574 VII,
769 3544 797 3567 c.
816 3542 840 3574 1,
859 3542 894 3564 n.
907 3535 937 3565 2.

455 3607 553 3636 Tou.
584 3607 614 3635 1.

1325 312 1526 362 quoniam
1546 312 1622 352 etsi
1637 312 1800 365 operari
1820 317 2027 365 quantum
2043 318 2095 358 ad
2116 320 2345 375 principale

1324 380 1609 432 significatum
1655 383 1707 423 sit
1748 383 1858 423 idem
1902 387 2014 436 quod
2051 400 2160 440 esse,
2203 394 2345 434 tamen

1324 458 1532 505 quantum
1562 456 1614 496 ad
1644 458 1917 496 connotatum
1952 458 2110 510 differt,
2141 466 2181 503 et
2211 468 2347 516 potest

1324 537 1412 565 esse
1437 530 1709 577 extraneum,
1730 530 1770 567 et
1791 527 1848 567 ita
1872 530 2006 580 potest
2031 530 2089 570 ibi
2121 545 2209 574 esse
2235 536 2346 576 acci-

1324 595 1457 636 dens:
1485 600 1627 638 tamen
1658 598 1738 638 1106
1767 599 1879 651 quod
1907 602 1968 640 est
2001 613 2090 642 esse
2121 602 2273 657 Deum,
2307 611 2347 648 et

1323 678 1411 706 esse
1441 667 1632 719 Patrem,
1655 670 1850 721 quamvis
1869 683 1956 711 non
1987 672 2181 715 differant
2211 690 2347 729 quan-

1323 739 1414 777 tum
1434 739 1485 778 ad
1502 740 1725 780 essentiam
1747 741 1814 782 vel
1832 743 2007 783 modum
2027 746 2203 797 essendi,
2228 749 2348 790 diffe-

1322 812 1425 849 runt
1440 812 1581 850 tamen
1599 814 1807 863 quantum
1825 813 1875 853 ad
1891 814 2066 855 modum
2080 829 2122 856 se
2136 817 2318 859 habendi
2335 834 2345 860 :

1323 881 1434 933 quod
1456 884 1517 922 est
1534 895 1633 923 vere
1653 883 1697 923 in
1717 883 1873 924 divinis
1889 885 2130 927 absolutum
2143 920 2153 939 ,
2176 892 2216 929 et
2233 902 2349 931 com-

1323 954 1517 1003 paratum
1539 965 1548 992 :
1571 956 1610 993 et
1639 942 1747 994 ideo'
1762 966 1850 994 non
1874 956 2021 996 transit
2045 959 2273 1010 paternitas
2304 962 2349 1001 in

1322 1023 1620 1073 substantiam,
1663 1024 1771 1065 sicut
1807 1026 2011 1077 sapientia
2048 1040 2058 1067 ε
2096 1029 2189 1070 1(160
2224 1031 2350 1072 habet

1322 1094 1455 1134 alium
1483 1096 1660 1136 modum
1688 1097 1880 1146 dicendi,
1903 1099 1977 1150 qui
2006 1103 2140 1152 potest
2164 1114 2251 1142 esse
2271 1116 2350 1143 ex-

1322 1167 1495 1206 traneus
1523 1170 1714 1220 respectu
1735 1168 1917 1221 alicujus
1935 1171 2124 1211 attributi
2148 1187 2155 1212 :
2179 1172 2272 1213 ideo
2292 1173 2350 1213 ibi

1322 1240 1382 1276 est
1403 1237 1614 1288 accidens,
1639 1251 1725 1279 non
1747 1242 1889 1280 autem
1917 1241 1962 1281 in
1981 1246 2236 1294 argumento
2255 1244 2349 1285 Au-

1321 1309 1498 1359 gustini.

1754 1388 1844 1416 DUB.
1876 1389 1920 1416 11.

1322 1462 1420 1493 Pater
1447 1471 1517 1494 non
1549 1465 1598 1494 est
1637 1463 1770 1516 sapiens
1804 1465 1969 1505 sapientia
1993 1466 2123 1508 genita,
2150 1469 2208 1501 sed
2237 1471 2348 1512 seipso

1664 1512 1828 1552 sapientia
1847 1512 2007 1553 ingenita.

1374 1589 1549 1631 Videtur
1568 1592 1677 1632 male
1697 1593 1853 1645 dicere,
1876 1595 1976 1647 quia
2003 1596 2112 1637 sicut
2137 1601 2349 1642 aeternitas

1321 1662 1616 1714 appropriatur
1637 1662 1772 1714 Patri,
1794 1665 1851 1705 ita
1882 1666 2089 1718 sapientia
2119 1668 2224 1710 Filio
2246 1685 2254 1710 :
2278 1671 2348 1712 sed

1321 1732 1533 1773 aeternitas
1553 1746 1639 1774 non
1669 1734 1791 1776 debet
1817 1736 1897 1776 dici
1923 1738 2087 1789 genita,
2116 1740 2224 1780 516111
2249 1741 2349 1782 (11611

1320 1803 1540 1845 Anselmus
1569 1805 1614 1845 in
1636 1805 1744 1847 libro
1773 1806 1823 1848 cle
1853 1808 2150 1852 Incarnatione
2189 1811 2314 1854 Verbi
2333 1828 2348 1854 .·

1320 1886 1424 1926 ergo
1450 1888 1527 1916 nec
1555 1877 1759 1928 sapientia
1781 1878 1901 1919 debet
1926 1893 2002 1920 nec
2021 1884 2156 1934 potest
2185 1883 2346 1924 (1161111-

1320 1947 1480 1998 genita.
1504 1947 1609 1988 Item
1637 1949 1671 1988 si
1703 1952 1838 2002 potest
1859 1951 1939 1991 dici
1958 1952 2151 2004 ingenita
2181 1955 2349 2008 sapien-

1320 2018 1398 2069 tia,
1422 2019 1512 2071 pari
1541 2020 1702 2060 ratione
1723 2024 1856 2073 potest
1877 2023 1956 2063 dici
1978 2025 2181 2077 sapientia
2200 2039 2347 2079 proce—

1319 2089 1436 2139 dens,
1459 2093 1499 2130 et
1516 2090 1575 2130 ita
1591 2091 1761 2132 videtur
1777 2094 1891 2145 quod
1908 2095 2112 2147 sapientia
2132 2097 2184 2137 sit
2200 2110 2347 2151 appro-

1318 2161 1504 2213 priabilis
1525 2162 1697 2215 Spiritui
1717 2167 1876 2215 5611610,
1898 2166 2007 2207 516111
2025 2170 2065 2208 61
2083 2168 2202 2209 Filio.
2219 2169 2346 2211 Juxta

1318 2231 1398 2272 hoc
1418 2233 1626 2285 quaeritur
1645 2246 1776 2287 quare
1796 2248 1882 2276 non
1908 2237 2060 2278 dicitur
2087 2241 2273 2291 potentia
2297 2242 2346 2283 de

1314 2305 1517 2356 potentia,
1537 2305 1643 2345 sicut
1662 2306 1866 2359 sapientia
1881 2308 1932 2348 de
1954 2309 2171 2362 sapientia.

1372 2374 1492 2428 Resp.
1516 2375 1747 2417 Dicendum
1768 2379 1882 2430 quod
1902 2379 2106 2432 sapientia
2121 2384 2182 2422 est
2197 2382 2248 2423 de
2267 2396 2346 2424 no-

1317 2446 1505 2487 minibus
1536 2448 1686 2488 mediis
1716 2461 1812 2501 quae
1844 2453 1942 2490 sunt
1975 2453 2074 2492 nata
2108 2465 2344 2506 supponere

1316 2530 1393 2570 pro
1425 2530 1616 2570 persona.
1653 2519 1703 2560 Et
1734 2520 1828 2561 ideo
1863 2521 1972 2562 sicut
2000 2523 2152 2564 dicitur
2180 2525 2230 2566 de
2260 2526 2343 2568 Deo

1321 2587 1442 2637 Deus,
1466 2591 1507 2629 et
1526 2588 1634 2630 Deus
1651 2591 1822 2642 genitus
1840 2596 1880 2632 et
1898 2593 2138 2645 ingenitus,
2161 2595 2219 2636 ita
2237 2596 2343 2637 dici-

1315 2662 1386 2699 tur
1406 2659 1532 2700 etiam
1557 2661 1780 2713 sapientia,
1807 2674 1894 2703 non
1913 2665 2056 2705 tamen
2073 2665 2132 2706 ita
2152 2668 2339 2720 proprie,

1315 2731 1415 2782 quia
1435 2743 1592 2772 nomen
1615 2734 1872 2773 abstractum
1898 2738 1959 2774 est
1977 2737 2160 2788 quodam
2181 2739 2306 2779 modo
2329 2754 2338 2780 t

1316 2802 1452 2854 magis
1480 2806 1623 2843 tamen
1648 2803 1801 2844 dicitur
1830 2805 2032 2857 sapientia
2061 2807 2111 2847 de
2140 2809 2342 2861 sapientia

1315 2885 1443 2925 quam
1463 2874 1675 2915 aeternitas
1693 2875 1743 2915 de
1772 2876 2005 2917 aeternitate
2017 2909 2027 2928 ,
2050 2878 2151 2930 quia
2170 2881 2341 2921 66161111-

1314 2947 1375 2984 tas
1409 2945 1619 2997 significat
1651 2946 1696 2985 in
1724 2947 1876 2998 maJori
1906 2948 2182 2991 abstractione
2210 2964 2340 3004 quam

1315 3016 1541 3068 sapientia,
1564 3020 1604 3057 et
1622 3016 1715 3057 ideo
1746 3018 1884 3069 magis
1904 3019 2106 3061 abstrahit
2126 3034 2152 3062 a
2178 3023 2338 3064 ratione

1314 3088 1506 3140 originis.
1526 3088 1768 3130 Secundum
1788 3090 1869 3130 hoc
1889 3091 2015 3132 etiam
2035 3095 2096 3133 est
2112 3094 2338 3136 conceden-

1313 3160 1417 3199 dum
1443 3160 1557 3212 quod
1587 3161 1716 3212 possit
1743 3161 1824 3201 dici
1852 3163 2055 3215 sapientia
2085 3166 2334 3218 procedens,

1313 3230 1408 3270 licet
1435 3230 1572 3271 adhuc
1598 3230 1740 3270 minus
1765 3233 1947 3285 proprie.
1975 3233 2059 3275 Nec
2086 3236 2198 3277 valet
2225 3237 2338 3280 istud

1313 3305 1644 3353 argumentum;
1665 3303 1861 3354 quamvis
1886 3305 2001 3345 enim
2021 3306 2225 3359 sapientia
2249 3321 2336 3350 non

1314 3374 1366 3414 sit
1401 3373 1746 3426 appropriabiliS,
1784 3373 1965 3427 Spiritus
1999 3380 2165 3418 sanctus
2192 3381 2336 3421 tamen

1313 3457 1387 3497 per
1397 3444 1790 3485 determinationem
1803 3446 2045 3498 adjunctam
2060 3451 2195 3501 potest
2206 3451 2332 3492 trahi.

1366 3517 1430 3558 Ad
1446 3516 1549 3557 illud
1578 3531 1587 3558 :
1617 3516 1753 3566 Quare
1781 3529 1868 3558 non
1898 3518 2050 3560 dicitur
2067 3522 2254 3573 potentia
2283 3523 2335 3564 de

2102 3595 2152 3633 33
