2570 3986
261 270 320 298 ΧΠ
1064 254 1198 297 SlXTI
1228 255 1263 297 V
1291 255 1542 300 LITTERAE.

261 347 330 392 die
350 346 456 390 festo
476 362 501 390 a
521 346 671 405 primis
691 346 880 405 vesperis
901 360 1038 404 usque
1060 345 1113 389 ad
1133 360 1331 389 occasum
1352 345 1454 389 solis
1473 346 1666 405 ejusdem
1688 346 1772 391 diei
1792 346 1943 391 devote
1963 345 2258 404 visitaverint,
2288 349 2380 408 pias

261 436 369 479 inibi
389 435 441 479 ad
462 436 600 478 Deum
622 449 788 494 preces,
812 440 941 493 prout
961 449 1039 477 sua
1055 434 1213 493 cuique
1234 441 1436 492 suggeret
1456 435 1644 491 devotio,
1669 436 1960 492 effundentes,
1983 436 2129 481 decem
2148 453 2310 495 annos,
2338 446 2380 483 et

263 525 437 569 totidem
459 525 758 584 quadragenas
786 525 837 567 de
866 524 1072 583 injunctis
1103 525 1190 580 eis,
1228 541 1303 568 seu
1331 525 1438 568 alias
1469 525 1797 585 quomodolibet
1822 526 1977 570 debitis
2008 526 2272 586 poenitentiis
2304 543 2380 587 per

262 619 492 673 praesentes
525 614 688 657 litteras
722 620 929 672 perpetuo
959 614 1215 669 duraturas,
1249 629 1357 673 quas
1386 614 1467 657 sub
1489 615 1718 674 quibusvis
1750 615 2128 673 indulgentiarum
2147 617 2381 661 revocatio-

261 703 412 757 nibus,
437 703 504 746 vel
523 703 857 747 limitationilms
877 703 1001 746 nullo
1023 703 1150 746 modo
1171 702 1479 762 comprehendi
1500 704 1731 760 volumus,
1767 705 2098 749 misericorditer
2129 706 2174 749 in
2196 706 2381 751 Domino

261 793 521 837 relaxamus.
544 793 754 845 Quocirca
774 792 1034 836 fraternitati
1053 827 1063 848 ,
1090 798 1131 835 ct
1151 792 1397 836 discretioni
1415 798 1565 837 vestra]
1590 794 1832 853 apostolica:
1852 795 2011 854 scripta
2031 795 2309 852 mandamus,
2333 801 2383 840 ut

261 888 489 942 praesentes
509 883 687 937 litteras,
711 888 751 926 et
774 883 819 926 in
837 883 896 926 eis
916 888 1117 925 contenta
1137 898 1426 941 quaecumque
1453 883 1498 926 in
1518 884 1608 926 suis
1628 885 1813 943 quilibet
1835 885 2089 944 provinciis,
2113 886 2379 943 civitatibus,

261 971 466 1027 ecclesiis,
491 977 531 1015 et
550 972 806 1015 dioecesibus
827 971 1076 1015 solemniter
1097 971 1335 1030 publicari,
1366 978 1408 1016 et
1428 973 1481 1016 ab
1501 973 1706 1017 omnibus
1725 974 1920 1033 personis
1941 974 2234 1019 ecclesiasticis
2252 991 2382 1020 5111011-

260 1062 445 1116 laribus,
470 1067 509 1105 et
530 1062 787 1120 quorumvis
807 1061 1011 1104 ordinum
1030 1061 1306 1118 regularibus
1327 1062 1492 1122 ubique
1516 1064 1739 1119 locorum,
1764 1070 1805 1108 et
1837 1064 2034 1122 gentium
2055 1065 2262 1109 inviolate
2287 1081 2383 1125 per-

259 1158 389 1210 petuo
421 1152 640 1195 observari
674 1157 919 1210 procurent.
956 1151 1176 1195 Volumus
1207 1157 1381 1207 autem,
1418 1158 1467 1195 ut
1499 1153 1752 1197 earumdem
1786 1155 2066 1213 praesentium
2098 1156 2383 1215 transumptis

259 1244 388 1285 etiam
410 1241 627 1300 impressis
647 1256 781 1284 manu
807 1240 991 1299 alicujus
1011 1240 1169 1283 notarii
1190 1240 1355 1299 publici
1383 1241 1635 1302 subscriptis
1650 1278 1661 1298 ,
1685 1249 1726 1286 et
1745 1244 1889 1301 sigillo
1909 1245 2095 1304 alicujus
2114 1260 2306 1305 persona>
2335 1245 2382 1290 in

259 1331 468 1388 dignitate
489 1330 769 1374 ecclesiastica
789 1330 1030 1374 constituta}
1051 1330 1256 1386 munitis,
1281 1330 1431 1374 eadem
1452 1346 1630 1390 prorsus
1650 1332 1757 1376 fides
1777 1333 1944 1393 ubique
1973 1335 2252 1392 adhibeatur,
2285 1351 2382 1395 qum

258 1419 361 1480 ipsis
382 1420 664 1480 praesentibus
684 1420 979 1476 adhiberetur,
1003 1420 1039 1464 si
1059 1426 1198 1464 essent
1218 1420 1420 1465 exhibitae
1434 1456 1444 1476 ,
1469 1423 1538 1467 vel
1559 1429 1753 1467 ostensae.
1776 1423 1901 1467 Nulli
1920 1439 2022 1482 ergo
2042 1425 2221 1469 omnino
2242 1425 2383 1470 homi-

259 1527 366 1554 num
387 1510 512 1553 liceat
534 1510 644 1553 hanc
664 1510 869 1569 paginam
889 1515 1154 1566 nostrarum,
1178 1512 1517 1570 approbationis,
1541 1512 1853 1568 innovationis,
1877 1513 2168 1571 decretorum,
2190 1516 2382 1561 declara-

257 1600 411 1655 tionis,
453 1600 757 1656 voluntatum,
802 1600 1001 1660 praecepti
1019 1636 1029 1656 ,
1075 1600 1360 1646 concessionis
1376 1637 1386 1656 ,
1428 1602 1697 1660 elargitionis
1715 1638 1726 1658 ,
1762 1603 2067 1660 relaxationis,
2113 1610 2155 1648 et
2188 1605 2382 1651 mandati

256 1692 519 1749 infringere,
541 1691 612 1736 vel
638 1692 677 1735 ei
697 1707 807 1736 ausu
830 1692 1060 1736 temerario
1080 1693 1308 1736 contraire.
1346 1693 1393 1737 51
1413 1693 1512 1753 quis
1531 1699 1677 1737 autem
1698 1693 1778 1737 hoc
1797 1698 2008 1738 attentare
2028 1697 2379 1756 praesumpserit,

257 1781 600 1838 indignationem
626 1781 936 1841 omnipotentis
961 1782 1067 1837 Dei,
1098 1798 1146 1826 ac
1173 1783 1400 1827 beatorum
1434 1784 1745 1842 Apostolorum
1772 1783 1891 1827 Petri
1919 1788 1960 1827 et
1984 1784 2113 1828 Pauli
2143 1801 2186 1829 se
2211 1787 2383 1831 noverit

255 1871 550 1916 incursurum.
594 1873 708 1916 Datae
739 1873 888 1917 Romae
918 1873 1035 1933 apud
1066 1873 1297 1917 Basilicam
1330 1872 1410 1916 55.
1443 1888 1505 1916 xn
1540 1873 1876 1932 Apostolorum,
1919 1889 2034 1918 anno
2065 1874 2382 1921 Incarnationis

255 1961 488 2007 Dominicae
511 1963 739 2007 millesimo
758 1964 1109 2023 quingentesimo
1128 1963 1423 2022 octuagesimo
1441 1963 1643 2023 septimo,
1666 1963 1804 2023 pridie
1824 1963 1927 2008 Idus
1947 1964 2120 2022 martii,
2147 1965 2381 2011 Pontifica-

258 2056 327 2095 tus
344 2051 481 2096 nostri
500 2068 615 2096 anno
636 2052 778 2096 tertio.
