2613 3990
272 241 348 280 280

271 329 308 369 ei
332 329 441 368 bona
467 334 641 368 aeterna.
675 327 789 367 Unde
822 327 1024 380 sapientia
1056 325 1298 378 superaddit

269 399 497 453 quamdam
521 399 765 440 ulteriorem
790 399 1008 447 virtutem,
1031 409 1127 450 quae
1146 395 1299 436 habili-

271 474 351 518 tat,
386 483 483 524 quae
518 473 759 522 comparata
790 469 840 509 ad
876 469 1122 509 charitatem
1158 467 1300 506 minus

271 542 380 582 bona
400 545 482 591 est;
512 541 582 581 sed
606 543 731 593 prout.
751 540 907 580 claudit
926 540 1186 587 charitatem,
1209 550 1298 578 ma—

265 614 337 666 J'us
356 614 517 653 bonum
538 616 596 652 est
619 612 780 651 ratione
799 613 890 663 ejus
909 611 1022 663 quod
1049 621 1300 663 praesuppo-

270 685 357 724 nit:
392 687 431 724 et
462 685 518 723 ita
541 686 651 735 patet
669 682 780 734 quod
809 682 991 722 charitas
1016 681 1212 734 (praecise
1235 680 1300 720 lo-

271 754 459 809 quendo)
494 757 556 794 est
585 753 985 794 excellentissimum
1015 753 1199 802 donum,
1234 764 1301 791 sa-

271 827 427 880 pientia
453 837 553 866 1010
569 856 578 873 ,
621 824 991 877 111·εο5111111011011(10
1029 824 1119 864 sive
1159 823 1301 875 impli—

271 898 402 939 cando
422 897 582 937 donum
608 896 836 946 charitatis,
859 896 1013 937 dicitur
1035 895 1301 936 excellentis-

271 970 444 1010 simum.

324 1041 387 1082 Ad
412 1039 517 1080 illud
547 1038 661 1092 quod
684 1039 881 1092 objicitur
913 1038 964 1079 de
985 1038 1299 1091 consequentia,

270 1111 495 1153 dicendum
524 1110 638 1163 quod
668 1112 852 1163 utroque
873 1110 998 1149 modo
1020 1109 1132 1150 bona
1160 1112 1235 1150 est.
1259 1109 1302 1151 Si

271 1184 384 1225 enim
416 1182 678 1235 intelligatur
703 1182 753 1222 de
780 1181 983 1221 charitate
1013 1182 1213 1232 increata,
1245 1182 1303 1222 sic

272 1257 360 1310 ipsa
388 1258 451 1296 θεῖ
475 1255 637 1295 (101111111
666 1254 856 1307 primum
880 1257 919 1294 et
942 1254 1209 1307 praecipuum
1233 1269 1240 1295 :
1262 1258 1304 1296 et

272 1328 452 1381 Spiritus
471 1330 641 1367 sanctus
669 1328 729 1366 θεῖ
754 1325 1003 1378 hujUsmodi
1022 1340 1030 1366 :
1053 1338 1157 1378 ergo
1179 1339 1301 1379 opor-

272 1403 328 1441 tet
347 1399 459 1453 quod
481 1399 572 1452 ipsa
593 1399 643 1438 sit
660 1397 843 1451 Spiritus
864 1401 1047 1449 sanctus,
1071 1399 1170 1451 quia
1190 1399 1303 1452 quod

271 1482 345 1524 per
365 1469 802 1523 superabundantiam
821 1470 989 1519 dicitur,
1015 1470 1091 1510 uni
1111 1470 1187 1511 soli
1207 1482 1303 1510 0011-

272 1543 401 1584 venit.
440 1541 483 1582 Si
511 1544 656 1583 autem
696 1542 747 1583 de
778 1542 979 1582 charitate
1011 1544 1168 1591 creata,
1202 1545 1305 1582 tunc

274 1614 574 1667 consequentia
616 1614 849 1666 Augustini
882 1613 1156 1666 intelligenda
1188 1617 1249 1655 est
1280 1627 1305 1654 a

274 1689 391 1739 parte
411 1685 596 1726 nominis
615 1686 687 1725 sic.
711 1685 753 1726 Si
773 1685 955 1726 charitas
975 1689 1113 1726 creata
1132 1690 1193 1726 est
1210 1699 1305 1727 ma-

274 1759 441 1798 ximum
460 1757 570 1797 inter
589 1757 700 1798 dona
718 1759 870 1808 creata,
887 1760 927 1798 et
942 1756 1122 1810 Spiritus
1136 1762 1306 1800 sanctus

277 1830 516 1870 maximum
537 1832 597 1869 est
614 1829 840 1879 donorum,
863 1841 967 1881 ergo
991 1830 1142 1870 melius
1161 1830 1305 1871 nomi-

274 1906 400 1942 natur
431 1901 605 1941 nomine
634 1900 734 1940 doni
766 1900 1136 1952 excellentissimi,
1176 1914 1306 1954 quam

273 1973 369 2013 alio.
405 1972 673 2024 Consequens
691 1984 795 2024 ergo
813 1975 875 2012 θεῖ
899 1976 947 2012 111
980 1972 1161 2025 Spiritus
1180 1986 1304 2014 sanc-

275 2048 341 2084 tus
358 2044 410 2084 sit
430 2043 624 2095 charitaS,
646 2044 716 2084 sed
738 2056 824 2084 non
841 2047 992 2095 creata,
1015 2044 1102 2086 imo
1117 2045 1189 2086 illa
1209 2058 1306 2099 quae

275 2115 381 2157 Deus
398 2119 472 2157 est.

699 2182 789 2210 DUB.
828 2182 870 2210 v.

482 2253 557 2284 Non
576 2252 690 2294 utique
706 2252 784 2285 ideo
806 2252 933 2285 dictum
953 2256 1013 2295 est,
1036 2257 1101 2286 010.

328 2330 446 2379 Quod
466 2330 537 2371 Dei
563 2331 797 2372 substantia
828 2334 888 2372 est
917 2335 1062 2373 nostra
1089 2333 1304 2386 patientia,

275 2402 443 2443 videtur
468 2402 577 2443 male
607 2403 766 2454 dicere,
793 2403 893 2456 quia
913 2404 1094 2446 charitas
1121 2418 1207 2459 qua
1231 2419 1308 2447 nos

275 2473 497 2526 diligimus
520 2473 665 2524 Deum,
685 2486 773 2515 non
793 2477 853 2515 est
872 2475 961 2528 ipse
987 2476 1116 2526 Deus,
1139 2478 1221 2518 nisi
1240 2478 1306 2518 in-

276 2545 521 2597 telligamus
548 2558 633 2598 quo
653 2546 874 2599 diligimus
901 2548 1213 2601 exemplariter,
1239 2550 1308 2590 vel

277 2617 500 2658 causaliter
524 2632 532 2657 :
556 2629 681 2669 ergo,
714 2629 813 2657 cum
833 2618 968 2658 simile
987 2619 1040 2659 sit
1065 2619 1115 2660 de
1144 2620 1309 2673 patien-

277 2687 348 2735 tia,
371 2686 539 2726 videtur
562 2686 675 2738 quod
708 2686 976 2739 Augustinus
996 2689 1106 2730 male
1132 2689 1310 2731 destruit

277 2757 381 2798 illud
401 2758 552 2798 simile.
577 2757 704 2808 Item,
725 2770 824 2798 cum
842 2758 950 2799 Deus
970 2760 1094 2800 faciat
1114 2773 1191 2801 nos
1212 2762 1308 2802 dili—

278 2832 439 2881 gentes,
481 2829 588 2870 sicut
622 2830 840 2883 patientes,
874 2843 1007 2883 quare
1041 2844 1129 2873 non
1158 2833 1310 2874 dicitur

280 2901 388 2941 Deus
408 2901 590 2942 charitas
610 2904 769 2952 nostra,
797 2902 905 2943 sicut
920 2903 1122 2955 patientia
1140 2906 1309 2946 nostra?

334 2973 455 3026 Resp.
479 2973 711 3015 Dicendum
731 2974 844 3027 quod
866 2974 974 3016 Deus
991 2978 1052 3016 est
1072 2977 1253 3017 charitas
1270 2981 1310 3018 et

281 3046 569 3097 essentialiter,
586 3050 625 3087 et
641 3047 861 3088 causaliter
879 3062 887 3087 ε
905 3048 1193 3100 essentialiter,
1210 3049 1311 3102 quia

282 3116 325 3156 in
357 3129 399 3157 se
433 3130 553 3159 amor
588 3122 668 3169 est,
701 3119 938 3169 causaliter,
969 3120 1071 3172 quia
1109 3120 1152 3160 in
1189 3121 1311 3161 nobis

284 3200 472 3228 amorem
499 3190 638 3230 efficit.
669 3189 747 3231 Sed
771 3190 880 3231 Deus
906 3203 994 3231 non
1022 3194 1084 3232 est
1110 3192 1312 3244 patientia

284 3260 572 3311 essentialiter,
603 3262 675 3302 sed
704 3263 840 3303 solum
871 3263 1090 3304 causaliter
1115 3279 1123 3304 ;
1148 3267 1189 3304 et
1218 3265 1311 3305 ideo

286 3331 527 3383 Scriptura,
559 3333 688 3372 istum
723 3334 939 3374 diversum
972 3335 1147 3375 modum
1187 3335 1310 3376 inve-

287 3403 420 3452 niens,
439 3403 539 3445 dicit
568 3403 700 3444 Deum
721 3418 809 3446 esse
838 3407 1085 3459 patientiam
1107 3411 1309 3458 nostram,

287 3479 326 3514 et
343 3475 474 3516 Deum
492 3488 580 3517 esse
598 3476 860 3528 charitatem,
876 3479 966 3519 sine
982 3479 1208 3520 additione.
1228 3478 1312 3520 Ra-

288 3547 346 3586 tio
364 3551 507 3589 autem
538 3548 670 3601 hujus
695 3552 779 3597 est,
811 3550 923 3601 quod
946 3551 1118 3602 quidam
1143 3552 1311 3592 habitus

1030 235 1442 278 SENTENTIARUM
1474 235 1571 276 LlB.
1607 235 1634 275 l.

1375 311 1519 365 dicunt
1533 323 1920 377 incompletionem,
1936 323 2043 364 sicut
2057 325 2269 377 patientia,
2284 338 2392 379 speS‚

1371 399 1411 436 et
1441 396 1706 448 hujusmodi,
1735 407 1831 448 (111εο
1855 407 1940 435 11011
1971 395 2125 436 cadunt
2152 397 2196 436 in
2222 397 2302 438 Deo
2322 409 2395 450 per

1373 468 1614 517 essentiam,
1637 468 1706 507 sed
1729 479 1802 519 pcr
1819 478 2004 515 causam,
2027 466 2126 518 quia
2148 467 2394 519 hujusmodi

1373 540 1471 577 sunt
1490 551 1514 577 a
1541 538 1637 578 Deo.
1663 537 1841 587 Quidam
1864 540 2007 578 autem
2025 541 2124 578 sunt
2147 538 2314 578 habitus
2333 540 2396 579 di-

1373 611 1513 649 centes
1527 610 1883 662 complementum
1897 624 1905 659 ;
1923 612 1963 649 et
1979 609 2226 661 huJ'usmodi
2242 613 2337 649 sunt
2352 610 2395 649 in

1374 679 1457 719 Deo
1477 681 1765 729 essentialiter,
1788 681 1894 722 sicut
1912 681 2108 731 charitas,
2122 684 2162 721 et
2178 681 2394 734 sapientia,

1374 753 1415 790 et
1434 751 1697 803 hujusmodi.
1730 752 1971 793 Notandum
2001 755 2144 793 autem
2178 753 2290 805 quod
2311 753 2400 793 Au—

1374 822 1576 873 gustinus
1594 823 1687 863 vult
1705 823 1856 873 dicere,
1876 824 1989 877 quod
2010 823 2118 864 Deus
2141 826 2202 865 est
2221 824 2401 864 charitas

1375 893 1668 945 essentialiter;
1692 895 1761 936 sed
1787 896 1874 949 ipse
1893 908 1979 936 non
1997 895 2089 936 vult
2113 895 2263 946 dicere,
2287 895 2399 948 quod

1374 965 1427 1006 sit
1446 966 1626 1006 charitas
1646 969 1789 1007 nostra
1807 967 2097 1016 essentialiter,
2126 967 2197 1008 sed
2223 968 2400 1008 causali-

1374 1041 1452 1090 ter,
1475 1042 1516 1079 et
1546 1039 1860 1092 exemplariter.
1888 1039 2091 1089 Quamvis
2118 1039 2231 1080 enim
2255 1052 2402 1081 omncs

1375 1110 1554 1151 virtutes
1571 1111 1754 1151 habeant
1767 1112 1984 1164 exemplar
2003 1111 2340 1163 cognoscitivum
2357 1112 2402 1152 in

1377 1181 1474 1232 Deo,
1499 1185 1539 1222 et
1564 1194 1710 1222 omnes
1729 1182 1911 1222 habeant
1934 1183 2149 1236 exemplar
2167 1184 2401 1224 secundum

1376 1253 1693 1294 similitudinem
1715 1253 2022 1305 longinquam3
2042 1258 2184 1295 tamen
2205 1255 2402 1308 quaedam

1375 1327 1557 1367 virtutes
1583 1338 1670 1367 non
1703 1326 1861 1366 habent
1893 1326 1970 1366 sibi
2004 1329 2334 1380 correspondens
2359 1329 2403 1369 in

1377 1398 1459 1439 Deo
1500 1409 1574 1450 per
1609 1397 1767 1448 omnia,
1805 1397 1913 1437 sicut
1946 1398 2161 1450 patientia,
2196 1412 2292 1451 quae
2319 1400 2403 1440 duo

1377 1470 1488 1520 dicit,
1503 1469 1659 1509 scilicet
1675 1468 1931 1521 passionem,
1952 1471 1992 1509 et
2007 1470 2233 1521 superferri
2250 1471 2404 1523 passio-

1377 1543 1517 1583 nibus.
1552 1541 1769 1591 Quantum
1789 1541 1841 1581 ad
1872 1541 2062 1593 primum
2076 1572 2086 1590 ,
2109 1554 2197 1582 11011
2218 1542 2343 1583 habet.
2359 1543 2405 1583 in

1378 1615 1461 1656 Deo
1490 1614 1833 1667 correspondens,
1852 1614 1923 1654 sed
1952 1616 2160 1666 quantum
2184 1614 2236 1654 ad
2254 1627 2405 1655 secun-

1378 1687 1480 1727 dum
1513 1686 1667 1726 solum.
1697 1685 1883 1726 Charitas
1902 1688 2047 1726 autem
2072 1685 2199 1725 habet
2217 1698 2406 1726 amorem

1379 1758 1455 1798 sibi
1475 1758 1521 1798 in
1540 1757 1623 1797 Deo
1652 1769 1726 1810 per
1750 1757 1894 1797 onmia
1927 1757 2344 1809 correspondentem,
2367 1760 2407 1797 et

1379 1841 1567 1869 amorem
1589 1841 1673 1869 non
1700 1831 1868 1869 tantum
1889 1828 2171 1877 essentialem,
2191 1829 2262 1869 sed
2282 1829 2408 1869 etiam

1379 1900 1645 1953 personalem
1660 1915 1668 1940 ι
1689 1904 1729 1940 et
1745 1900 1838 1941 ideo
1853 1900 1999 1940 dicunt
2014 1899 2282 1940 auctoritates
2296 1900 2410 1952 quod

1381 1971 1562 2025 Spiritus
1581 1975 1752 2013 sanctus
1783 1975 1844 2013 est
1864 1972 2062 2021 charitas,
2082 1985 2167 2025 qua
2191 1972 2410 2024 diligimus

1380 2042 1515 2083 Deum
1537 2055 1546 2083 ε
1569 2045 1611 2083 01
1631 2042 1858 2093 ablativus,
1877 2053 1977 2095 qua,
1995 2043 2096 2082 dicit
2114 2042 2410 2083 habitudinem

1381 2127 1468 2156 non
1487 2117 1655 2155 tantum
1670 2127 1809 2155 causae
1825 2114 2042 2155 efficientis
2056 2147 2065 2165 ,
2087 2114 2159 2155 sed
2175 2114 2302 2154 etiam
2324 2114 2411 2154 for-

1384 2186 1529 2228 malis:
1550 2199 1637 2228 non
1656 2186 1927 2240 perficientis,
1952 2186 2023 2227 sed
2046 2186 2338 2239 exemplantis.

1804 2325 1895 2354 DUB.
1922 2325 1982 2353 VI.

1436 2410 1552 2442 Solum
1570 2412 1620 2442 est
1636 2410 1727 2451 qnod
1751 2409 1870 2441 dividit
1886 2409 1974 2440 inter
1992 2408 2079 2441 filios
2097 2408 2207 2450 regni,
2225 2411 2257 2440 et
2274 2408 2360 2440 filios

1791 2457 2002 2499 perditionis.

1437 2546 1612 2588 Videtur
1629 2547 1710 2588 1100
1731 2547 1839 2588 male
1860 2547 1996 2587 dicere
2025 2547 2076 2587 de
2103 2546 2214 2587 dono
2234 2546 2412 2586 charita-

1383 2619 1459 2669 tis3
1479 2619 1582 2672 quia
1604 2622 1678 2660 aut
1698 2619 1885 2671 loquitur
1905 2618 1955 2659 de
1976 2618 2182 2660 divisione
2202 2621 2413 2671 qnantum

1384 2692 1434 2732 ad
1447 2691 1751 2744 cognitionem,
1772 2693 1844 2730 aut
1860 2693 2072 2743 quantum
2088 2690 2140 2730 ad
2157 2690 2380 2731 veritatem
2402 2702 2411 2730 :

1384 2763 1418 2803 si
1439 2767 1649 2816 quantum
1679 2762 1730 2802 ad
1755 2762 1980 2802 veritatem
1997 2793 2008 2812 ,
2041 2761 2121 2802 hoc
2158 2761 2311 2802 falsum
2335 2765 2411 2812 θεῖ,

1384 2836 1487 2890 quia
1514 2848 1600 2876 non
1630 2835 1768 2876 solum
1789 2835 1833 2875 in
1862 2835 2087 2885 charitate,
2121 2834 2191 2874 sed
2221 2834 2349 2874 etiam
2369 2835 2414 2876 111

1386 2908 1466 2948 11ᾱο
1487 2907 1676 2960 gratuita
1695 2909 1735 2947 et
1748 2919 1820 2960 spe
1839 2906 2060 2956 differunt3
2078 2906 2112 2946 si
2131 2909 2343 2958 quantum
2361 2906 2413 2946 ad

1385 2979 1687 3032 cognitionem,
1712 2981 1814 3019 tunc
1834 2978 2010 3018 minime
2032 2976 2196 3027 dividit,
2219 2977 2319 3030 quia
2339 2990 2413 3018 ne-

1386 3052 1516 3092 scitur
1533 3050 1630 3103 quis
1648 3050 1728 3090 hoc
1747 3049 1911 3090 donum
1925 3049 2092 3089 habeat.

1442 3122 1562 3175 Resp.
1582 3121 1812 3162 Dicendum
1833 3121 1946 3173 quod
1972 3120 2115 3161 omnia
2142 3120 2251 3161 dona
2278 3122 2414 3162 virtu-

1385 3199 1479 3235 tum
1499 3196 1675 3246 possunt
1695 3205 1782 3233 esse
1809 3191 2023 3239 informia,
2048 3194 2203 3244 praeter
2229 3193 2413 3233 charita-

1387 3270 1495 3306 tem:
1515 3268 1556 3305 et
1579 3264 1784 3317 quoniam
1801 3266 1977 3317 possunt
1990 3275 2078 3303 esse
2094 3264 2306 3312 informia,
2326 3277 2416 3317 pos-

1388 3341 1487 3378 sunt
1505 3349 1593 3377 esse
1613 3337 1655 3376 in
1672 3336 1801 3388 justis
1819 3338 1859 3375 et
1875 3335 2178 3387 peccatoribus,
2199 3338 2240 3376 et
2259 3336 2351 3377 ideo
2370 3337 2415 3377 in

1386 3409 1467 3450 illis
1497 3421 1720 3461 nunquam
1749 3409 1996 3460 separantur
2019 3407 2070 3447 ad
2101 3407 2299 3448 invicem.
2335 3407 2414 3448 Sed

1388 3480 1570 3520 charitas
1589 3491 1812 3532 nunquam
1835 3481 1970 3531 potest
1999 3490 2088 3519 esse
2104 3479 2309 3530 informis,
2338 3491 2413 3519 nec

1388 3564 1477 3591 esse
1497 3563 1594 3597 cum
1613 3553 1795 3603 peccato,
1809 3550 1909 3602 quia
1922 3552 2040 3590 actus
2053 3552 2147 3603 ers
2163 3553 2226 3591 est
2238 3550 2413 3602 diligere
