2613 3990
174 1983 265 2010 ivisio.

1154 305 1402 346 DISTINCT.
1436 304 1520 345 XII.
2326 309 2403 347 :209

289 396 381 455 ejus
399 397 473 455 qui
491 397 615 441 misit
633 400 731 441 me?
750 397 797 440 Si
811 411 913 454 ergo
928 396 998 440 hic
1010 396 1272 453 intelligitur
1283 396 1375 454 ejus
1389 395 1600 448 doctrina,
1618 409 1751 453 quam
1766 399 1912 437 tamen
1932 408 2020 437 non
2041 394 2150 438 dixit
2170 410 2309 451 suam,
2332 397 2405 440 sed

286 473 453 527 Patris;
483 480 647 533 quanto
678 473 814 530 magis
851 472 941 516 illic
968 472 1278 529 intelligendus
1307 478 1368 515 est
1396 471 1585 531 Spiritus
1604 477 1778 513 sanctus
1798 470 1849 513 de
1870 470 1962 529 ipso
1980 470 2228 529 procedere,
2251 473 2327 515 ubi
2347 473 2406 517 sic

286 550 346 594 ait
368 566 376 592 :
398 553 460 594 De
479 554 610 595 Patre
619 550 835 610 procedit,
861 556 909 593 ut
926 566 1015 594 non
1028 550 1185 593 diceret
1206 549 1292 592 :De
1314 565 1382 592 me
1404 564 1490 592 non
1511 547 1734 606 procedit?
1756 548 1796 590 A
1816 562 1904 606 quo
1933 553 2080 591 autem
2114 548 2242 592 habet
2270 549 2408 594 Filius

288 632 335 670 ut
355 627 409 671 sit
428 628 544 672 Deus
568 629 647 687 (est
666 627 782 671 enim
802 627 917 670 Deus
936 627 988 670 de
1006 627 1140 685 Deo),
1164 626 1218 669 ab
1236 626 1313 669 illo
1333 626 1483 685 utique
1502 625 1631 668 habet
1651 629 1698 667 ut
1718 625 1849 667 etiam
1875 624 1927 668 de
1955 624 2032 668 illo
2052 625 2253 683 procedat
2274 625 2410 685 Spiri-

289 710 358 748 tus
375 711 560 749 sanctus.
592 705 645 748 Et
664 704 761 748 ideo
787 704 976 763 Spiritus
1006 709 1200 759 sanctus,
1224 709 1269 746 ut
1291 703 1420 746 etiam
1447 702 1499 746 de
1528 702 1642 745 Filio
1673 701 1893 760 procedat,
1916 701 2027 745 sicut
2047 702 2239 761 procedit
2258 703 2310 746 de
2329 703 2411 747 Pa-

287 787 371 837 tre,
396 783 450 825 ab
474 782 566 842 ipso
585 781 714 825 habet
734 781 861 825 Patre
881 783 946 824 ¹...
970 780 1242 840 Quapropter
1257 816 1267 835 ,
1291 780 1367 839 qui
1386 784 1526 839 potest
1553 779 1813 836 intelligere,
1837 779 1883 822 in
1903 794 1952 823 eo
1979 779 2097 838 quod
2118 780 2178 823 ait
2209 780 2374 824 Filius²
2399 797 2408 824 :

285 859 408 904 Sicut
441 859 570 917 habet
597 861 730 902 Pater
760 859 898 902 vitam
932 859 979 901 in
1008 858 1260 917 semetipso,
1286 858 1347 902 sic
1375 857 1496 901 (ledit
1531 865 1572 900 et
1601 857 1714 900 Filio
1748 858 1887 900 vitam
1908 857 2068 901 habere
2088 859 2136 901 in
2155 858 2383 917 semetipso
2397 874 2414 911 ,·

287 952 373 980 non
410 936 502 979 sine
539 936 627 979 vita
663 935 864 979 existenti
894 936 986 994 jam
1021 935 1134 978 Filio
1173 935 1306 978 vitam
1345 936 1517 978 Patrem
1555 934 1739 990 dedisse,
1776 935 1848 978 sed
1885 934 1946 978 ita
1980 950 2081 978 eum
2102 936 2194 979 sine
2221 941 2414 995 tempore

285 1013 500 1071 genuisse,
523 1018 572 1056 ut
591 1013 695 1068 vita,
719 1028 850 1072 quam
870 1013 999 1056 Pater
1019 1012 1130 1056 Filio
1154 1012 1373 1070 gignendo
1393 1012 1527 1066 dedit,
1551 1017 1765 1056 coaeterna
1785 1012 1840 1055 sit
1859 1012 1960 1056 vitre
1986 1013 2148 1069 Patris,
2171 1013 2249 1072 qui
2268 1013 2412 1069 dedit3

285 1090 499 1147 intelligat
526 1091 678 1146 etiam,
709 1091 819 1133 sicut
850 1090 980 1134 habet
1000 1090 1128 1133 Pater
1162 1090 1207 1133 in
1239 1091 1400 1148 seipso,
1429 1096 1478 1133 ut
1508 1090 1559 1133 de
1584 1090 1661 1133 illo
1688 1089 1888 1148 procedat
1921 1089 2110 1149 Spiritus
2142 1096 2331 1146 sanctus,
2358 1090 2416 1133 sic

284 1168 449 1211 dedisse
479 1167 607 1223 Filio,
643 1173 693 1211 ut
712 1168 842 1211 etiam
877 1167 928 1211 de
953 1167 1034 1210 isto
1066 1167 1268 1226 procedat
1290 1167 1404 1210 idem
1425 1167 1614 1226 Spiritus
1641 1172 1843 1223 sanctus,
1866 1172 1908 1211 et
1934 1172 2178 1226 utrumque
2198 1167 2290 1210 sine
2309 1172 2418 1210 teni-

284 1260 402 1304 pore.
430 1246 495 1288 Ita
525 1260 628 1302 ergo
659 1245 824 1288 dictum
857 1249 919 1288 est
950 1244 1164 1303 Spiritum
1191 1250 1389 1288 sanctuni
1417 1245 1468 1288 de
1497 1244 1625 1288 Patre
1655 1244 1900 1303 procedere,
1930 1250 1979 1288 ut
1997 1244 2281 1302 intelligatur
2299 1244 2418 1303 quod

284 1322 412 1365 etiam
434 1322 630 1381 precedit
649 1322 700 1365 de
720 1322 850 1377 Filio,
875 1322 927 1365 de
945 1321 1074 1365 Patre
1096 1337 1184 1365 esse
1205 1327 1246 1366 et
1264 1322 1392 1366 Filio.
1423 1321 1470 1365 Si
1501 1322 1617 1365 enim
1638 1322 1860 1381 quidquid
1879 1321 2008 1365 habet
2028 1356 2038 1377 ,
2060 1321 2113 1365 de
2142 1322 2270 1366 Patre
2289 1322 2419 1366 habet

283 1399 438 1454 Filius,
461 1399 514 1443 de
533 1399 660 1443 Patre
681 1399 809 1443 habet
829 1399 998 1458 utique,
1022 1405 1071 1443 ut
1090 1399 1141 1443 de
1160 1400 1236 1443 illo
1260 1400 1462 1458 procedat
1494 1399 1685 1459 Spiritus
1714 1404 1904 1444 sanctus.
1942 1399 2028 1444 Sed
2069 1400 2195 1444 nulla
2221 1399 2283 1443 ibi
2312 1405 2420 1444 tem-

283 1491 390 1536 pora
406 1477 666 1534 cogitentur,
689 1491 788 1536 quae
809 1476 996 1520 habeant
1016 1477 1139 1535 prius
1159 1482 1200 1520 et
1222 1477 1436 1532 posterius
1456 1494 1465 1532 ;
1489 1477 1594 1536 quia
1612 1476 1676 1520 ibi
1701 1477 1881 1521 omnino
1905 1477 2031 1520 nulla
2052 1482 2169 1521 sunt.
2191 1495 2212 1519 ))

541 1693 811 1736 EXPOSITIO
839 1694 1059 1736 TEXTUS.

286 1824 370 1855 Item
389 1823 563 1865 quaeritur,
582 1833 660 1856 cum
680 1824 823 1865 Spiritus
842 1826 978 1856 sanctus
995 1823 1159 1864 procedat
1176 1832 1196 1855 a
1216 1824 1314 1854 Patre

727 1876 759 1904 et
777 1872 872 1903 Filio.

340 1971 440 2012 Haec
458 1974 521 2013 est
540 1972 724 2013 secunda
741 1984 838 2024 pars
857 1971 902 2012 in
917 1984 1001 2025 qua
1020 1971 1220 2023 Magister
1238 1972 1315 2012 de-

285 2043 485 2083 terminat
506 2043 685 2096 qualiter
702 2042 882 2095 Spiritus
899 2047 1068 2083 sanctus
1085 2043 1271 2095 procedit
1292 2056 1315 2083 a

289 2112 410 2154 Patre
438 2117 480 2155 et
507 2113 614 2155 Filio
642 2129 650 2155 :
679 2118 720 2155 et
751 2115 845 2155 haec
872 2114 1098 2167 parshahet
1132 2117 1315 2166 quatuor

286 2187 445 2236 partes,
465 2186 701 2226 secundum
720 2189 906 2239 quatuor
924 2197 1021 2238 quae
1046 2185 1312 2226 determinat.

287 2254 335 2295 In
374 2256 513 2309 prima
552 2257 707 2310 quaerit
741 2260 892 2298 utrum
932 2257 1113 2310 Spiritus
1148 2260 1317 2297 sanctus

286 2327 406 2379 prius
424 2328 622 2380 procedat
640 2341 665 2369 a
690 2328 833 2380 Patre,
864 2331 905 2369 ct
923 2329 1176 2369 determinat
1204 2329 1317 2382 quod

287 2408 387 2439 nou.
419 2398 467 2439 In
493 2400 677 2440 secunda
699 2400 853 2452 quaerit
872 2403 1018 2440 utrum
1039 2400 1317 2453 principalius

288 2471 328 2508 et
346 2468 529 2521 plenius,
545 2471 623 2512 ibi:
640 2472 762 2514 Nunc
778 2471 1051 2513 tractandum
1068 2475 1145 2514 est.
1159 2470 1315 2522 Tertio,

287 2543 434 2580 utrum
463 2543 630 2596 proprie
657 2556 682 2584 a
711 2543 833 2584 Patre
862 2543 1084 2596 procedat,
1108 2543 1167 2582 ibi
1203 2557 1210 2582 :
1246 2544 1318 2584 Eoe

286 2610 425 2653 eodem
438 2623 564 2655 sensu
582 2614 745 2657 dicitur
763 2616 892 2657 etiam
904 2615 1077 2666 proprie
1089 2613 1318 2678 procedere

287 2693 314 2724 a
340 2683 479 2726 Patre.
503 2684 660 2735 Quarto
685 2687 938 2728 determinat
967 2689 1115 2727 utrum
1136 2685 1319 2739 Spiritus

287 2758 457 2797 sanctus
471 2758 639 2811 proprie
661 2759 858 2812 procedat
875 2771 900 2799 a
917 2758 1038 2799 Patre
1054 2771 1128 2811 per
1142 2757 1316 2807 Filium,

286 2826 344 2867 ibi
365 2842 373 2868 :
395 2829 514 2871 Forte
534 2831 663 2872 etiam
674 2830 814 2882 juxta
841 2831 950 2873 hanc
974 2830 1317 2884 intelliqmtz'am,

290 2898 363 2937 uhi
387 2901 608 2943 confirmat
635 2902 884 2944 auctoritate
907 2902 1057 2943 Hilarii
1083 2903 1197 2956 quod
1225 2901 1320 2956 Spi-

288 2967 398 3009 ritus
413 2975 581 3014 sanctus
598 2974 783 3015 mittitur
802 2987 827 3015 a
847 2973 969 3015 Patre
989 2987 1064 3028 per
1081 2974 1261 3025 Filium,
1280 2977 1321 3014 et

288 3041 486 3091 procedit.

723 3111 815 3140 nuss.
849 3110 876 3139 1.

529 3180 594 3212 Aut
607 3189 627 3212 a
645 3183 725 3213 nato
739 3181 811 3223 jam
831 3181 927 3222 Filio,
949 3185 1018 3224 aut,
1039 3184 1106 3214 etc.

343 3250 518 3295 Videtur
539 3255 652 3298 istud
671 3261 980 3311 argumentum
1006 3259 1293 3300 necessarium
1307 3291 1318 3310 ,

291 3321 392 3373 quia
419 3325 642 3377 cujuslibet
666 3329 1008 3371 contradictionis
1032 3330 1319 3371 necessarium

292 3395 354 3433 est
372 3393 544 3436 alteram
564 3401 726 3449 partem
744 3412 834 3441 esse
854 3413 1002 3441 veram
1019 3401 1033 3423 ³
1054 3416 1063 3442 :
1083 3402 1154 3442 sed
1167 3404 1318 3443 natum

294 3464 335 3502 et
353 3474 444 3510 *non
474 3470 623 3509 natum
653 3475 930 3524 opponuntur
954 3474 1275 3515 contradictorie
1308 3488 1317 3515 :

295 3543 399 3586 ergo
421 3545 586 3579 necesse
609 3542 672 3581 est
689 3542 865 3583 alteram
891 3545 1056 3596 partem
1079 3544 1179 3585 dare
1204 3544 1318 3597 quod

336 3617 348 3638 ¹
364 3618 519 3660 August„
547 3618 586 3651 de
614 3623 747 3664 Trinit„
774 3626 833 3658 lib.
855 3628 933 3666 XV,
964 3636 993 3659 c.
1014 3634 1118 3667 XXVI,
1148 3636 1183 3659 n.
1205 3629 1256 3659 47.
1277 3644 1318 3651 —

534 3691 634 3722 rom.
664 3693 694 3724 1.

1393 1686 1574 1740 Spiritus
1600 1688 1769 1727 sanctus
1790 1686 2013 1739 procedat,
2034 1688 2108 1728 aut
2132 1688 2230 1727 nato
2245 1688 2337 1740 Jam
2357 1686 2387 1727 F
2390 1686 2422 1726 i-

1391 1758 1468 1808 lio,
1503 1761 1576 1798 aut
1605 1769 1692 1798 non
1724 1759 1823 1798 nato
1852 1770 1862 1798 ε
1894 1770 1994 1799 cum
2024 1770 2127 1810 ergo
2155 1757 2357 1811 Magister
2382 1761 2423 1798 et

1391 1830 1659 1881 Augustinus
1673 1829 1953 1882 respondeant
1968 1829 2250 1870 interimendo
2263 1832 2423 1870 utram-

1391 1914 1473 1954 que
1495 1904 1673 1954 partem,
1697 1901 1898 1942 videntur
1917 1901 2027 1941 male
2047 1901 2314 1954 respondere.

1446 1972 1569 2025 Resp.
1607 1972 1843 2013 Dicendum
1872 1972 1985 2025 quod
2014 1972 2240 2013 haereticus
2268 1972 2313 2012 in
2346 1984 2425 2012 sua

1391 2045 1626 2097 quaestione
1645 2045 1862 2097 quaerebat
1886 2044 1937 2084 de
1964 2044 2112 2084 ordine
2139 2043 2425 2096 generationis

1391 2115 1485 2155 Filii
1523 2116 1575 2156 ad
1617 2115 1928 2168 processionem
1969 2114 2150 2168 Spiritus
2187 2115 2337 2165 sancti;
2384 2116 2425 2155 et

1391 2187 1610 2240 quaerehat
1638 2187 1689 2228 de
1720 2187 1867 2227 ordine
1894 2186 2130 2227 secundum
2156 2186 2426 2227 durationem

1392 2261 1433 2299 et
1453 2261 1642 2311 tempus,
1664 2270 1752 2298 non
1779 2258 2013 2299 secundum
2042 2258 2250 2298 rationem
2271 2257 2427 2298 intelli-

1393 2329 1541 2382 gendi;
1574 2332 1615 2370 et
1642 2329 1862 2383 quaerebat
1893 2331 2044 2370 utrum
2072 2329 2190 2382 prius
2215 2332 2340 2369 natus
2365 2330 2427 2368 est

1393 2400 1548 2451 Filius,
1569 2413 1700 2453 quam
1714 2400 1916 2454 processit
1939 2400 2122 2453 Spiritus
2141 2402 2332 2449 sanctus,
2354 2400 2427 2439 aut

1394 2485 1416 2512 e
1436 2484 1638 2513 converso
1661 2487 1670 2513 t
1699 2476 1739 2513 et
1758 2475 1993 2526 utrumque
2013 2472 2169 2513 falsum
2190 2474 2280 2513 erat
2302 2485 2310 2512 :
2332 2470 2426 2511 ideo

1394 2543 1595 2595 Magister
1619 2547 1659 2584 et
1687 2544 1984 2596 Augustinus,
2013 2543 2327 2584 considerantes
2356 2541 2426 2582 in-

1393 2616 1625 2657 tentionem
1663 2616 1878 2667 haeretici,
1915 2617 2004 2658 sive
2047 2614 2427 2667 interrogationem

1394 2689 1631 2730 secundum
1665 2702 1839 2730 sensum
1878 2689 1923 2729 in
1954 2701 2042 2742 quo
2073 2701 2166 2730 eam
2204 2687 2424 2741 proponit,

1395 2761 1642 2814 simpliciter
1670 2764 1711 2801 et
1736 2761 1845 2802 bene
1871 2760 2126 2814 respondent
2151 2772 2246 2800 eam
2275 2759 2427 2800 interi-

1396 2833 1563 2873 mendo.
1593 2832 1658 2873 Ad
1684 2832 1788 2874 illud
1807 2844 1912 2885 ergo
1933 2831 2046 2884 quod
2070 2830 2267 2883 objicitur
2281 2861 2292 2880 ,
2314 2829 2427 2883 quod

1395 2904 1546 2945 divisio
1578 2903 1766 2944 haeretici
1799 2906 1860 2944 est
1881 2915 1957 2956 per
1985 2901 2329 2951 contradictoria3
2364 2899 2426 2941 di-

1395 2976 1578 3016 cendum
1609 2975 1724 3028 quod
1754 2975 1907 3016 falsum
1941 2977 2023 3024 est3
2058 2973 2160 3027 quia
2197 2973 2426 3027 propositio

1395 3047 1716 3088 contradictoria
1746 3046 1950 3099 accipitur
1980 3045 2179 3098 negando
2212 3044 2426 3098 composi-

1395 3119 1553 3159 tionem
1583 3118 1863 3172 principalem
1886 3132 1895 3158 :
1926 3117 1998 3159 sed
2014 3117 2104 3170 ipse
2124 3117 2203 3157 fert
2227 3115 2426 3169 negatio-

1395 3203 1495 3232 nem
1523 3190 1576 3231 ad
1612 3189 1960 3243 compositionem
1994 3200 2083 3229 non
2117 3188 2424 3241 principalem,

1395 3262 1467 3303 sed
1483 3261 1739 3302 intellectam
1757 3261 1802 3300 in
1819 3260 1915 3312 hoc,
1934 3260 2049 3314 quod
2063 3263 2124 3301 est
2142 3263 2258 3309 nato,
2277 3261 2317 3300 et
2333 3258 2426 3299 ideo

1395 3345 1523 3373 causa
1549 3332 1742 3373 falsitatis
1767 3343 1935 3385 semper
1953 3333 2144 3372 remanet
2165 3343 2175 3372 :
2198 3331 2290 3371 haec
2311 3330 2426 3370 enim

1395 3407 1457 3445 est
1484 3404 1586 3444 falsa
1615 3419 1624 3443 2
1662 3419 1681 3442 «
1706 3402 1893 3456 Spiritus
1921 3405 2090 3444 sanctus
2112 3402 2300 3456 procedit
2326 3403 2427 3442 nato

1394 3475 1522 3525 Filio;
1555 3489 1575 3513 >³
1613 3475 1713 3528 quia
1740 3477 1916 3516 notatur
1947 3474 2063 3527 quod
2098 3473 2296 3514 nativitas
2329 3471 2425 3512 Filii

1394 3546 1603 3600 praecedat
1622 3546 1933 3599 processionem
1956 3545 2138 3598 Spiritus
2157 3543 2306 3584 sancti.
2325 3542 2426 3584 Haec

1392 3630 1406 3651 ‘2
1420 3629 1529 3669 Jocm„
1545 3636 1578 3669 v,
1595 3630 1645 3661 26.
1661 3646 1701 3652 —
1718 3627 1858 3669 ³Arist.,
1878 3627 1917 3659 de
1936 3628 2126 3669 Interpret„
2141 3626 2201 3658 lib.
2218 3630 2250 3667 1,
2273 3635 2349 3667 cap.
2363 3625 2425 3660 ult.

2162 3690 2214 3729 14
