2570 3986
273 270 355 299 xm
916 256 977 297 DE
1003 253 1233 297 SCRIPTIS
1264 253 1306 294 S.
1335 252 1755 305 BONAVENTURAE,

1124 380 1260 423 Testis
1292 378 1385 422 Sec,
1422 378 1542 423 XVI.

327 490 517 531 Meminit
553 501 721 542 quoque
756 488 937 528 Joannes
965 487 1221 527 Trithemius
1247 501 1253 526 :
1281 486 1482 538 Reqz'men
1512 485 1806 536 conscientae,
1836 486 1877 527 id
1912 488 1975 527 est
2003 485 2188 527 Parvum
2220 485 2397 535 bonum,

274 561 344 601 lib.
372 565 404 611 1,
429 560 565 601 Priuc.
590 560 691 601 Ecce
714 559 923 611 descripsi
945 569 1035 599 eam
1057 558 1149 600 tz'bz'.
1172 556 1290 606 Quod
1314 568 1415 596 sane
1436 556 1607 596 initium
1629 568 1716 597 non
1734 559 1825 609 jam
1848 556 2038 609 Prologi,
2061 555 2131 596 sed
2155 555 2298 608 Operis
2322 557 2397 596 est.

275 632 380 672 Hinc
400 635 619 685 putamus,
646 631 874 681 Prologum
897 629 1040 682 Operis
1059 630 1237 682 hujusce
1258 628 1310 668 ad
1333 627 1468 667 alium
1493 627 1747 680 Scriptorem
1766 628 1935 679 verius,
1956 639 2086 681 quam
2107 626 2159 667 ad
2179 625 2400 667 Bonaven-

274 706 415 744 turam
443 703 665 755 pertinere.
695 701 898 753 Prologus
922 701 1036 741 enim
1059 700 1155 750 iste,
1180 702 1228 739 ut
1256 699 1467 739 fateamur
1491 699 1699 751 ingenue,
1721 699 1969 751 longissime
1990 699 2115 740 distat
2135 710 2159 738 a
2179 696 2400 738 Bonaven-

274 778 384 816 turre
412 774 608 826 ingenio,
633 773 844 821 doctrina,
873 775 998 824 atque
1026 771 1263 824 scriptionis
1291 782 1464 821 genere.
1483 769 1642 810 Verum
1670 769 1860 811 Oudinus
1884 782 1971 811 non
1998 769 2230 821 Prologum
2251 768 2398 819 modo,

275 847 345 886 sed
367 858 491 885 omno
513 845 626 897 Opus
653 844 778 884 etiam
805 843 854 884 ad
883 842 1145 895 supposititia
1168 841 1389 891 amandat3
1420 853 1467 881 ea
1494 841 1729 893 praesertim
1751 834 1913 881 ratione
1935 841 2088 890 fultus,
2110 840 2224 893 quod
2252 840 2295 879 in
2323 838 2395 879 illo

276 930 358 957 vox
371 918 447 957 ista
464 916 643 967 rectifico
657 915 1077 968 sa‘pissimelcgatur.
1095 913 1173 954 Sed
1190 915 1301 953 errat
1318 911 1510 953 Oudinus
1532 926 1541 952 ε
1564 925 1663 952 nam
1688 913 1723 952 si
1743 913 1795 952 ob
1816 925 1949 953 unam
1971 913 2082 953 hanc
2101 923 2249 953 vocem
2261 910 2404 950 minus

275 989 448 1029 latinam
475 1000 499 1026 a
520 1000 619 1026 vero
653 986 962 1026 Bonuventurae
989 984 1185 1035 Catalogo
1211 983 1549 1036 expungendum
1580 987 1704 1033 esset,
1729 985 1819 1036 Jam
1842 984 1945 1024 illud
1971 996 2045 1036 per
2073 995 2115 1023 se
2143 984 2401 1032 nasceretur,

276 1063 324 1100 ut
344 1059 658 1111 Breriloqztz‘um
678 1057 868 1097 similiter
895 1056 1209 1109 supposititium
1236 1055 1484 1095 habendum
1511 1057 1637 1105 esset,
1661 1055 1867 1108 siquidem
1898 1055 1942 1094 in
1968 1055 2117 1107 quinta
2144 1053 2406 1105 Breviloquz’z·

276 1135 415 1184 parte,
446 1143 534 1182 cap.
565 1141 621 1179 lv,
652 1129 854 1180 leguntur
882 1128 959 1167 ista
981 1140 990 1167 ε
1013 1143 1031 1165 α
1056 1127 1152 1167 ldeo
1183 1126 1320 1178 gratia
1347 1129 1519 1178 gratum
1546 1126 1700 1166 faciens
1726 1127 1987 1166 ramificatur
2009 1127 2055 1165 in
2077 1125 2248 1165 habitus
2267 1124 2406 1164 virtu-

277 1206 384 1250 tum,
404 1214 587 1254 quorum
607 1203 667 1240 est
688 1200 874 1240 animam
896 1199 1169 1239 rectificare...
1193 1197 1355 1237 Rursus
1375 1197 1577 1249 quoniam
1599 1197 1805 1237 rectitudo
1825 1197 1983 1237 animae
2004 1197 2185 1250 perfecta
2204 1195 2398 1247 requirit,

278 1273 389 1326 quod
415 1274 504 1325 ipsa
530 1272 779 1311 ναι-1111001111
799 1270 1032 1310 secundum
1055 1268 1265 1321 duplicem
1285 1268 1484 1309 faciem...
1508 1268 1601 1308 ideo
1628 1280 1795 1308 necesse
1823 1272 1883 1308 est
1908 1269 2097 1308 animam
2122 1269 2332 1321 quantum
2354 1266 2406 1307 ad

278 1344 538 1397 superiorem
567 1342 738 1392 faciem,
765 1341 809 1381 in
831 1354 916 1394 qua
943 1340 1128 1381 consistit
1155 1340 1300 1392 imago
1318 1339 1533 1380 Trinitatis
1554 1341 1749 1388 aeternae‚
1777 1339 1999 1379 rectificari
2031 1351 2104 1391 per
2135 1343 2220 1379 tres
2239 1337 2402 1378 theolo-

278 1416 392 1467 gicas
412 1415 637 1454 virtutes...
667 1412 840 1453 Necesse
863 1414 925 1453 est
946 1412 1073 1453 etiam
1098 1415 1309 1464 quantum
1336 1411 1387 1451 ad
1410 1411 1654 1451 inferiorem
1675 1410 1849 1461 faciem,
1874 1410 2064 1450 animam
2084 1409 2304 1451 rectificari
2333 1421 2407 1462 per

279 1486 330 1528 lv
350 1485 586 1526 Cardinales
606 1485 798 1525 virtutes.
818 1483 924 1525 Nam
948 1484 1172 1537 prudentia
1192 1483 1393 1523 rectificat
1413 1482 1711 1523 rationalem...
1730 1481 1898 1534 justitia
1915 1493 2017 1522 vero
2039 1481 2239 1522 rectificat
2260 1491 2408 1521 omnes

277 1558 352 1598 has
377 1557 487 1597 vires
515 1557 558 1596 in
588 1556 901 1609 comparatione
931 1556 982 1596 ad
1010 1556 1205 1595 alterum.
1229 1568 1247 1590 »
1270 1554 1334 1595 Ad
1363 1558 1521 1595 ceteras
1543 1554 1684 1594 minus
1714 1553 1865 1594 latinas
1891 1553 2066 1594 voculas
2093 1552 2205 1605 quod
2238 1552 2405 1601 attinet,

278 1629 429 1670 Oudini
459 1632 675 1680 stuporem
703 1629 802 1668 satis
829 1627 980 1668 mirari
1012 1639 1098 1667 non
1130 1639 1380 1680 possumus7
1417 1626 1531 1679 quod
1560 1626 1713 1674 11111115,
1747 1628 1821 1665 aut
1852 1625 2037 1665 duarum
2075 1636 2231 1664 vorum
2257 1635 2405 1674 causa,

278 1700 537 1754 Opusculum
560 1700 771 1752 ceteroqui
794 1699 906 1740 mole
926 1699 1134 1751 exiguum
1150 1730 1160 1747 ‚
1185 1698 1338 1751 pietate
1363 1710 1412 1737 ac
1433 1697 1643 1749 religione
1667 1696 1932 1747 maximum,
1956 1709 1981 1736 a
1998 1695 2310 1738 Bonaventurae
2330 1693 2408 1735 Ca-

275 1772 416 1824 talogo
437 1772 610 1824 rejicere
630 1771 745 1812 velit.
770 1770 912 1823 Stylus
932 1771 1089 1811 etenim
1108 1769 1508 1811 Bonaventnrianus
1523 1801 1532 1817 ‚
1554 1770 1604 1809 ut
1625 1768 1727 1808 alias
1747 1768 1998 1808 monuimus
2011 1800 2021 1818 ,
2043 1779 2120 1808 nee
2142 1767 2200 1808 ita
2221 1765 2410 1808 lutulen—

275 1846 343 1884 tus
362 1846 442 1894 est,
465 1846 513 1884 ut
531 1842 748 1883 latinitatis
767 1841 875 1882 nihil
894 1842 1065 1893 habeat,
1088 1854 1166 1882 nec
1184 1841 1242 1882 ita
1261 1853 1416 1894 purus,
1440 1843 1487 1881 ut
1506 1840 1558 1881 ab
1579 1839 1695 1880 omni
1716 1839 1821 1881 vitio
1840 1841 2029 1880 remotus
2053 1839 2120 1879 sit.

1175 2000 1491 2046 EDITIONES.

328 2131 509 2173 Seorsim
536 2131 792 2184 impressum
821 2129 899 2170 fuit
928 2141 1040 2169 anno
1062 2131 1187 2180 1499,
1214 2129 1333 2178 in-S,
1362 2140 1437 2180 per
1463 2126 1700 2168 Johannem
1723 2126 1941 2167 Luschner
1961 2125 2218 2167 Alemanum
2245 2125 2289 2165 in
2316 2124 2406 2165 Mo-

272 2203 453 2243 nasterio
470 2201 517 2243 B.
538 2201 592 2242 M.
606 2201 655 2242 V.
676 2202 726 2242 de
743 2200 885 2241 Monte
902 2199 1086 2241 Serrato.
1108 2199 1227 2249 Quod
1245 2199 1418 2252 quidem
1436 2198 1689 2252 opusculum
1707 2198 1752 2238 in
1770 2198 2036 2251 hispanicum
2054 2197 2213 2238 idioma
2229 2208 2404 2238 versum

272 2275 354 2315 fuit
377 2287 401 2314 a
422 2273 490 2314 Fr.
514 2272 728 2314 Dominico
745 2272 866 2314 Viota
887 2272 1105 2323 Minorita⁷
1129 2272 1377 2324 editumque
1399 2271 1737 2322 Caesaraugustae
1760 2282 1830 2310 an.
1853 2271 1957 2310 1576
1984 2268 2090 2322 (nisi
2119 2269 2224 2309 forte
2253 2268 2299 2308 in
2321 2267 2409 2308 edi-

270 2345 395 2386 tionis
411 2357 522 2386 anno
540 2330 706 2397 signato
723 2356 840 2385 error
857 2343 1001 2397 adsit),
1020 2344 1132 2393 iri-8,
1152 2345 1200 2384 ut
1216 2343 1345 2384 refert
1359 2342 1379 2383 J
1384 2343 1511 2383 ohan.
1532 2355 1558 2383 a
1574 2342 1616 2383 S.
1637 2341 1822 2382 Antonio
1838 2341 1883 2381 in
1900 2340 2006 2381 Bibl.
2028 2339 2152 2382 Univ.
2173 2339 2404 2390 Francisc.‚

271 2420 371 2458 tom.
395 2420 433 2467 1,
455 2428 554 2470 pag.
577 2417 669 2456 158.

1180 2509 1357 2555 Codices
1386 2509 1490 2554 Mss.

328 2637 424 2680 Cod.
447 2649 490 2678 n.
512 2635 680 2678 CLXXX
697 2636 742 2677 in
762 2636 867 2678 Bibl.
891 2636 1065 2677 Monast.
1090 2636 1132 2678 S.
1156 2636 1342 2677 Maurini
1361 2634 1637 2677 Turonensis.
1666 2633 1728 2674 Ita
1748 2632 1994 2684 Montfauc.,
2017 2634 2120 2673 tom.
2142 2635 2191 2683 2,
2219 2644 2262 2685 p.
2288 2633 2405 2672 1339.

330 2709 426 2750 Cod.
448 2721 492 2749 n.
516 2707 677 2750 CCXCH
700 2709 744 2748 in
764 2707 869 2749 Bibl.
890 2707 1338 2762 Trajectino-Batava3
1362 2719 1415 2748 ex
1435 2708 1528 2760 ejus
1551 2705 1697 2754 Catal..,
1718 2717 1818 2758 pag.
1841 2706 1935 2745 449.

332 2779 429 2820 Cod.
450 2792 494 2820 n.
514 2778 676 2821 DCCLV
692 2780 737 2819 iu
756 2779 861 2820 Bibl.
881 2779 1034 2821 Eccles.
1055 2779 1247 2820 Cathedr.
1270 2779 1384 2832 apud
1397 2777 1674 2831 Vigorniam3
1697 2789 1749 2817 ex
1771 2775 1899 2818 Catal.
1923 2774 2018 2816 Mss.
2038 2774 2222 2828 Angliae‚
2241 2776 2344 2815 tom.
2365 2776 2405 2824 2,

280 2853 387 2904 part.
409 2851 446 2900 Ι,
468 2864 565 2905 pag.
589 2853 655 2903 18,
678 2851 754 2892 col.
778 2854 817 2892 1.

771 3012 838 3054 ΙΙΙ.
867 3013 1149 3056 Amatorium.
1172 3012 1310 3054 PrinC.
1333 3012 1521 3054 Proesens
1541 3010 1815 3064 opusculum,
1836 3011 1914 3050 etc.

332 3137 522 3178 Casimiri
545 3136 696 3179 Oudini
716 3139 859 3192 opinio
881 3141 963 3188 est,
984 3138 1244 3192 Opusculum
1265 3139 1346 3179 1100
1365 3137 1529 3178 nemini
1554 3135 1827 3177 referendum
1847 3146 1958 3184 esse,
1980 3144 2111 3187 quam
2131 3131 2190 3183 ei,
2212 3131 2287 3184 qni
2307 3142 2407 3172 con—

278 3208 442 3261 scripsit
469 3208 714 3251 Incendium
741 3211 923 3253 Amoris.
958 3210 1005 3251 In
1036 3223 1167 3264 quam
1199 3211 1454 3251 sententiam
1486 3208 1684 3249 manibus
1716 3206 1981 3260 pedibusque
2011 3203 2330 3250 descendimus,
2360 3214 2410 3243 ea

278 3279 439 3320 ratione
459 3279 587 3330 ducti,
607 3281 720 3333 quod
738 3284 970 3335 utrumque
988 3283 1068 3322 1100
1086 3282 1348 3336 Opusculum
1366 3281 1679 3322 Bonaventurae
1701 3278 1912 3327 indolem,
1931 3275 2187 3327 religionem
2201 3305 2211 3324 ,
2231 3276 2272 3314 et
2291 3285 2409 3314 sanc-

279 3351 439 3391 titatem
470 3351 591 3404 plane
611 3351 731 3391 oleat.
759 3352 903 3404 Operis
930 3357 1073 3395 autem
1098 3353 1325 3406 Prologus,
1346 3352 1501 3406 siquid
1521 3351 1657 3404 sapio,
1682 3350 1996 3390 Bonaventurae
2024 3345 2248 3398 ingenium
2270 3344 2409 3386 neuti-

279 3434 408 3474 quam
427 3422 599 3463 redolet.
623 3422 793 3463 Accedit
815 3424 920 3474 huc,
942 3425 1057 3478 quod
1077 3424 1247 3478 Prologi
1264 3425 1437 3474 Auctor,
1461 3436 1547 3465 non
1563 3424 1655 3476 jam
1674 3422 1720 3462 in
1743 3420 1881 3474 prima
1900 3421 2028 3471 atque
2053 3416 2245 3470 propria,
2270 3416 2341 3457 sed
2361 3415 2408 3456 in

279 3493 401 3534 tertia
423 3506 471 3534 ac
491 3493 628 3534 aliena
646 3505 824 3546 persona
842 3495 961 3548 loqui
979 3496 1187 3538 videatur.
1209 3496 1273 3537 En
1292 3494 1463 3548 Prologi
1483 3494 1615 3536 verba
1635 3507 1643 3534 :
1663 3508 1682 3532 c(
1705 3491 1895 3534 Praesens
1914 3488 2178 3543 Opusculum
2198 3487 2275 3541 qui
2294 3487 2407 3539 lege-

280 3563 356 3614 rit,
387 3564 665 3607 intentionem
693 3577 782 3606 esse
809 3565 912 3607 sciat
938 3566 1105 3620 Opificis
1120 3599 1130 3618 ‚
1161 3568 1366 3621 quasdam
1394 3567 1645 3609 Sanctorum
1673 3561 1946 3605 auctoritates
1977 3560 2056 3601 sub
2086 3557 2404 3601 continuatione
