2613 3990
59 572 143 600 Forte

29 614 162 649 implicite

38 655 88 682 sed
113 663 161 681 ex-

48 703 144 732 presse

25 746 161 773 nusquam

53 1066 153 1100 Neque

33 1108 86 1134 hoc
112 1116 160 1134 ex-

36 1157 144 1187 presse.

867 268 998 310 DIST.
1027 267 1096 309 XI.
1128 266 1249 307 ART.
1281 266 1313 306 I.
1341 266 1540 316 QUAEST.
1573 268 1603 307 l.

186 361 341 412 Graeci,
374 361 476 414 quia
516 364 869 414 comparaverunt
900 358 1208 412 processionem

183 436 387 474 aeternam
403 433 657 486 processioni
672 432 808 484 magis
822 430 1042 484 spirituali,
1058 432 1098 469 et
1114 429 1207 470 ideo

181 502 320 554 magis
353 503 480 543 simili
501 505 868 556 comparaverunt,
893 504 934 541 et
963 500 1020 541 sic
1038 499 1204 539 melius.

182 573 382 615 Similiter
401 574 615 628 Scriptura
632 574 754 623 dicit,
781 572 984 626 Spiritum
1013 573 1207 611 sanctum

182 658 257 699 per
273 647 544 699 spirationem
564 646 787 699 procedere
805 659 814 695 3
838 645 923 693 sed,
938 656 1036 684 cum
1051 643 1208 695 duplex

181 717 233 757 sit
252 719 440 771 spiratio,
461 719 613 759 scilicet
632 717 755 756 ssatus
775 716 1009 764 exterioris,
1029 717 1069 755 et
1088 726 1208 754 amo-

181 789 239 828 ris
272 788 516 839 interioris;
550 788 681 828 Graeei
720 789 966 840 comparant
1003 785 1207 838 Spiritum

182 859 400 911 spirationi
419 859 542 899 flatus
565 859 800 910 exterioris,
824 859 895 899 sed
916 857 1051 898 Latini
1073 856 1208 909 spira-

180 930 285 970 tioni
311 930 520 971 interioris
553 931 736 971 amoris:
760 933 799 971 et
833 930 926 970 ideo
950 929 1087 970 Latini
1114 940 1207 968 me·-

181 1000 276 1051 lius,
295 1001 395 1053 quia
424 1001 694 1054 spiritualiori
719 1004 760 1042 et
788 1000 981 1041 similiori
1009 999 1206 1040 similitu-

181 1070 268 1111 dini
309 1074 574 1124 aptaverunt.
620 1072 820 1113 Similiter
858 1085 956 1113 cum
991 1071 1207 1124 Scriptura

181 1142 289 1183 dicat
307 1142 511 1196 Spiritum
525 1148 720 1185 sanctum
736 1145 960 1198 procedere
979 1147 1026 1184 ut.
1044 1155 1206 1184 nexum

182 1216 222 1253 et
241 1215 586 1257 communionem
599 1249 610 1267 ,
636 1221 676 1257 et
695 1217 852 1270 duplex
871 1217 1000 1270 possit
1018 1228 1107 1257 esse
1128 1227 1206 1256 ne-

181 1298 283 1338 xu5,
305 1287 374 1328 vel
400 1288 507 1329 sicut
539 1289 729 1329 medium
754 1291 942 1342 jungens
975 1288 1108 1336 alteri,
1140 1286 1206 1328 vel

181 1357 290 1398 sicut
331 1362 572 1406 extremum
617 1360 663 1400 in
707 1373 791 1413 quo
846 1362 937 1412 conj
946 1361 1172 1411 unguntur
1193 1372 1203 1407 ;

182 1427 315 1468 Graeci
336 1433 692 1483 comparaverunt
719 1431 855 1484 primo
885 1432 1011 1472 modo
1028 1462 1037 1479 ,
1068 1428 1202 1470 Latini

180 1502 364 1542 secundo
384 1503 523 1554 modO,
545 1507 586 1544 et
604 1504 696 1545 ideo
715 1504 987 1557 spiritualiori
1015 1506 1055 1543 et
1087 1502 1206 1542 simi-

180 1572 275 1612 liori
291 1605 302 1623 ,
324 1574 425 1626 quia
448 1575 518 1616 ille
544 1588 681 1616 nexus
701 1576 838 1628 magis
858 1575 985 1616 habet
1006 1574 1206 1615 similitu-

181 1643 323 1685 dinem
359 1658 551 1699 personae
583 1662 592 1688 ι
624 1648 726 1700 quia
771 1660 874 1700 ergo
925 1646 1206 1687 differentiam

180 1714 423 1758 habuerunt
441 1719 484 1759 in
506 1720 689 1769 ratione,
723 1722 763 1760 et
784 1719 919 1760 Latini
945 1717 1206 1771 spiritualius

181 1790 222 1828 et
258 1789 579 1832 convenientius
616 1794 972 1843 comparaverunt
991 1822 1000 1839 ,
1030 1790 1122 1830 ideo
1152 1800 1204 1828 ex

180 1861 343 1902 ratione
363 1874 440 1903 sua
459 1865 558 1903 sunt
576 1862 741 1911 elevati,
763 1865 804 1903 et
820 1874 895 1915 per
913 1861 993 1902 hoc
1009 1862 1060 1902 ad
1080 1860 1204 1900 intel-

178 1934 401 1986 ligentiam
418 1934 644 1988 Scripturae
658 1934 865 1987 dispositi,
890 1937 929 1974 et
951 1934 1043 1975 ideo
1067 1935 1204 1974 mani-

177 2007 281 2047 festa
317 2008 573 2048 revelatione
623 2006 755 2046 edocti
801 2009 899 2046 sunt
932 2006 981 2046 de
1027 2005 1207 2059 Spiritus

177 2075 309 2116 sancti
330 2075 607 2128 processione.
631 2073 763 2115 Graeci
790 2086 911 2122 vero,
934 2074 1033 2126 quia
1053 2074 1205 2114 simili-

177 2145 343 2186 tudines
365 2146 604 2187 differentes
628 2148 669 2186 et
699 2145 843 2186 minus
867 2145 1057 2198 proprias
1088 2149 1204 2198 apta-

178 2217 299 2268 bant,
319 2218 412 2258 ideo
434 2220 534 2258 sunt
555 2230 631 2258 sua
657 2217 821 2258 ratione
843 2217 1041 2270 depressi,
1062 2220 1101 2257 et
1118 2229 1206 2257 non

177 2288 363 2329 valentes
378 2289 617 2341 intelligere
634 2288 839 2341 Spiritum
859 2301 883 2329 a
902 2288 1039 2329 Verbo
1060 2300 1204 2340 proce-

178 2360 304 2410 dere,
337 2371 415 2400 nec
445 2360 490 2400 in
521 2361 653 2401 alium
684 2361 737 2401 ab
768 2363 928 2401 aeterno
964 2360 1203 2413 procedere,

178 2434 448 2472 arctaverunt
494 2431 755 2485 Scripturam
793 2432 844 2472 ad
878 2432 1206 2484 intelligendum

179 2502 229 2542 de
262 2503 528 2555 processione
553 2503 795 2556 temporali,
818 2506 858 2544 et
877 2503 969 2544 ideo
992 2504 1069 2544 sibi
1090 2505 1205 2544 viam

178 2574 446 2615 revelationis
479 2575 736 2616 clauserunt.
764 2574 863 2615 Haec
890 2578 951 2615 est
971 2587 1074 2627 ergo
1099 2577 1206 2617 ratio

178 2644 430 2687 diversitatis
447 2647 492 2687 in
512 2647 643 2700 hujus
663 2647 828 2687 articuli
848 2647 1105 2699 cognitione.

218 2716 523 2760 'Controversia
549 2731 652 2760 vero
671 2719 789 2759 venit
814 2731 867 2759 ex
892 2719 1023 2771 hujus
1041 2719 1207 2760 articuli

176 2782 449 2841 professione.
478 2790 683 2832 Professio
706 2803 808 2832 vero
829 2792 994 2831 articuli
1016 2792 1134 2832 venit
1153 2792 1205 2832 ab

177 2859 358 2902 Ecclesia
377 2861 623 2903 Latinorum
644 2875 696 2903 ex
715 2863 868 2915 triplici
892 2875 1031 2914 causa,
1054 2863 1205 2903 videli-

178 2934 242 2971 cet
258 2943 312 2972 ex
329 2933 426 2974 fidei
445 2933 621 2975 veritate
640 2966 650 2984 ,
673 2946 726 2974 ex
744 2934 920 2985 periculi
944 2935 1204 2985 necessitate,

178 3014 232 3042 ex
257 3002 451 3046 Ecclesiae
482 3006 742 3046 auctoritate.
765 3004 887 3046 Fides
909 3006 1090 3046 dictabat
1108 3006 1203 3054 hoc,

178 3076 218 3112 et
242 3074 422 3126 periculi
452 3077 676 3118 necessitas
705 3077 983 3129 imminebat,
1015 3091 1069 3119 ne
1100 3079 1205 3120 forte

179 3143 308 3196 aliqui
335 3146 416 3188 1100
433 3152 664 3201 negarent;
688 3149 733 3189 in
747 3149 861 3202 quod
882 3149 1120 3202 periculum
1139 3151 1207 3190 in-

180 3215 371 3258 ciderunt
387 3218 521 3261 Graeci
538 3234 548 3272 3
581 3224 622 3261 et
645 3221 838 3262 Ecclesiae
859 3222 1086 3262 auctoritas
1103 3222 1204 3263 ade-

178 3290 242 3326 rat
261 3300 272 3337 ;
302 3291 344 3329 et
381 3290 474 3332 ideo
515 3293 603 3333 sine
640 3305 760 3334 mora
800 3292 979 3345 exprimi
1012 3294 1202 3334 debebat.

179 3355 358 3410 Negatio
377 3374 476 3403 vero
500 3363 632 3418 huJus
651 3365 815 3406 articuli
841 3364 958 3405 venit
977 3377 1030 3405 ex
1054 3365 1206 3418 triplici

179 3441 306 3471 causa
322 3463 332 3481 ,
361 3433 516 3475 scilicet
545 3448 599 3476 ex
627 3437 889 3489 ignorantia,
912 3449 965 3476 ex
990 3438 1201 3490 superbia,

179 3504 219 3540 01
238 3502 480 3553 pertinacia.
500 3505 563 3546 Ex
582 3508 839 3559 ignorantia,
862 3508 961 3560 quia
976 3520 1054 3549 1100
1069 3508 1205 3562 Scrip-

178 3573 318 3613 turam
346 3574 673 3630 intellexerunt,
708 3592 786 3620 nec
820 3580 1062 3620 habuerunt
1098 3592 1203 3621 con-

2231 278 2308 315 203

1281 370 1438 409 gruam
1453 358 1674 409 rationem,
1691 372 1767 400 nec
1783 363 1970 412 apertam
1991 362 2307 404 revelationem.

1282 427 1346 468 Ex
1363 430 1575 482 superbia,
1597 430 1700 483 quia
1716 443 1813 471 cum
1827 434 2073 484 reputarent
2086 445 2129 473 se
2146 434 2307 486 sciolos,

1283 504 1323 540 et
1348 502 1487 542 vocati
1516 514 1603 542 non
1631 502 1827 550 fuerunt,
1864 503 2092 544 noluerunt
2125 506 2309 556 profiteri

1283 573 1395 624 quod
1423 585 1510 614 non
1540 576 1630 613 erat
1659 586 1733 626 per
1765 586 1835 614 eos
1866 574 2103 616 inventum.
2133 575 2196 616 Ex
2212 588 2310 628 per-

1282 644 1436 685 tinacia
1468 659 1476 685 :
1505 657 1557 685 ne
1580 645 1946 696 convincerentur,
1977 650 2016 687 et
2040 647 2311 687 irrationabi-

1282 716 1376 757 liter
1405 716 1569 757 moveri
1599 716 1847 758 viderentur
1865 750 1875 768 ,
1898 718 2156 759 invenerunt
2174 731 2250 771 pro
2269 732 2311 760 se

1282 789 1466 829 rationes
1513 791 1658 829 contra
1694 789 1915 829 veritatem
1945 804 1953 830 ε
1987 792 2026 829 01
2060 790 2154 830 ideo
2191 803 2312 831 suam

1282 862 1534 901 sententiam
1565 860 1786 901 defendere
1819 861 1911 901 ausi
1931 863 2044 912 sunt,
2067 864 2108 902 et
2126 863 2308 902 auctori-

1281 932 1355 972 tati
1376 931 1570 973 Ecclesiae
1602 931 1805 972 Romanae
1828 932 2020 983 obviare3
2042 936 2082 973 et
2099 933 2192 973 ideo
2216 933 2312 973 facti

1282 1006 1380 1044 sunt
1410 1003 1614 1052 haeretici,
1645 1003 1747 1057 quia
1765 1007 1927 1056 negant
1943 1004 2042 1044 fidei
2059 1005 2309 1052 veritatem2

1282 1078 1322 1114 et
1341 1075 1616 1126 schismatici,
1639 1076 1741 1128 quia
1758 1078 2022 1116 recesserunt
2046 1076 2098 1116 ab
2119 1075 2311 1117 Ecclesiae

1281 1147 1457 1187 unitate.
1489 1146 1568 1188 Sed
1597 1147 1697 1200 quia
1731 1159 1823 1188 mos
1857 1150 1919 1188 est
1951 1147 2250 1188 haereticorum
2273 1150 2314 1188 et

1282 1218 1660 1267 schismaticorum,
1691 1231 1788 1259 cum
1813 1231 1856 1259 se
1878 1231 1967 1260 non
1983 1223 2159 1272 possunt
2178 1220 2311 1261 ratio-

1281 1290 1405 1330 nibus
1436 1290 1701 1330 communire
1718 1322 1727 1338 ,
1747 1291 1970 1331 adversam
1991 1294 2155 1344 partem
2184 1304 2309 1332 accu—

1281 1374 1373 1402 sare
1382 1375 1394 1413 3
1428 1362 1520 1403 ideo
1536 1374 1612 1402 nos
1632 1365 1830 1403 accusant
1859 1366 1900 1403 et
1928 1363 2192 1415 redarguunt
2216 1366 2311 1404 tan—

1281 1443 1409 1483 quam
1429 1432 1635 1480 curiosos,
1660 1434 1700 1471 et
1729 1434 1932 1483 tanquam
1961 1432 2307 1473 excommunica-

1279 1505 1344 1542 tos
1363 1505 1403 1542 et
1420 1502 1706 1543 schismaticos
1727 1517 1736 1543 z
1759 1503 1947 1544 curiosos
1962 1536 1972 1554 ,
2001 1504 2101 1556 quia
2119 1504 2207 1545 sine
2225 1505 2309 1545 hu-

1276 1573 1348 1624 jus
1380 1573 1544 1613 articuli
1570 1574 1828 1625 professione
1865 1575 1977 1614 salus
2007 1577 2096 1615 erat
2131 1589 2140 1615 2
2177 1588 2307 1628 quare

1280 1655 1384 1696 ergo
1400 1644 1723 1686 intromiserunt
1736 1658 1778 1686 se
1796 1645 1933 1686 Latini
1951 1646 2032 1686 1100
2046 1647 2307 1699 perquirere,

1280 1716 1394 1768 quod
1407 1728 1494 1756 non
1510 1716 1589 1757 fuit
1602 1716 1921 1757 necessarium?
1938 1717 2017 1758 Sed
2035 1717 2087 1758 ad
2103 1718 2183 1758 hoc
2201 1721 2313 1770 patet

1278 1789 1496 1841 responsio
1519 1803 1526 1829 :
1550 1792 1838 1842 opportunum
1868 1790 1969 1841 fuit,
2004 1794 2173 1844 propter
2202 1791 2311 1844 peri-

1280 1860 1424 1900 culum
1444 1861 1488 1900 in
1513 1861 1564 1914 (a)
1588 1861 1700 1913 quod
1725 1861 1805 1914 ipsi
1828 1861 2079 1902 inciderunt.
2113 1861 2314 1903 Similiter

1279 1930 1423 1972 dicunt
1454 1944 1530 1972 nos
1555 1933 1944 1973 excommunicatos
1959 1966 1968 1983 ,
1991 1933 2090 1986 quia
2113 1932 2314 1986 Symbola

1280 2003 1608 2056 corrumpimus,
1633 2004 1678 2044 in
1703 2004 1856 2057 quibus
1883 2017 1958 2057 per
1983 2008 2147 2045 sanctos
2167 2004 2312 2046 Patres

1279 2074 1358 2114 sub
1386 2076 1836 2116 excommunicationis
1856 2088 1980 2128 poena
1998 2076 2077 2116 1100
2106 2079 2196 2116 erat
2215 2089 2313 2129 pro-

1279 2145 1477 2186 hibitum.
1501 2145 1550 2186 Et
1569 2147 1620 2187 ad
1641 2147 1720 2187 1100
1742 2150 1855 2200 patet
1872 2147 2089 2200 responsio
2113 2160 2188 2200 per
2206 2160 2313 2201 pree-

1280 2217 1388 2257 dicta
1404 2249 1414 2268 ,
1446 2218 1547 2270 quia
1576 2230 1662 2258 non
1698 2219 2034 2271 corrumpimus,
2058 2219 2128 2259 sed
2147 2219 2311 2272 perfici-

1280 2301 1397 2339 mus3
1421 2301 1499 2329 nec
1517 2289 1724 2330 sententia
1742 2290 1825 2330 lata
1844 2293 1904 2330 est
1921 2293 2066 2331 contra
2090 2291 2312 2343 perficien-

1279 2363 1365 2409 tes,
1400 2360 1471 2401 sed
1511 2364 1655 2401 contra
1689 2365 2021 2414 corrumpentes.
2070 2361 2145 2402 Vel
2179 2364 2314 2414 potest

1281 2431 1376 2481 dici,
1409 2432 1517 2472 sicut
1550 2432 1650 2472 dicit
1684 2433 1910 2473 Anselmus
1942 2437 1970 2484 ¹,
2005 2434 2118 2486 quod
2151 2446 2312 2474 novum

1281 2502 1489 2543 edidimus
1510 2534 1522 2552 ,
1557 2503 1671 2556 quod
1703 2504 1877 2556 quidem
1906 2505 2039 2545 facere
2077 2506 2309 2558 potuimus,

1281 2574 1383 2625 quia
1413 2573 1603 2614 Romana
1633 2574 1816 2615 Ecclesia
1839 2575 2147 2628 plenitudinem
2169 2579 2310 2629 potes-

1280 2645 1376 2685 tatis
1403 2658 1427 2685 a
1459 2645 1581 2686 Petro
1614 2647 1901 2699 apostolorum
1927 2648 2113 2701 principe
2139 2660 2311 2701 accepe-

1280 2719 1366 2765 rat,
1399 2717 1443 2756 in
1471 2729 1602 2770 quam
1621 2717 1740 2758 nulla
1768 2717 1944 2759 Patrum
1970 2719 2203 2770 sententia,
2234 2731 2312 2759 nec

1280 2787 1552 2828 interdictum
1573 2800 1728 2840 ponere
1742 2821 1752 2839 ,
1784 2801 1863 2829 1100
1883 2793 2042 2830 arctare
2062 2791 2211 2842 potuit,
2234 2803 2311 2831 nec

1280 2860 1320 2901 01
1340 2862 1620 2914 praejudicare
1639 2893 1649 2911 ,
1675 2874 1753 2902 nec
1778 2862 1913 2914 ligare
1944 2875 2038 2903 eam
2061 2863 2112 2903 ad
2135 2863 2308 2916 aliquid.

1281 2932 1482 2975 Similiter
1501 2935 1647 2975 dicunt
1666 2947 1742 2975 nos
1763 2935 2061 2985 schismaticos,
2078 2936 2181 2988 quia
2193 2949 2218 2976 a
2230 2948 2312 2977 no-

1280 3004 1344 3044 bis
1366 3005 1514 3058 incipit
1528 3006 1677 3047 divisio
1698 3019 1708 3047 :
1738 3019 1837 3048 cum
1857 3007 1971 3047 enim
1991 3007 2073 3048 hoc
2103 3007 2311 3048 vellemus

1280 3087 1491 3126 asserere,
1514 3077 1732 3118 noluimus
1751 3090 1821 3118 005
1851 3090 2016 3118 vocare.
2058 3078 2110 3119 Et
2142 3079 2194 3119 ad
2230 3078 2312 3118 1100

1279 3147 1525 3198 responderi
1554 3151 1690 3200 potest
1715 3160 1791 3201 pro
1811 3148 1988 3196 Latinis,
2012 3149 2125 3202 quod
2143 3161 2213 3190 eos
2232 3161 2310 3190 vo-

1280 3229 1373 3257 care
1390 3230 1476 3258 non
1491 3218 1573 3259 fuit
1586 3222 1891 3271 opportunum,
1910 3221 2010 3272 quia
2026 3220 2205 3261 Ecclesia
2220 3221 2309 3260 sine

1279 3292 1337 3332 eis
1374 3292 1454 3333 hoc
1480 3297 1677 3346 poterat,
1715 3298 1755 3334 et
1791 3295 1891 3347 quia
1926 3298 2016 3335 erat
2052 3296 2309 3336 laboriosum

1280 3367 1449 3418 propter
1474 3365 1728 3416 distantiam,
1752 3369 1840 3406 erat
1857 3366 2169 3408 infructuosum
2188 3378 2309 3419 prop-

1279 3438 1342 3475 ter
1378 3435 1663 3488 insipientiam
1693 3468 1703 3487 ,
1744 3437 1843 3489 quia
1876 3439 1966 3490 jam
2004 3451 2090 3479 non
2132 3441 2220 3478 erat
2263 3437 2308 3477 in

1280 3505 1435 3546 Graecis
1463 3506 1667 3559 sapientia
1694 3510 1834 3557 tanta,
1865 3509 1973 3550 sicut
2009 3510 2170 3560 fuerat,
2219 3508 2306 3549 imo

1322 3593 1332 3614 1
1349 3592 1513 3634 Anselm,
1534 3592 1592 3625 lib.
1609 3593 1648 3625 cle
1662 3594 1807 3626 Process.
1824 3595 1914 3637 sz'r.
1932 3596 2007 3627 S.—
2028 3594 2071 3635 (a)
2085 3593 2138 3626 Al.
2153 3593 2240 3625 deest
2253 3592 2301 3625 in.

2346 1309 2365 1336 A
2372 1318 2469 1336 0011511-

2357 1351 2447 1377 tiones

2345 1392 2456 1420 Graeco-

2343 1442 2417 1460 rum.
