2613 3990
130 688 174 715 Ad
190 696 240 724 op-

98 739 158 766 pOS.

96 3344 236 3373 Fundam.

784 230 914 272 DIST.
947 230 1050 271 XIX.
1083 230 1237 271 PART.
1269 230 1300 272 Ι.
1331 230 1450 272 ART.
1484 231 1515 271 Ι.
1550 230 1747 279 QUAEST.
1779 232 1830 272 11.

259 323 318 364 ibi
339 335 509 364 summa
537 321 755 376 aequalitas
786 335 795 362 z
818 321 890 361 sed
907 321 988 361 hoc
1012 322 1073 360 est
1099 320 1146 360 in
1177 320 1282 361 divi-

257 394 323 435 nis
345 409 354 435 :
373 406 492 447 ergo,
515 397 593 435 etc.

311 464 437 514 Item,
460 468 592 505 status
619 476 707 504 non
733 465 795 504 est
818 462 899 502 nisi
917 462 962 502 in
984 473 1152 502 summo
1176 476 1183 502 :
1213 462 1284 502 sed

258 539 391 578 status
412 540 473 578 est
490 538 535 577 in
552 537 623 577 1113
644 535 882 589 aequalitate
902 546 976 587 per
996 534 1284 575 reductionem

258 608 455 649 omnium
472 609 524 649 ad
541 609 675 662 ipsam
696 622 704 648 :
724 619 841 659 ergo,
864 609 942 647 etc.

311 681 465 722 Contra
496 694 505 722 :
528 685 566 722 1.
600 679 870 732 Augustinus
889 680 901 701 ¹
928 678 975 718 in
1001 678 1112 719 libro
1136 682 1284 721 octavo

259 752 382 793 tertio
402 764 442 805 q.
464 766 479 792 .-
508 767 526 790 «
557 751 602 792 Si
631 750 774 791 omnia
798 752 934 790 essent
960 749 1165 802 aequalia,
1198 762 1286 790 non

260 826 398 866 essent
415 823 584 864 omnia:
600 834 703 874 ergo
718 821 961 862 omnimoda
977 821 1194 873 aequalitas
1210 821 1286 861 tol-

258 895 305 936 lit
327 894 626 948 perfectionem
650 893 696 932 in
720 892 887 933 divinis.
911 891 953 933 Si
970 904 1073 945 ergo
1098 892 1206 932 1111111
1226 895 1286 933 θεῖ

259 959 506 1018 ponendum
520 964 567 1003 in
584 963 666 1004 Deo
684 963 798 1016 quod
815 966 1025 1017 repugnet
1043 963 1286 1016 perfectioni

259 1038 303 1078 in
323 1035 502 1085 divinis,
524 1047 613 1075 non
631 1037 692 1075 est
711 1034 770 1074 ibi
789 1035 1034 1075 omnimoda
1051 1035 1282 1088 aequalitas

311 1111 351 1149 ⁶2..
380 1107 507 1156 Item,
530 1107 667 1158 maJor
692 1108 753 1146 est
777 1105 994 1158 aequalitas
1020 1118 1116 1158 quae
1147 1110 1286 1147 atten-

257 1179 372 1220 ditur
400 1177 634 1219 secundum
663 1177 945 1230 quantitatem
977 1178 1222 1218 continuam
1246 1181 1287 1219 et

257 1249 478 1291 discretam
492 1280 503 1300 ,
524 1261 654 1302 quam
674 1248 908 1289 secundum
928 1249 1173 1290 continuam
1191 1253 1285 1291 tan-

258 1324 349 1363 tum
372 1334 383 1362 :
415 1321 487 1362 sed
508 1320 554 1360 in
582 1320 737 1362 divinis
766 1333 854 1361 non
885 1324 947 1362 est
974 1322 1193 1374 aequalitas
1219 1335 1285 1363 se—

256 1394 450 1435 cundum
465 1392 745 1446 quantitatem
763 1393 984 1434 discretam
996 1425 1006 1441 ,
1028 1394 1129 1447 quia
1147 1394 1206 1435 ibi
1226 1398 1286 1436 θεῖ

255 1465 446 1516 trinitas,
476 1468 517 1505 et
542 1465 600 1505 ita
618 1464 867 1518 imparilitas
890 1480 898 1504 ι
926 1477 1029 1518 ergo
1060 1466 1105 1506 in
1131 1466 1285 1507 divinis

256 1549 345 1578 non
363 1540 424 1579 est
446 1537 689 1578 omnimoda
708 1537 940 1590 aequalitas.

310 1612 350 1651 3.
366 1609 472 1651 Item
485 1611 622 1663 maJ’or
639 1612 699 1651 θεῖ
712 1609 932 1662 aequalitas
942 1622 1040 1663 quae
1055 1610 1286 1651 attenditur

254 1681 491 1723 secundum
509 1680 755 1734 potentiam,
771 1684 811 1721 et
829 1680 1091 1734 sapientiam,
1111 1684 1151 1722 et
1167 1681 1286 1722 boni-

254 1755 409 1804 tatem,
430 1764 561 1806 quam
584 1764 682 1805 quae
710 1753 947 1794 secundum
966 1753 1217 1805 sapientiam
1246 1757 1286 1795 et

255 1823 488 1878 potentiam
517 1825 685 1864 tantum
708 1837 718 1864 ε
751 1824 824 1865 sed
854 1824 899 1864 in
931 1824 1086 1865 divinis
1109 1837 1197 1866 non
1225 1829 1286 1867 est

254 1895 474 1949 aequalitas
499 1895 733 1936 secundum
761 1896 993 1937 bonitatem
1022 1909 1033 1937 ε
1064 1909 1168 1950 ergo
1199 1911 1286 1939 non

254 1971 316 2009 est
334 1967 395 2008 ibi
419 1979 590 2008 summa
611 1967 844 2020 aequalitaS.
868 1967 1062 2009 Probatio
1091 1969 1282 2012 minoris.

254 2038 423 2080 Bonum
447 2041 508 2079 est
535 2038 784 2080 diffusivum
809 2039 875 2080 sui
898 2054 907 2080 ι
937 2040 1009 2081 sed
1039 2042 1178 2094 magis
1207 2043 1286 2083 dif-

253 2110 392 2152 fundit
408 2122 453 2151 se
472 2109 619 2161 Filius,
641 2122 771 2163 quam
788 2110 969 2164 Spiritus
981 2116 1167 2163 sanctus,
1184 2116 1286 2168 quia

252 2182 448 2235 producit.
460 2181 539 2222 sibi
554 2182 784 2235 aequalem3
801 2185 843 2224 et
856 2183 983 2224 etiam
999 2183 1136 2237 Pater,
1153 2198 1283 2239 quam

253 2252 386 2294 Filius
404 2268 414 2295 :
436 2265 555 2306 ergo,
573 2256 652 2294 etc.

310 2324 524 2375 Quaeritur
552 2337 656 2378 ergo
672 2358 683 2374 ,
713 2338 845 2379 quare
871 2327 1141 2380 Augustinus
1160 2329 1174 2351 ²
1198 2342 1287 2371 non

254 2397 437 2439 ostendit
471 2397 758 2450 aequalitatem
788 2398 833 2438 in
863 2399 1070 2452 sapientia
1098 2404 1138 2441 et
1163 2402 1286 2443 boni-

253 2471 338 2510 tate
348 2481 362 2520 3
402 2470 443 2509 et
476 2468 634 2509 iterum
670 2481 801 2522 quare
831 2482 918 2511 non
950 2482 1004 2511 ex
1031 2474 1150 2524 parte
1179 2473 1284 2526 loci,

252 2541 364 2581 sicut
380 2540 688 2593 magnitudinis
704 2573 715 2592 ,
736 2543 777 2582 et
807 2541 935 2582 etiam
955 2542 1136 2583 aliarum
1165 2544 1285 2586 diffe-

255 2611 492 2653 rentiarum
511 2612 757 2664 quantitatis
771 2625 781 2653 :
801 2613 914 2666 quod
928 2626 1029 2655 cum
1043 2627 1130 2656 non
1146 2616 1283 2669 faciat,

256 2695 346 2724 non
375 2683 543 2725 videtur
562 2684 780 2737 assignare
799 2685 1090 2728 omnimodam
1110 2689 1288 2742 aequali-

257 2757 388 2796 tatem
403 2787 415 2806 ,
436 2755 509 2796 sed
537 2755 677 2797 solum
703 2756 749 2796 111
777 2760 964 2810 partem;
989 2762 1063 2800 aut
1085 2760 1120 2800 si
1146 2763 1288 2804 omni-

259 2825 431 2868 modam
450 2827 647 2879 ostendit,
667 2827 973 2871 insufficienter
989 2833 1192 2885 procedit.

598 2999 947 3044 CONCLUSIO.

259 3099 346 3136 Cum
368 3101 409 3136 in
447 3102 612 3147 personis
641 3100 778 3137 divinis
806 3104 1010 3149 reperiatur
1040 3108 1283 3153 oeternz'tatz's,

301 3161 476 3205 potentiae
513 3163 548 3196 et
591 3161 858 3206 magnitudinis
903 3166 1089 3210 quantitas
1121 3177 1283 3210 samma,

306 3220 417 3255 etiam
434 3229 572 3256 summa
597 3221 788 3266 aequalitas
807 3221 940 3258 ibidem
962 3226 1131 3270 ponenda
1150 3230 1213 3263 est.

311 3327 434 3382 Resp.
459 3329 511 3370 ad
530 3329 635 3383 Arg.
657 3330 891 3373 Dicendum
919 3334 1034 3386 quod
1059 3335 1105 3377 in
1133 3337 1286 3379 divinis

257 3402 319 3441 est
343 3411 511 3441 summa
535 3401 776 3454 aequalitas,
807 3405 847 3444 et
870 3415 1039 3447 summa
1066 3407 1194 3449 etiam
1218 3422 1286 3451 as-

300 3507 312 3529 1
329 3509 484 3549 August„
517 3508 557 3540 de
580 3508 649 3542 cliv.
669 3511 837 3544 LXXXIII
861 3513 995 3554 Quoest„
1021 3523 1054 3555 q.
1079 3523 1108 3557 13
1136 3519 1169 3549 et
1200 3520 1284 3552 cont.

257 3555 396 3588 Advers.
417 3554 469 3597 leq
486 3557 517 3587 et
531 3556 648 3598 proph.
667 3558 726 3591 lib.
744 3566 810 3591 1.—
827 3560 953 3602 ²Aug.,
968 3561 1023 3594 vel
1040 3564 1154 3604 potius
1173 3565 1282 3608 Fulg,

2305 237 2381 275 3-27

1359 321 1554 373 signatur
1564 320 1616 360 ab
1630 320 1893 372 Augustiuo;
1912 321 2115 373 quoniam
2128 322 2384 364 sufficienter

1361 392 1594 433 ostenditur
1618 392 1796 433 remotio
1826 392 1964 433 omnis
1988 392 2285 445 inaequalitatis
2309 407 2385 447 per

1361 464 1433 505 1113
1451 464 1550 514 tria,
1573 476 1669 516 quea
1687 467 1785 504 sunt
1801 464 2034 513 aeternitaS,
2053 465 2093 503 et
2111 465 2384 516 magnitudo,

1362 538 1402 575 et
1421 535 1620 588 potentia.
1647 535 1810 576 Horum
1826 535 1957 575 trium
1979 535 2187 575 distinctio
2211 538 2251 575 et
2269 537 2387 576 suffi-

1363 606 1513 648 cientia
1532 607 1584 647 ab
1601 607 1814 659 aliquibus
1829 607 2031 660 accipitur
2049 606 2107 646 sic
2129 617 2139 646 2
2161 605 2262 658 quia
2275 607 2388 647 enim

1361 679 1406 718 in
1420 677 1575 719 divinis
1594 690 1680 718 non
1697 681 1757 718 θεῖ
1776 679 1964 719 extensio
1985 678 2123 727 molis,
2143 690 2223 718 nec
2238 690 2392 730 aggre-

1364 751 1479 802 gatio
1502 749 1811 800 multitudinis3
1840 750 1933 791 ideo
1957 762 2043 791 non
2062 752 2124 790 est
2144 749 2204 789 ibi
2222 751 2392 802 quanti-

1363 824 1425 861 tas
1459 821 1659 862 continua
1693 821 1914 861 extensiva
1930 854 1939 871 ,
1978 833 2058 862 nec
2092 820 2287 871 discreta3
2320 822 2394 862 sed

1361 891 1452 932 loco
1471 893 1563 944 ejus
1582 894 1642 932 est
1658 893 1871 945 quantitas
1885 892 2069 943 virtutis,
2086 903 2184 944 quae
2198 891 2392 944 tangitur

1362 976 1437 1016 per
1456 964 1535 1004 hoc
1558 965 1798 1005 membrum
1812 997 1822 1015 ,
1847 965 1961 1017 quod
1980 967 2041 1004 est
2057 963 2262 1017 potentia.
2286 962 2393 1013 Quia

1362 1047 1463 1076 vero
1484 1035 1592 1076 Deus
1617 1047 1693 1076 suo
1718 1036 1881 1076 ambitu
1908 1035 2199 1088 complectitur
2220 1047 2393 1076 omnem

1363 1107 1647 1158 durationem,
1664 1107 1755 1148 ideo
1769 1110 1829 1148 est
1844 1107 1904 1147 ibi
1920 1106 2133 1160 quantitas
2146 1106 2393 1148 aeternitatis

1363 1178 1691 1231 correspondens
1722 1178 1916 1232 tempori.
1957 1176 2064 1227 Quia
2095 1189 2197 1218 vero
2230 1177 2393 1219 ambitu

1362 1261 1451 1290 suae
1484 1250 1779 1290 immensitatis
1809 1249 2101 1303 complectitur
2124 1248 2269 1289 locum
2297 1261 2392 1290 om-

1363 1334 1462 1362 nem
1473 1325 1513 1363 et
1525 1322 1711 1363 locatum
1721 1334 1732 1370 ς
1748 1323 1840 1364 ideo
1855 1325 1915 1363 est
1931 1322 1989 1362 ibi
2003 1321 2216 1375 quantitas
2227 1322 2394 1374 magni-

1362 1393 1523 1433 tudinis
1537 1394 1866 1447 correspondens
1880 1394 1984 1434 loco.
1998 1392 2049 1434 Et
2062 1393 2122 1433 sic
2135 1395 2248 1446 patet
2261 1394 2390 1446 quod,

1364 1477 1462 1505 cum
1481 1478 1568 1507 non
1587 1467 1640 1506 sit
1659 1465 1785 1507 aliam
1804 1466 2082 1519 quantitatem
2102 1465 2292 1517 accipere
2317 1465 2390 1517 ibi,

1363 1537 1477 1589 quod
1494 1537 1749 1578 sufficienter
1767 1538 1812 1578 in
1826 1537 1906 1577 illis
1922 1537 2157 1578 ostenditur
2175 1536 2394 1590 aequalitas

1363 1612 1404 1649 et
1421 1609 1624 1649 consistit.
1649 1608 1729 1650 Sed
1745 1609 1838 1650 liaec
1858 1609 2065 1649 distinctio
2095 1620 2184 1648 non
2208 1611 2270 1649 est
2288 1620 2393 1649 con-

1362 1680 1560 1730 veniens,
1583 1684 1677 1722 tum
1693 1681 1793 1734 quia
1813 1693 1901 1722 non
1919 1684 1981 1721 est
2007 1681 2052 1721 in
2071 1680 2154 1721 Deo
2182 1680 2395 1733 quantitas

1362 1752 1546 1804 Virtutis,
1562 1754 1675 1794 etita
1691 1766 1778 1794 non
1792 1754 1960 1794 deberet
1978 1752 2038 1793 ibi
2053 1764 2142 1793 esse
2159 1751 2243 1792 nisi
2256 1764 2395 1793 unum

1363 1826 1627 1877 membrum,
1652 1837 1731 1866 nec
1764 1825 1886 1867 debet
1916 1825 1987 1865 illa
2015 1824 2221 1877 distingui
2249 1827 2396 1865 contra

1363 1897 1484 1949 alias;
1510 1900 1604 1939 tum
1627 1899 1756 1939 etiam
1780 1898 1883 1951 quia
1904 1897 2157 1951 magnit-udo
2176 1897 2222 1938 in
2242 1897 2396 1938 divinis

1362 1981 1450 2010 non
1467 1972 1636 2010 tantum
1649 1970 1878 2011 attenditur
1894 1972 2105 2024 quant-um
2119 1969 2171 2011 ad
2184 1969 2395 2010 ambitum

1362 2041 1580 2082 localitatis
1595 2075 1606 2093 ,
1629 2042 1701 2083 sed
1726 2041 1852 2083 etiam
1878 2044 2089 2095 quantum
2117 2041 2170 2082 ad
2188 2041 2395 2082 intensio-

1362 2126 1462 2154 nem
1486 2113 1699 2154 bonitatis.
1730 2113 1849 2154 Unde
1877 2112 2029 2153 dicitur
2057 2113 2104 2153 in
2132 2112 2240 2154 libro
2267 2111 2320 2154 VI
2345 2112 2395 2155 de

1368 2186 1577 2229 Trinitace
1596 2187 1631 2236 ³,
1658 2186 1772 2240 quod
1800 2186 1846 2226 in
1877 2185 2167 2238 spiritualibus
2195 2185 2307 2226 idem
2334 2188 2396 2226 est

1363 2260 1503 2311 maius
1531 2261 1572 2299 et
1594 2258 1746 2299 melius
1768 2272 1776 2298 :
1808 2260 1849 2298 et
1876 2260 2050 2311 propter
2077 2257 2158 2298 hoc
2179 2257 2394 2310 quantitas

1362 2330 1534 2371 virtutis
1543 2342 1631 2371 non
1644 2333 1812 2371 tantum
1825 2329 2055 2370 attenditur
2072 2329 2119 2370 in
2133 2329 2391 2382 operatione,

1363 2402 1435 2443 sed
1465 2401 1592 2442 etiam
1620 2405 1668 2442 ut
1695 2414 1762 2442 res
1794 2401 2054 2442 considerata
2074 2400 2120 2441 in
2149 2400 2394 2442 omnimoda

1362 2473 1638 2514 absolutione.
1683 2473 1780 2514 Ideo
1814 2485 2043 2527 possumus
2080 2472 2201 2513 aliter
2235 2472 2392 2513 horum

1362 2546 1494 2586 trium
1532 2545 1846 2586 distinctionem
1879 2548 1919 2586 et
1958 2544 2255 2586 sufficientiam
2290 2544 2393 2584 3551-

1363 2629 1497 2670 gnare
1531 2632 1540 2658 :
1571 2617 1617 2658 in
1646 2617 1764 2658 omni
1798 2617 1912 2658 enim
1939 2617 2053 2671 quod
2078 2619 2164 2668 est,
2196 2616 2395 2658 convenit

1362 2688 1474 2729 hanc
1492 2689 1700 2742 triplicem
1723 2689 2100 2731 considerationem
2119 2688 2290 2729 habere.
2312 2687 2394 2729 Po-

1363 2764 1443 2802 test
1454 2761 1569 2802 enim
1582 2762 1741 2815 aliquid
1753 2761 2009 2803 considerari
2022 2761 2068 2801 in
2081 2760 2394 2815 comparatione

1363 2834 1416 2875 ad
1432 2847 1556 2875 suam
1575 2835 1787 2887 originem
1800 2867 1810 2886 ,
1831 2834 1919 2876 sive
1937 2846 1962 2874 a
1986 2836 2104 2887 parte
2129 2835 2250 2885 ante,
2272 2835 2313 2874 et
2335 2833 2394 2874 sic

1363 2916 1502 2945 unum
1527 2907 1668 2959 majiis
1687 2908 1749 2946 est
1773 2905 1927 2954 altero,
1955 2904 2124 2958 quando
2152 2903 2275 2957 origo
2301 2904 2395 2957 ejus

1363 2978 1425 3017 est
1442 2976 1580 3030 prior,
1601 2980 1643 3018 et
1667 2980 1814 3018 contra
1832 2977 1912 3017 hoc
1931 2979 1992 3018 est
2020 2975 2240 3030 aequalitas
2268 2979 2394 3017 aeter-

1363 3049 1519 3090 nitatis.
1542 3049 1682 3091 Potest
1695 3051 1851 3091 iterum
1869 3048 2124 3091 considerari
2137 3048 2184 3089 in
2199 3060 2258 3100 se,
2277 3050 2318 3089 et
2334 3048 2392 3089 ε10

1362 3120 1517 3162 dicitur
1547 3134 1686 3163 unum
1718 3121 1848 3162 altero
1884 3122 2049 3175 magius,
2087 3119 2188 3174 quia
2218 3118 2391 3172 majoris

1362 3194 1632 3243 extensionis,
1654 3194 1723 3235 vel
1739 3194 1838 3247 quia
1856 3193 2032 3247 majoris
2047 3192 2217 3235 valoris
2239 3191 2391 3232 Contra

1361 3266 1471 3306 hanc
1490 3268 1552 3306 est
1578 3266 1623 3306 in
1643 3265 1727 3307 Deo
1749 3266 1967 3319 aequalitas
1991 3263 2319 3318 magnitudinis,
2340 3263 2390 3302 ut

1362 3340 1455 3382 haec
1473 3340 1691 3394 aequalitas
1712 3353 1800 3382 non
1818 3344 1982 3383 tantum
2003 3341 2167 3383 dicatur
2183 3350 2259 3393 per
2277 3349 2389 3379 com-

1362 3412 1626 3465 parationem
1645 3412 1697 3454 ad
1714 3413 1982 3464 localitatem,
2005 3413 2076 3455 sed
2101 3412 2230 3454 etiam
2247 3409 2300 3451 ad
2318 3421 2388 3451 sa-

1361 3519 1400 3550 cle
1414 3519 1492 3551 Fid.
1510 3520 1555 3552 ad
1570 3522 1719 3565 Petrum,
1742 3532 1771 3556 c.
1789 3530 1812 3555 1.
1827 3541 1868 3547 —
1885 3523 1898 3545 3
1914 3523 2012 3565 Aug„
2035 3523 2083 3554 De
2105 3520 2238 3561 Trinit„
2257 3518 2387 3559 lih.v[,

1363 3576 1393 3599 c.
1414 3576 1489 3610 vin,
1508 3578 1542 3600 n.
1559 3571 1589 3601 9.

2419 606 2551 644 Explica-

2417 650 2456 677 tio
2476 650 2550 677 alio-

2421 700 2494 720 rum.

2439 1623 2553 1659 Impro-

2414 1665 2490 1692 batio
2510 1674 2555 1692 ex-

2424 1707 2553 1742 plicatio-

2425 1749 2481 1776 uis.

2422 2487 2553 2523 Explica-

2423 2530 2462 2556 tio
2484 2529 2554 2556 Doc-

2425 2571 2505 2599 toris.
