2570 3986
239 295 288 333 32
1006 279 1416 324 SEN'sEerARt'M
1446 279 1543 322 LlB.
1579 281 1608 322 Ι.

238 383 309 420 cut
327 382 428 420 sunt
453 380 537 419 tres
561 389 647 427 reS,
670 375 729 416 sic
755 376 880 415 erunt
911 375 993 413 tres
1025 372 1261 412 fruitiones,

243 451 362 499 ltem,
385 454 467 491 tres
487 448 649 489 articuli
681 449 780 487 sunt
804 445 853 486 (le
883 444 1017 485 tribus
1042 442 1229 497 personis
1251 453 1261 481 :

240 535 344 575 ergo
365 535 388 562 a
408 521 532 561 simili
551 523 587 559 et
611 522 694 559 tres
711 517 945 558 fruitiones,

294 594 417 646 Resp.
441 592 558 642 Quod
591 603 656 631 res
676 589 878 642 accipitur
897 588 965 628 hic
979 585 1264 627 communiter

239 667 290 707 ad
321 665 544 706 essentiam
569 666 608 703 et
628 673 871 714 personam,
894 662 1064 712 propter
1085 658 1149 698 sui
1184 669 1263 709 ge-

238 737 500 778 neralitatem
517 750 524 775 :
542 737 582 774 et
601 733 701 786 quia
720 735 986 784 assumptum
1008 733 1069 770 est
1092 730 1170 769 ltoc
1187 740 1262 769 vo-

237 809 451 856 cabulum,
476 816 559 855 res,
578 805 630 845 ab
662 807 756 844 actu
776 803 946 852 animas,
968 801 1061 842 ideo
1080 803 1165 841 tres
1196 800 1263 841 di—

237 884 391 921 cuntur
421 891 487 919 res
504 909 514 928 ,
536 876 635 930 quia
662 878 746 916 tres
773 886 989 928 personam
1018 872 1088 913 sed
1120 875 1262 912 tamen

237 962 357 1003 aeque
376 950 480 989 bene
501 959 588 987 una
607 958 686 996 reS,
715 945 814 997 quia
833 957 919 985 una
937 943 1102 984 bonitas
1130 945 1191 982 est
1218 941 1262 980 iu

235 1023 309 1063 eis.
329 1021 434 1070 Quia
448 1030 550 1071 ergo
571 1030 658 1059 una
675 1017 857 1067 bonitas,
880 1016 973 1056 ideo
992 1018 1033 1055 et
1051 1026 1137 1054 uua
1156 1012 1263 1052 frui-

235 1094 313 1142 tio,
341 1091 538 1145 quamvis
562 1093 645 1130 tres
666 1101 745 1129 reS.
766 1088 815 1128 Et
835 1087 1037 1140 quoniam
1058 1084 1262 1126 articulus

235 1165 331 1206 dicit
345 1163 445 1217 quid
459 1176 484 1203 a
502 1166 620 1216 parte
636 1161 790 1201 animm
812 1157 1129 1210 distinguentis,
1152 1155 1261 1196 scili-

235 1240 297 1277 cet
314 1235 561 1284 intellectus,
581 1236 621 1274 et
641 1232 783 1273 fruitio
803 1230 972 1283 respicit
993 1229 1179 1270 divinam
1200 1240 1261 1268 es·

233 1308 410 1349 sentiam
432 1310 472 1347 et
507 1305 753 1353 honitatem,
786 1306 826 1343 et
863 1302 1064 1342 unionem
1089 1299 1261 1341 effectus

233 1378 530 1429 communiter,
551 1376 645 1417 ideo
668 1374 810 1416 fruitio
832 1376 891 1415 est
911 1385 1012 1414 una.

635 1504 726 1533 hrss.
758 1502 849 1532 vill.

425 1586 573 1626 Ideoque
594 1583 704 1617 omnis
719 1582 775 1624 qui
793 1581 925 1622 fruitur,
947 1579 1061 1612 utitur.

285 1672 371 1713 Hoc
386 1671 555 1712 videtur
574 1669 743 1716 falsum,
763 1666 965 1720 quoniam
985 1664 1101 1706 stulti
1119 1663 1259 1704 homi-

230 1743 516 1796 nes,similiter
539 1745 578 1783 et
588 1741 731 1782 bestiae
745 1740 772 1791 ¹,
788 1740 1004 1787 fruuntur,
1021 1736 1120 1790 quia
1132 1748 1260 1789 prop-

228 1822 292 1859 ter
325 1830 368 1858 se
410 1816 668 1858 delectantur
700 1813 743 1852 in
778 1809 1033 1859 delectaliili3
1066 1808 1136 1849 sed
1173 1820 1259 1848 non

229 1892 423 1931 utuntur.
455 1887 498 1929 Si
526 1887 653 1935 dicas,
674 1883 787 1938 quod
814 1882 967 1923 dicitur
990 1879 1256 1929 translative;

228 1966 329 2003 tunc
349 1959 573 2014 quaeritur,
595 1968 728 2010 quare
747 1967 834 1996 non
849 1953 1040 1995 similiter
1059 1951 1259 1993 transfer-

227 2037 298 2074 tur
311 2032 491 2073 verbum
510 2029 671 2071 utendi.

282 2104 403 2158 Resp.
433 2104 502 2146 L'n·
527 2103 727 2156 importat
751 2100 988 2140 libertatem
1012 2097 1058 2138 in
1082 2108 1161 2137 sua
1180 2108 1257 2148 ge-

227 2177 359 2218 nerali
379 2175 642 2229 acceptione3
673 2173 718 2214 in
737 2171 904 2226 speciali
919 2171 1120 2223 importat
1137 2168 1259 2208 liber·

227 2253 355 2291 tatem
373 2260 470 2289 cum
485 2247 687 2288 relatione
707 2245 758 2286 ad
777 2243 907 2285 aliud.
928 2242 1039 2284 Frui
1057 2241 1258 2294 importat

225 2321 463 2362 libertatem
481 2331 578 2360 cum
595 2317 889 2367 delectatione3
918 2318 958 2356 et
984 2314 1081 2355 licet
1109 2325 1186 2353 nec
1202 2311 1257 2352 li—

225 2394 378 2444 bertas,
394 2405 470 2433 nec
488 2391 633 2433 relatio
651 2389 874 2431 conveniat
889 2386 1041 2438 brutis,
1059 2384 1256 2427 convenit

225 2465 284 2506 eis
300 2468 442 2505 tamen
469 2462 699 2505 delectatio.
721 2460 772 2502 Et
788 2460 882 2500 ideo
906 2459 976 2502 Uti
994 2458 1112 2499 nullo
1130 2457 1254 2498 modo

226 2536 425 2578 convenit
454 2535 589 2576 brutis
611 2535 645 2585 2;
676 2533 766 2585 frui
795 2535 936 2573 autem
964 2530 1162 2572 convenit
1195 2529 1254 2570 eis

225 2609 367 2662 aliquo
386 2607 526 2657 modo,
545 2606 642 2647 licet
660 2603 904 2658 improprie.

649 2728 739 2756 DL‘B.
771 2726 827 2754 IX.

417 2810 455 2842 ln
471 2808 626 2842 homines
645 2816 723 2849 spes
741 2805 899 2848 ponenda
918 2814 988 2837 non
1003 2807 1064 2837 est.

279 2893 452 2935 Contra:
469 2893 576 2944 Quia
588 2896 630 2934 et
647 2892 697 2934 de
716 2892 837 2933 beata
851 2890 1026 2944 Virgine
1042 2892 1250 2942 cantatur,

232 2967 349 3018 vita,
369 2966 560 3018 dulcedo,
579 2970 619 3009 cc
638 2975 747 3019 spes,
766 2963 819 3005 al)
835 2962 1032 3013 Ecclesia,
1052 2974 1148 3016 quae
1167 2974 1252 3004 non

221 3042 347 3081 errat.

278 3110 403 3162 Item,
436 3109 580 3151 Jonae³
600 3124 609 3151 ε
632 3109 817 3152 Accessit
846 3107 906 3151 ad
932 3119 1025 3150 eum
1047 3107 1252 3161 quberna—

223 3188 300 3226 lor.
319 3182 462 3223 Glossa
481 3197 489 3223 :
519 3197 537 3219 α
557 3180 753 3222 Naturale
773 3183 835 3223 est
860 3180 1023 3222 homini
1043 3180 1181 3233 magis
1201 3181 1252 3224 de

223 3255 315 3296 aliis
337 3266 468 3308 quam
487 3253 538 3294 de
558 3265 600 3293 se
618 3252 661 3293 in
680 3253 877 3306 periculis
896 3253 1118 3294 considere.
1139 3268 1157 3291 n

276 3325 400 3379 Resp.
430 3325 657 3366 Dicendum
689 3325 799 3378 quod
833 3338 1000 3379 sperare
1029 3325 1080 3366 de
1105 3325 1250 3379 aliquo

224 3402 284 3440 est
305 3396 529 3451 dupliciter
549 3407 559 3436 :
580 3398 653 3436 aut
672 3395 780 3436 sicut
796 3396 846 3437 de
865 3396 1080 3450 adJutor03
1100 3400 1174 3437 aut
1193 3397 1250 3437 si-

223 3473 295 3512 cut
318 3469 369 3510 de
395 3467 625 3509 Salvatore.
653 3465 797 3508 Prima
815 3479 908 3520 spes
934 3471 1069 3521 potest
1095 3481 1184 3510 esse
1204 3469 1250 3511 in

267 3580 278 3601 ¹
300 3578 375 3611 vid.
408 3579 563 3619 August„
594 3575 651 3608 lib.
682 3576 842 3608 Lxxxlll
878 3576 1010 3615 Quoesf„
1043 3587 1075 3619 q.
1104 3587 1187 3611 xxx.
1208 3596 1249 3603 —

223 3627 237 3648 ¹
251 3626 334 3661 lhicl.
354 3643 394 3650 --
414 3626 524 3663 How,
547 3632 579 3665 1,
599 3626 628 3656 6.
650 3641 690 3649 -
709 3623 856 3662 ‘Ea-le„
878 3631 949 3665 vil,
978 3627 1026 3656 13.
1049 3643 1087 3649 --
1106 3626 1119 3648 ⁵
1137 3627 1248 3666 Dent„

1340 369 1527 422 homine,
1547 370 1729 411 secunda
1748 382 1847 410 non.
1867 369 1939 410 Vel
1960 372 2022 410 est
2048 382 2216 423 sperare
2244 372 2368 412 finale

1340 442 1584 494 przemium,
1608 445 1648 482 et
1669 442 1745 482 hoc
1765 441 1886 482 debet
1904 452 1993 481 esse
2013 443 2180 482 tantum
2200 442 2243 482 in
2261 442 2365 493 Deo;

1340 513 1406 553 vel
1424 513 1653 565 temporale
1672 513 1940 563 beneficium,
1966 515 2007 552 et
2027 511 2107 553 hoc
2126 515 2258 566 potest
2279 526 2368 555 esse

1339 584 1382 623 in
1403 584 1588 625 homine.
1613 583 1805 625 Primum
1833 584 1866 624 si
1895 586 2076 637 ponatur
2101 583 2146 624 in
2167 583 2364 636 homine,

1339 660 1526 697 meretur
1571 656 1908 697 maledictionem
1930 669 1939 708 ;
1989 655 2222 696 secundum
2267 669 2367 697 vero

1339 739 1441 769 non.

1771 794 1860 822 DL'B.
1891 794 1935 822 X.

1742 866 1789 897 lta
1799 890 1810 907 ,
1831 866 1854 897 F
1858 868 1956 898 rater.

1393 941 1608 992 Quaeritur
1624 955 1754 996 quare
1773 943 1871 983 dicit
1896 943 1946 984 de
1962 942 2151 992 homine,
2173 943 2240 985 Ιία
2261 942 2368 984 Fra-

1339 1017 1426 1065 ter,
1455 1025 1525 1067 eqo
1553 1015 1677 1066 fruar
1700 1019 1737 1057 le
1761 1016 1810 1057 in
1833 1015 2034 1066 Domino,
2065 1014 2204 1067 magis
2237 1026 2367 1067 quam

1338 1084 1387 1126 de
1411 1085 1543 1137 asino,
1566 1087 1635 1127 vel
1655 1087 1704 1127 de
1723 1087 1804 1127 alia
1825 1090 2028 1137 creatura,
2054 1098 2152 1127 cum
2172 1086 2216 1126 in
2234 1086 2368 1127 omni-

1337 1156 1417 1196 bus
1437 1158 1639 1198 creaturis
1657 1159 1840 1199 reluceat
1858 1158 2090 1211 vestigium
2109 1158 2266 1199 divinae
2289 1158 2367 1200 ho-

1336 1228 1494 1269 nitatis,

1390 1299 1512 1354 Resp.
1540 1299 1658 1350 Quod
1688 1301 1840 1343 dicitur
1864 1302 2014 1356 aliquis
2038 1302 2181 1356 aliquo
2208 1302 2293 1343 frui
2321 1303 2367 1343 in

1336 1371 1419 1413 Deo
1434 1404 1444 1423 ,
1467 1385 1553 1413 non
1574 1373 1669 1414 facit
1688 1375 2004 1427 repraesentatio
2018 1407 2027 1424 ,
2048 1374 2120 1416 sed
2148 1375 2286 1427 magis
2305 1374 2366 1415 in-

1335 1443 1549 1485 habitatio.
1573 1444 1691 1486 Unde
1713 1457 1915 1486 conversa
1932 1458 2007 1499 per
2029 1458 2288 1500 consequens
2304 1450 2366 1488 est

1334 1517 1528 1570 propria,
1552 1517 1745 1558 videlicet
1769 1517 1862 1558 haec
1889 1531 1898 1558 ε
1921 1517 2008 1570 qu
2039 1518 2162 1569 fruar
2189 1518 2365 1561 Domino

1334 1589 1382 1630 in
1402 1594 1464 1639 te,
1484 1589 1586 1630 dum
1608 1601 1682 1642 per
1707 1601 1835 1643 opera
1860 1589 1989 1629 sciam
2018 1589 2149 1630 Deum
2175 1589 2365 1631 habitare

1334 1661 1378 1701 in
1400 1664 1459 1711 te,
1480 1664 1520 1702 et
1538 1664 1600 1702 est
1621 1661 1855 1713 figurativa
1873 1660 2045 1702 locutio.

1757 1789 1834 1817 ΗΓΒ
1845 1808 1853 1817 .
1885 1789 1944 1816 XI.

1388 1879 1492 1920 Item
1512 1880 1720 1933 quaeritur
1735 1880 1785 1922 de
1804 1880 1884 1921 hac
1898 1880 2104 1921 solutione
2116 1880 2362 1933 Augustini,

1332 1964 1417 2005 qua
1432 1952 1558 1993 solvit
1577 1952 1870 1993 auctoritatem
1891 1952 2135 2006 praedictam
2154 1965 2230 2006 per
2248 1953 2365 1994 illam

1332 2024 1746 2076 determinationem,
1766 2026 1818 2066 In
1841 2025 2018 2067 Domino
2036 2039 2051 2066 .·
2070 2024 2151 2065 Sed
2168 2024 2213 2065 in
2226 2025 2363 2068 Eccle-

1330 2098 1461 2139 siaste
1481 2096 1493 2118 '⁴
1531 2096 1775 2150 simpliciter
1813 2096 1966 2137 dicitur
1999 2111 2008 2138 :
2040 2099 2195 2139 Fruere
2228 2096 2361 2140 bonis.

1331 2167 1450 2218 Item,
1485 2169 1530 2210 in
1556 2168 1909 2212 Deuteronomio⁵
1939 2183 1947 2210 :
1969 2168 2103 2211 Filios
2122 2169 2362 2222 generabis,

1331 2245 1369 2283 et
1391 2241 1525 2293 fellas,
1545 2245 1583 2284 et
1602 2251 1686 2283 non
1708 2241 1866 2293 frueris
1893 2242 1979 2286 eis:
2000 2253 2053 2282 ex
2075 2240 2156 2282 hoc
2178 2241 2364 2296 implicat

1329 2313 1444 2366 quod
1464 2313 1500 2353 si
1523 2325 1609 2353 non
1629 2315 1862 2366 peccarent,
1882 2313 2126 2354 fruerentur
2145 2313 2218 2354 eis.

1382 2384 1502 2438 Resp.
1517 2384 1747 2426 Dicendum
1764 2384 1876 2438 quod
1895 2384 2094 2438 praedicta
2110 2384 2262 2428 solutio
2276 2398 2363 2428 non

1328 2460 1390 2498 est
1406 2456 1618 2510 generalis
1636 2489 1646 2508 ,
1671 2456 1741 2498 sed
1762 2456 1900 2497 solum
1919 2456 1968 2497 ad
1989 2456 2247 2510 propositam
2265 2470 2364 2499 auc-

1326 2529 1559 2579 toritatem3
1582 2532 1622 2570 et
1635 2528 1728 2570 ideo
1748 2528 2078 2569 reccurrendum
2097 2531 2160 2569 est
2176 2529 2229 2569 ad
2245 2530 2362 2571 solu-

1326 2602 1487 2642 tionem
1506 2600 1752 2655 praedictam
1766 2603 1886 2641 extra
1900 2600 2083 2641 litteram
2101 2602 2147 2641 in
2164 2602 2362 2654 quaestio·

1326 2670 1452 2712 nibus
1466 2672 1495 2722 ⁶,
1515 2670 1625 2723 quod
1642 2670 1735 2721 frui
1751 2669 1982 2722 accipiatur
2000 2670 2298 2723 communiter,
2321 2675 2362 2713 et

1325 2743 1494 2797 proprie
1512 2757 1520 2784 :
1537 2742 1580 2783 in
1595 2742 1803 2796 praedictis
1819 2741 2137 2784 auctoritatibus
2156 2742 2361 2797 accipitur

1326 2814 1612 2858 communiter
1637 2817 1819 2856 tantum.

1742 2942 1834 2971 DUB.
1861 2941 1939 2970 XII·

1497 3018 1533 3053 Si
1553 3018 1644 3052 enim
1663 3028 1728 3052 nec
1748 3019 1880 3061 fruitur,
1900 3027 1965 3051 nec
1981 3017 2096 3060 utitur,
2118 3021 2183 3051 etc.

1379 3106 1466 3148 Iloc
1485 3117 1572 3146 non
1590 3104 1769 3156 Qvidetur
1788 3103 1944 3154 valere,
1969 3103 2071 3157 quia
2089 3102 2199 3147 Deus
2217 3102 2358 3156 diligit

1324 3192 1367 3221 se
1394 3195 1402 3221 ε
1436 3191 1524 3220 non
1559 3181 1700 3219 tamen
1726 3176 1875 3226 utitur,
1909 3175 2010 3229 quia
2037 3187 2124 3217 non
2148 3175 2287 3227 diligit
2311 3188 2355 3217 se

1324 3254 1495 3307 propter
1513 3250 1653 3300 aliud3
1675 3262 1753 3290 ncc
1775 3249 1945 3299 fruitur,
1967 3247 2069 3301 quia
2094 3246 2168 3288 ubi
2193 3247 2352 3299 fruitio,

1323 3325 1381 3366 ibi
1401 3322 1667 3371 inhaerentia,
1680 3325 1720 3362 et
1738 3319 1985 3372 indigentia,
2003 3321 2051 3360 ut
2068 3318 2167 3360 dicit
2183 3318 2355 3372 Augus-

1323 3397 1463 3438 tinus⁷
1485 3409 1493 3437 ε
1515 3394 1623 3435 Deus
1642 3395 1785 3434 autem
1805 3394 1987 3444 utroque
2003 3393 2132 3442 caret,
2152 3393 2230 3432 etc.

1376 3468 1499 3521 Resp.
1518 3465 1763 3515 Dicendum,
1782 3462 1895 3517 quod
1909 3461 2053 3504 fruitio
2072 3461 2123 3504 de
2136 3462 2202 3504 sui
2221 3474 2354 3516 gene-

1322 3585 1456 3618 xxvni,
1491 3579 1542 3609 41.
1563 3594 1603 3600 -
1623 3575 1636 3598 ⁶
1651 3576 1691 3614 Q.
1714 3582 1746 3617 1,
1778 3575 1841 3606 art.
1861 3574 1892 3606 2.
1914 3589 1955 3597 -
1981 3572 1994 3595 ⁷
2012 3572 2058 3604 De
2085 3572 2194 3604 Doctr.
2213 3571 2350 3612 Christ„

1322 3625 1379 3657 lili.
1403 3626 1425 3667 t,
1448 3636 1476 3657 ‹·.
1493 3632 1598 3666 xxxi,
1619 3633 1652 3657 ιι,
1671 3624 1722 3654 34.
