2613 3990
153 2635 161 2644 .
185 2612 293 2640 Funda-

155 2659 257 2682 menta.

270 274 353 314 268

290 361 567 403 nit'estandam
582 364 762 417 alicujus
775 377 964 418 personae
982 365 1308 416 emanationem,

290 432 391 484 quia
408 446 506 474 cum
526 435 595 475 illa
621 437 767 477 notitia
793 437 907 477 omni
938 440 1126 490 tempore
1158 437 1210 477 sit
1235 449 1314 478 ne-

290 508 485 558 cessaria,
523 511 675 551 scilicet
701 515 887 564 tempore.
919 512 1025 564 legis
1051 511 1216 564 scripta}
1235 543 1244 560 ,
1276 514 1316 552 et

294 592 419 623 runc.
444 581 610 623 videtur
627 583 737 635 qnod
766 587 805 623 et
823 586 923 623 tunc
953 586 994 623 et
1014 596 1128 624 nune
1148 583 1316 623 deberet

292 668 377 695 esse
415 656 556 695 missio
590 654 778 694 visibilis.
805 653 1018 703 Quaeritur
1049 666 1151 706 ergo
1184 666 1314 707 quare

292 726 426 766 mlum
446 729 633 778 tempore
654 725 845 766 Ecclesice
867 727 1108 778 primitivae.

347 800 382 836 3.
404 800 515 837 Item.
537 800 933 850 quantumcumque
944 797 1194 850 appareatin
1211 808 1319 836 crea-

294 871 414 917 tura,
447 880 529 907 non
560 868 799 916 innotescit,
837 869 918 908 nisi
950 868 1149 909 revelatio
1180 867 1314 908 adsit:

293 939 361 979 sed
383 951 480 979 cnm
509 939 669 979 adesset
695 939 895 980 revelatio
921 940 1110 986 interior,
1141 942 1319 978 ventum

298 1014 355 1050 est
377 1010 425 1050 ad
450 1010 736 1063 cognitionem
762 1011 969 1052 veriorem
1001 1014 1040 1051 et
1066 1010 1287 1051 certiorem
1307 1042 1317 1060 ,

294 1094 421 1134 quarn
439 1094 533 1134 quae
549 1086 608 1121 est
634 1094 656 1122 a
675 1095 801 1122 sensu
834 1095 842 1122 :
878 1083 910 1121 si
935 1094 1037 1134 ergo
1060 1082 1220 1122 habens
1249 1094 1321 1122 co-

294 1154 530 1206 gnitionem
552 1157 709 1194 certam
726 1166 809 1195 non
832 1154 994 1206 indiget
1005 1153 1200 1206 occupari
1213 1154 1324 1194 circa

295 1229 584 1280 cognitionem
597 1229 900 1282 imperfectam,
917 1241 1019 1282 ergo
1031 1229 1199 1269 videtur
1210 1228 1324 1281 quod

295 1301 477 1341 exterior
494 1301 700 1354 apparitio
720 1301 895 1341 omnino
913 1301 1159 1353 superfluat.

349 1376 387 1413 4.
426 1372 530 1412 Item
562 1372 764 1425 probatur
796 1372 925 1413 etiam
962 1372 1075 1425 quod
1106 1372 1323 1425 impediat,

295 1447 354 1487 sic
377 1462 384 1487 :
408 1447 594 1487 Affectus
611 1447 724 1487 circa
742 1446 852 1487 bona
872 1446 1058 1487 visibilia
1079 1449 1324 1499 occupatu5,

297 1519 438 1558 minus
458 1518 597 1570 surgit
630 1519 681 1558 ad
709 1519 820 1558 bona
843 1518 1072 1559 invisibilia
1102 1533 1110 1559 :
1144 1531 1247 1571 ergo
1267 1519 1328 1558 si-

297 1592 451 1632 militer
473 1590 709 1632 intellectus
730 1603 739 1630 :
763 1603 882 1643 ergo,
898 1591 933 1631 si
947 1591 1070 1632 debet
1088 1591 1141 1632 ad
1160 1603 1329 1644 percep-

297 1666 455 1705 tionem
494 1664 773 1703 invisibilium
802 1663 984 1712 elevari,
1015 1676 1103 1704 non
1138 1663 1259 1704 debet
1293 1662 1331 1703 ei

299 1736 388 1777 fieri
417 1735 598 1775 ostensio
628 1735 860 1775 visibilium
885 1747 894 1774 :
917 1735 1031 1787 quod
1051 1735 1084 1775 si
1102 1736 1195 1783 fiat,
1219 1734 1332 1775 vide-

304 1813 372 1849 tur
392 1808 532 1861 potius
553 1807 762 1860 impediri,
783 1819 914 1860 quam
927 1807 1090 1859 juvari.

354 1884 392 1921 ὃ.
419 1879 544 1929 Item,
577 1879 611 1918 si
638 1879 780 1919 missio
799 1881 860 1919 est
887 1879 938 1919 ad
965 1878 1331 1927 innotescendum,

304 1965 402 1993 cum
422 1951 579 2004 triplex
597 1951 649 1990 sit
672 1951 716 1990 in
734 1951 855 1991 nobis
883 1950 950 1990 vis
970 1950 1200 2002 cognitiva,
1221 1949 1337 1990 50111-

303 2027 365 2064 cet
412 2035 561 2063 sensus
604 2021 790 2062 exterior
816 2055 827 2073 ,
875 2024 917 2063 et
957 2022 1208 2074 imaginatio
1233 2053 1242 2070 ,
1296 2022 1338 2061 01

303 2094 553 2145 intellectus,
573 2098 614 2135 et
630 2095 866 2136 secundum
882 2095 993 2135 hanc
1018 2095 1226 2148 triplicem
1247 2094 1338 2135 vim

305 2167 457 2219 triplex
477 2166 720 2218 assignetur
737 2167 843 2208 visio
863 2166 1135 2220 prophetalis,
1152 2166 1246 2220 pari
1269 2178 1339 2205 ra-

307 2239 420 2279 tione
455 2238 624 2279 videtur
652 2238 765 2291 quod
804 2239 958 2292 triplex
987 2238 1134 2279 missio
1171 2238 1342 2279 deberet

309 2310 529 2362 distingui.
558 2309 766 2351 Praeterea
784 2342 793 2358 ,
817 2323 915 2351 cum
936 2310 1078 2350 missio
1099 2310 1152 2350 sit
1170 2310 1222 2350 ad
1247 2302 1340 2349 mass-

312 2382 620 2423 nisestationem
642 2382 976 2433 inhabitationiS,
999 2385 1039 2423 et
1058 2381 1192 2422 Filius
1214 2381 1343 2421 inha—

312 2455 413 2495 bitet
434 2454 541 2494 sicut
569 2453 749 2505 Spiritus
781 2456 974 2504 sanctus,
1006 2466 1139 2506 quare
1166 2440 1255 2493 non
1285 2454 1346 2493 est

313 2526 457 2567 missio
479 2526 653 2566 visibilis
672 2527 723 2566 ad
743 2526 1103 2567 manifestandum
1121 2526 1263 2566 illam?

369 2597 447 2638 Sed
482 2601 627 2639 contra
652 2598 799 2646 :Quod
840 2599 892 2638 sit
924 2599 1041 2639 utilis
1079 2599 1130 2639 ad
1162 2599 1347 2638 innotes-

315 2670 512 2718 cendum,
538 2669 719 2719 videtur,
740 2669 842 2722 quia
869 2670 1056 2721 cognitio
1080 2674 1224 2711 nostra
1244 2670 1350 2709 inci-

319 2741 374 2791 pit
405 2754 428 2781 a
450 2753 577 2781 sensu
604 2753 611 2778 :
645 2753 765 2793 ergo,
800 2741 834 2780 si
871 2741 1074 2782 debemus
1106 2742 1264 2783 elevari
1298 2744 1351 2785 ad

324 2813 634 2866 perceptionem
663 2813 1008 2865 intelligibilium,
1043 2826 1290 2867 congruum
1313 2818 1354 2857 et

319 2885 497 2937 perutile
533 2888 595 2925 est
623 2885 737 2938 quod
767 2885 908 2938 aliquo
948 2886 1073 2927 modo
1102 2888 1265 2939 praevia
1300 2888 1354 2928 sit

320 2957 515 2997 excitatio
541 2957 584 2996 in
619 2969 749 2997 sensu
779 2969 854 3010 per
881 2957 1071 3010 signum.
1102 2958 1152 2998 Et
1177 2959 1258 2999 hoc
1294 2962 1356 2999 est

322 3027 434 3080 quod
480 3028 575 3068 dicit
623 3028 852 3081 Gregorius
882 3032 894 3054 ¹
929 3043 937 3069 ε
961 3046 976 3064 «
1002 3029 1112 3070 Dum
1130 3031 1357 3071 visibiliter

323 3099 457 3140 Deum
488 3101 809 3152 cognoscimus,
831 3113 905 3155 per
940 3101 1057 3143 hunc
1090 3103 1135 3143 in
1159 3103 1357 3144 invisibi-

321 3170 444 3221 lium,
467 3185 485 3207 »
508 3174 585 3211 010.

380 3242 498 3293 Item,
532 3244 639 3283 sicut
672 3245 875 3285 miracula
903 3245 1133 3286 ostendunt
1166 3246 1359 3287 divinam

325 3315 571 3368 potentiam,
595 3315 653 3354 ita
681 3315 803 3367 signa
832 3316 1022 3357 divinam
1051 3319 1326 3370 praesentiam
1350 3334 1358 3359 z

328 3387 397 3427 sed
419 3386 519 3427 utile
540 3386 618 3425 suit
649 3389 688 3426 et
709 3389 1070 3438 pernecessarium
1098 3390 1230 3430 fidem
1265 3404 1363 3430 1105-

330 3463 434 3499 tram
452 3457 680 3498 manuduci
699 3470 772 3510 per
788 3459 991 3500 miracula
1005 3461 1056 3501 ad
1071 3463 1362 3513 cognitionem

377 3568 385 3588 ¹
400 3567 513 3605 Grcg.‚
526 3565 558 3597 in
571 3565 672 3606 proef.
688 3564 830 3596 Nam-it.
849 3565 1053 3597 Donum—²
1068 3568 1104 3599 In
1123 3568 1180 3600 lib.
1196 3570 1240 3600 111
1259 3570 1365 3608 Seni„

336 3613 413 3645 dist.
431 3621 455 3654 1,
475 3615 537 3645 art.
557 3614 588 3653 2,
609 3615 644 3644 et
662 3612 754 3644 alibi.

1035 274 1326 317 SENTENTIA
1335 276 1449 318 RUM
1487 277 1583 318 LIB.
1616 279 1647 318 1.

1387 367 1546 409 divinae
1567 368 1764 421 potentiae
1784 379 1793 408 :
1818 378 1922 418 ergo
1944 366 2034 418 pari
2055 366 2217 407 ratione
2234 378 2309 419 per
2331 365 2411 406 ali-

1387 451 1471 491 qua
1504 439 1628 491 signa
1660 439 1837 481 visibilia
1854 438 1906 479 ad
1935 437 2225 490 cognitionem
2257 437 2411 478 divinae

1389 511 1643 562 praesentiae.

1444 581 1564 631 Item,
1582 582 1724 621 missio
1744 585 1805 622 est
1822 582 1872 622 ad
1888 580 2183 621 redimendum
2196 579 2413 619 hominem

1389 652 1603 705 perditum
1622 668 1629 694 ε
1651 654 1720 693 sed
1744 654 1870 693 1101110
1891 656 1950 693 est
1971 651 2159 704 perditus
2182 651 2416 692 secundum

1390 726 1589 764 naturam
1608 725 1817 765 visibilem
1838 728 1877 765 et
1896 723 2150 764 invisibilem
2172 738 2179 763 :
2201 734 2304 774 ergo
2320 722 2416 763 mis-

1391 795 1453 836 sio
1471 796 1706 836 secundum
1722 799 1947 849 utramque
1969 799 2025 835 est
2048 794 2176 834 utilis.

1449 866 1552 907 Item
1566 899 1576 917 ,
1600 867 1846 908 familiarius
1863 868 1985 908 ott'ert
2007 878 2129 907 suam
2150 865 2420 918 praesentiam

1393 938 1466 992 qui
1487 951 1530 979 se
1560 939 1682 979 offert
1708 940 1941 981 secundum
1975 951 2148 979 sensum
2167 940 2209 979 et
2236 937 2421 978 intellec-

1394 1014 1502 1061 tum,
1526 1023 1656 1063 quam
1674 1010 1747 1063 qni
1764 1012 1995 1051 secundum
2019 1011 2200 1050 alterum
2220 1012 2387 1050 tantum
2411 1024 2420 1050 :

1395 1082 1466 1123 sed
1487 1082 1567 1122 1100
1597 1081 1784 1122 maxime
1806 1082 2052 1134 expediebat
2071 1081 2236 1122 homini
2259 1093 2421 1132 averso,

1396 1156 1442 1195 ut
1458 1155 1778 1194 converteretur
1794 1152 1846 1193 ad
1866 1152 1997 1193 Deum
2017 1165 2026 1193 :
2046 1164 2163 1205 ergo,
2185 1155 2262 1193 etc.

1744 1308 2087 1350 CONCLUSIO.

1399 1426 1559 1473 Spiritus
1573 1426 1692 1460 sancti
1711 1424 1870 1460 visibilis
1887 1425 2007 1459 missio
2027 1424 2132 1459 utilis
2150 1425 2225 1468 fuit
2245 1423 2293 1459 ad
2310 1425 2430 1459 mani-

1447 1485 1649 1530 festandam
1676 1487 1936 1521 emanationem
1965 1487 1997 1519 et
2023 1484 2348 1530 inhabitationem,
2377 1494 2431 1520 se-

1449 1546 1597 1582 cundum
1616 1545 1858 1592 plenitudinis
1877 1543 2170 1580 redundantiam.

1457 1658 1580 1711 Resp.
1601 1658 1653 1698 ad
1674 1658 1780 1709 Arg.
1808 1656 2042 1697 Dicendum
2063 1655 2176 1708 quod
2195 1655 2340 1696 missio
2360 1654 2434 1695 Fi-

1405 1730 1449 1769 Iii
1482 1729 1656 1769 visibilis
1689 1728 1906 1781 propriam
1942 1731 1982 1768 et
2021 1727 2254 1767 maximam
2287 1726 2436 1767 habuit

1407 1801 1645 1851 utilitatem,
1667 1800 1773 1840 510111
1793 1799 1952 1853 patebit
1971 1799 2013 1838 in
2033 1798 2155 1839 tertio
2169 1802 2197 1838 ².
2222 1798 2302 1839 Sed
2321 1810 2438 1838 nune

1408 1874 1457 1914 de
1478 1873 1640 1926 Spiritu
1658 1875 1801 1912 sancto
1825 1871 2072 1921 dicendum,
2095 1870 2206 1923 quod
2225 1871 2316 1923 ejus
2336 1870 2440 1911 mis-

1409 1945 1469 1985 sio
1500 1944 1680 1985 visibilis
1714 1944 1830 1984 utilis
1859 1947 1918 1983 est
1942 1943 1992 1983 ad
2020 1942 2371 1983 manifestandam
2401 1944 2441 1983 et

1410 2016 1724 2057 emanationem
1770 2018 1809 2055 et
1839 2014 2213 2064 inhabitationem3
2251 2013 2322 2054 sed
2353 2025 2441 2054 non

1411 2088 1767 2142 qualemcumque
1783 2087 2152 2135 inhabitationem,
2167 2098 2245 2126 nec
2264 2085 2308 2126 in
2326 2085 2444 2126 omni

1413 2172 1570 2213 genere
1605 2171 1812 2212 personae.
1853 2158 2079 2212 Propterea
2115 2157 2444 2210 intelligendum

1415 2232 1527 2285 quod
1546 2235 1606 2272 est
1630 2232 1880 2272 inhabitatio
1901 2231 2058 2284 duplex
2084 2245 2093 2271 ε
2118 2230 2273 2270 50111001
2293 2242 2445 2270 5001111-

1415 2305 1519 2345 (111111
1539 2304 1877 2345 sanctificationis
1896 2303 2194 2344 sufficientiam
2207 2335 2218 2352 ,
2233 2305 2274 2343 et
2292 2314 2447 2343 secun-

1417 2376 1520 2416 dum
1557 2375 1830 2428 plenitudinis
1859 2374 2201 2416 redundantiam.
2239 2374 2314 2414 Illa
2350 2385 2447 2426 quae

1420 2452 1479 2488 est
1505 2448 1741 2488 seeundum
1769 2446 2111 2487 sanctificationis
2128 2445 2422 2487 sufficientiam
2436 2478 2447 2497 ,

1420 2520 1597 2560 interius
1616 2519 1888 2559 invisibiliter
1907 2519 2026 2569 latet3
2051 2530 2147 2571 (111εο
2168 2529 2270 2559 vero
2297 2529 2450 2558 secun—

1422 2593 1525 2632 dum
1561 2591 1915 2641 redundantiam,
1955 2590 2140 2630 exterius
2176 2593 2373 2642 apparet,
2413 2592 2454 2631 et

1422 2664 1516 2704 ideo
1536 2664 1631 2704 talis
1658 2663 1907 2703 inhabitatio
1926 2662 1971 2702 in
1990 2662 2114 2714 signo
2133 2661 2290 2702 visibili
2314 2663 2354 2701 et
2376 2674 2454 2702 ex-

1424 2735 1568 2776 teriori
1599 2734 1857 2775 manifestari
1879 2734 2014 2784 debet,
2037 2733 2145 2774 sicut
2164 2733 2319 2774 factum
2336 2733 2456 2774 estin

1426 2810 1639 2864 apostolis.
1669 2809 1871 2850 Similiter
1898 2808 2225 2860 intelligendum
2246 2808 2359 2861 quod
2376 2808 2456 2849 du-

1428 2882 1526 2935 plex
1557 2884 1618 2922 est
1643 2894 1780 2934 genus
1812 2880 2073 2921 credentium
2101 2894 2110 2920 :
2143 2880 2316 2932 quidam
2343 2880 2455 2921 enim

1429 2954 1578 2995 volunt
1594 2953 1738 3005 sigua,
1764 2955 1914 3006 utputa
1936 2951 2168 3001 sensuales;
2193 2951 2367 3005 quidam
2388 2952 2459 2992 in-

1430 3025 1713 3077 telligentiam
1734 3027 1936 3077 quaerunt
1962 3023 2030 3077 (a),
2049 3026 2202 3077 utputa
2218 3055 2227 3073 ,
2245 3025 2338 3076 jam
2367 3035 2461 3077 pro-

1433 3097 1555 3137 vecti.
1579 3097 1825 3146 Quaerentes
1850 3097 1974 3149 signa
1989 3129 1999 3147 ,
2021 3098 2067 3136 ut
2091 3107 2166 3148 per
2184 3095 2278 3136 haeo
2304 3108 2461 3136 manu-

1434 3169 1646 3210 ducantur
1666 3169 1716 3209 ad
1740 3167 2037 3220 intelligibilia,
2059 3170 2230 3220 propter
2251 3168 2353 3208 tales
2375 3167 2462 3208 uti-

1434 3241 1485 3281 lis
1512 3243 1572 3281 est
1608 3241 1750 3281 missio
1777 3240 1981 3288 visibilis,
2018 3239 2069 3280 ad
2107 3240 2460 3281 manifestandam

1438 3312 1786 3353 inhabitationem
1825 3311 2058 3352 secundum
2092 3312 2366 3365 plenitudinis
2397 3324 2463 3353 re-

1439 3383 1714 3425 dundanti-nn
1753 3384 1823 3436 (b),
1849 3386 1889 3423 01
1916 3383 1996 3424 1100
2028 3383 2217 3436 personis
2237 3396 2369 3424 manu
2392 3384 2466 3424 du-

1440 3456 1581 3495 cendis
1609 3468 1680 3508 per
1707 3466 1892 3496 sensum.
1915 3454 1976 3494 Ex
2007 3455 2086 3495 1100
2108 3458 2222 3508 patet
2247 3456 2436 3509 primum
2452 3487 2463 3505 ,

1483 3563 1528 3604 (a)
1551 3564 1631 3595 Coet.
1651 3564 1701 3595 ed.
1723 3565 1924 3604 quaerentes.
1943 3580 1978 3584 —
1993 3563 2227 3611 (ἰὴν-0114141311.Η
2245 3538 2464 3610 101101111011οζ

1442 3620 1522 3645 nem
1539 3611 1760 3653 plenitudinis
1778 3610 2011 3643 redundantis.
2097 3609 2104 3612 ”
2123 3609 2129 3611 ·
2243 3608 2251 3612 -
2263 3608 2299 3611 ”
2319 3608 2330 3612 -
2441 3610 2445 3611 ⁷
