2613 3990
804 263 933 305 DIST.
959 260 1064 303 XIV.
1094 258 1217 301 ART.
1250 259 1281 300 1.
1313 258 1513 310 QUAEST.
1546 258 1576 299 I.

228 360 267 398 6.
292 356 410 406 ltem,
431 355 475 395 in
495 355 756 408 processione
785 352 966 406 Spiritus
992 349 1122 391 sancti
1152 349 1198 389 in

175 429 409 469 creaturam
439 429 499 467 est
526 425 735 479 processio
755 423 854 464 doni
873 422 1060 472 increati,
1085 420 1198 474 quod

173 500 235 540 est
255 497 435 551 Spiritus
459 499 641 546 sanctus,
663 498 702 535 et
720 494 821 536 doni
842 493 983 543 creati,
1009 492 1120 544 quod
1139 493 1199 531 est

174 569 338 622 gratia:
362 568 431 608 sed
451 568 611 609 donum
636 567 868 606 increatum
898 566 959 603 est
987 562 1195 603 nobilius:

175 652 293 693 ergo,
315 651 414 680 cum
435 651 459 679 a
484 636 679 678 nobiliori
710 636 856 676 debeat
884 634 975 674 fieri
1004 633 1198 673 denomi-

174 712 304 763 natio,
326 711 534 765 processio
554 709 735 762 Spiritus
753 707 886 748 sancti
902 707 946 746 in
963 708 1199 746 creaturam

174 784 297 825 debet
315 783 395 824 dici
414 781 620 836 processio
639 780 824 820 increata
842 793 850 819 :
868 777 939 818 sed
956 777 1094 818 omnis
1107 776 1200 817 talis

175 858 235 896 est
254 858 426 905 aeterna,
448 866 534 895 non
558 851 800 905 temporalis
818 865 826 891 :
849 862 968 902 ergo,
987 852 1063 890 etc.

535 1022 837 1066 CONCLUSIO.

176 1135 334 1180 Spiritus
351 1135 493 1170 sanctus
507 1133 669 1179 procedit
686 1143 729 1168 em
749 1134 904 1178 tempore
918 1160 928 1172 ‚
951 1142 1026 1166 cum
1045 1133 1085 1166 in
1102 1141 1200 1166 crea-

225 1194 316 1228 turis
342 1195 393 1228 sit
411 1192 484 1237 ejas
509 1195 662 1240 receptio
678 1202 744 1238 per
765 1192 993 1236 influentiam
1016 1190 1098 1226 bom·
1119 1201 1202 1236 qra-

226 1253 326 1287 tuiti.

231 1355 350 1409 Resp.
371 1356 423 1397 ad
441 1357 545 1409 Arg.
574 1356 806 1397 Dicendum
837 1356 950 1409 quod
974 1355 1199 1409 processio,

176 1427 409 1468 secundum
447 1428 559 1481 quod
594 1428 878 1468 communiter
919 1426 1122 1480 accipitur
1153 1426 1203 1467 de

177 1498 280 1539 Filio
307 1502 347 1540 et
371 1499 421 1540 de
450 1498 608 1552 Spiritu
635 1502 791 1550 sancto,
814 1499 967 1539 dicitur
994 1498 1204 1538 emanatio

178 1571 230 1611 ab
247 1571 340 1621 hoc,
361 1571 519 1612 scilicet
538 1584 562 1612 a
581 1571 717 1612 Patre.
740 1570 983 1612 Secundum
1003 1569 1116 1622 quod
1136 1570 1202 1610 di-

176 1642 284 1683 citur
313 1643 363 1683 de
391 1642 554 1696 Spiritu
572 1645 728 1693 sancto,
750 1641 906 1683 dicitur
926 1641 1132 1694 processio
1152 1641 1204 1681 ab

177 1726 264 1754 uno
276 1714 322 1754 in
338 1714 470 1755 alium
490 1728 499 1755 :
519 1714 589 1754 sed
606 1713 829 1766 procedere
844 1713 897 1753 ab
912 1725 998 1753 11110
1013 1712 1057 1752 111
1073 1712 1203 1752 alium

179 1787 239 1825 est
259 1785 478 1838 dupliciter
498 1799 507 1826 :
533 1788 606 1826 aut
622 1785 728 1825 sicut
743 1784 786 1824 in
803 1784 1015 1837 objectum
1030 1784 1071 1823 in
1090 1784 1205 1837 quod

180 1856 456 1909 protenditur,
475 1860 548 1897 aut
564 1856 672 1896 sicut
689 1856 732 1895 in
751 1855 1039 1908 susceptivum
1058 1855 1100 1894 in
1120 1867 1205 1907 quo

178 1928 409 1980 recipitur:
440 1931 481 1969 et
507 1928 674 1981 primus
701 1927 874 1981 quidem
902 1927 1052 1967 modus
1079 1926 1205 1966 estin

178 1999 443 2052 processione
488 2003 646 2040 aeterna
665 2014 673 2040 :
722 1999 822 2052 quia
862 1999 977 2039 euim
1025 1998 1206 2051 Spiritus

178 2074 346 2111 sanctus
364 2071 551 2124 procedit
569 2073 617 2111 ut
634 2081 753 2111 amor
781 2072 972 2120 mutuus,
994 2069 1087 2110 ideo
1108 2082 1204 2122 pro-

179 2142 285 2183 cedit
306 2155 330 2183 a
355 2142 534 2192 duobus
562 2142 620 2183 ita
647 2142 759 2195 quod
787 2143 839 2183 ab
870 2154 956 2182 uno
982 2142 1026 2181 in
1056 2141 1203 2182 alium.

180 2213 360 2266 Spiritus
377 2214 493 2254 enim
513 2216 697 2264 sanctus,
720 2216 766 2254 ut
782 2212 1205 2266 (1101111101011γ11ῑ111ε1

180 2287 221 2325 et
250 2285 516 2337 Augustinus
534 2289 563 2336 2,
594 2297 713 2326 amor
739 2288 800 2326 est
824 2297 909 2338 quo
941 2284 1064 2325 Pater
1094 2288 1209 2326 amat

181 2355 357 2407 Filium,
391 2359 432 2396 et
466 2356 596 2397 Filius
626 2359 740 2397 amat
772 2355 955 2397 Patrem.
990 2356 1208 2397 Secundus

184 2428 333 2468 modus
351 2427 392 2467 in
414 2427 485 2468 illa
510 2440 598 2468 esse
626 2440 714 2468 non
745 2428 894 2480 potuit,
925 2427 1121 2480 quamvis
1150 2427 1209 2468 ita

182 2498 465 2539 intellexerint
485 2498 631 2547 Graeci,
660 2498 774 2551 quod
801 2500 846 2538 in
877 2497 984 2538 Filio
1006 2498 1210 2550 recipitur

184 2568 364 2622 Spiritus
380 2572 563 2620 sanetus,
586 2572 627 2610 et
650 2582 674 2610 a
695 2568 814 2609 Patre
835 2568 1081 2622 producitur
1101 2581 1110 2609 :
1139 2569 1210 2610 sed

182 2652 310 2693 penes
329 2641 565 2681 secundum
584 2640 759 2681 modum
783 2639 899 2693 (cum
918 2639 1100 2692 receptio
1120 2639 1210 2692 Spi-

183 2713 289 2752 ritus
308 2712 438 2752 sancti
455 2712 507 2752 sit
525 2724 600 2764 per
615 2711 883 2752 influentiam
902 2711 1000 2751 boni
1018 2711 1208 2763 gratuiti,

185 2783 298 2836 quod
329 2795 382 2824 ex
409 2787 597 2836 tempore
628 2782 708 2834 est)
744 2782 972 2822 attenditur
1001 2782 1211 2835 processio

186 2855 446 2907 temporalis,
467 2853 703 2895 secundum
717 2853 829 2905 quod
847 2852 1027 2906 Spiritus
1043 2856 1212 2894 sanctus

187 2926 337 2966 dicitur
354 2926 578 2979 procedere
598 2925 650 2965 ab
670 2924 810 2977 aliquo
833 2924 877 2964 in
901 2925 1100 2977 aliquem,
1124 2937 1211 2966 non

187 2999 352 3038 tantum
371 2997 479 3038 sicut
495 2997 542 3037 in
560 2997 787 3050 obiectum,
812 2996 882 3036 sed
900 2996 1007 3037 sicut
1028 2996 1073 3036 in
1091 2996 1212 3037 habi-

190 3068 390 3109 taculum.
422 3068 472 3109 Et
494 3068 552 3109 sic
573 3068 889 3109 concedendum
911 3071 986 3118 est,
1015 3068 1128 3120 quod
1153 3072 1214 3109 est

191 3140 400 3191 processio
421 3139 661 3193 temporalis
683 3139 863 3192 Spiritus
881 3140 1015 3179 sancti
1034 3152 1121 3180 non
1141 3152 1213 3180 ra-

191 3209 305 3251 tione
335 3213 426 3264 ejus
451 3216 475 3252 a
503 3224 602 3264 (1110,
630 3211 702 3252 εο(1
732 3210 894 3251 ratione
925 3211 1017 3262 eJus
1036 3210 1081 3251 in
1101 3211 1214 3265 quod

192 3285 393 3338 procedit.

247 3363 286 3400 1.
313 3359 378 3400 Ad
395 3360 497 3401 illud
523 3372 625 3413 ergo
644 3360 758 3414 quod
782 3359 978 3412 objicitur
1005 3360 1056 3401 de
1074 3360 1214 3413 spira-

194 3430 308 3472 tione
338 3433 380 3471 et
408 3432 692 3483 generatione,
719 3432 809 3483 Jam
840 3433 953 3484 patet
970 3431 1211 3484 responsi03

238 3539 250 3561 ¹
270 3538 426 3618 Hierpn.‚
446 3547 518 3579 sup.
540 3538 594 3570 Ps.
611 3546 689 3580 xm,
705 3556 746 3562 —
760 3540 774 3561 2
790 3539 890 3579 Aug„
908 3537 947 3569 de
966 3537 1068 3578 Trin„
1080 3538 1139 3570 lib.
1155 3538 1214 3578 Vl,

196 3595 226 3618 0.
244 3594 277 3627 v,
296 3595 332 3621 n.
370 3610 377 3616 .
399 3618 402 3619 γ

2216 259 2294 297 :235

1272 350 1373 402 quia
1403 351 1606 391 neutrum
1635 349 1791 388 horum
1817 347 2041 387 nominum
2060 350 2295 399 respectum

1273 420 1373 462 dicit
1390 421 1435 461 in
1452 420 1702 468 terminum,
1725 419 1771 459 in
1794 430 1922 470 quem
1946 418 1992 457 fit
2010 418 2230 469 processio.

1326 495 1364 532 2.
1388 491 1450 531 Ad
1468 490 1572 531 illud
1591 490 1705 542 quod
1723 489 1936 542 objicitur,
1962 489 2074 541 quod
2093 489 2296 540 processio

1274 564 1455 616 Spiritus
1480 562 1611 602 sancti
1630 574 1715 602 non
1742 564 1878 614 potest
1897 573 1985 601 esse
2015 560 2067 601 ab
2092 560 2231 612 aliquo
2252 562 2299 599 ut

1273 634 1316 674 in
1344 633 1621 687 receptivum,
1653 632 1877 672 dicendum
1909 630 2022 684 quod
2057 641 2205 670 verum
2240 630 2301 668 est

1274 705 1436 746 ratione
1461 704 1594 757 ipsius
1622 715 1841 756 personae;
1871 703 1942 743 sed
1972 705 2113 742 tamen
2139 700 2301 740 ratione

1274 775 1502 826 connotati,
1525 774 1637 827 quod
1654 777 1714 815 est
1734 774 1885 825 gratia,
1908 774 1952 813 in
1970 784 2054 825 qua
2072 771 2196 812 datur
2214 769 2301 822 Spi-

1274 848 1381 887 ritus
1405 848 1588 896 sanctus,
1615 845 1854 897 suscipitur,
1885 843 1987 896 quia
2012 841 2151 895 gratia
2176 840 2300 881 estin

1277 920 1419 972 aliquo
1438 918 1547 958 sicut
1566 917 1612 957 in
1631 916 1887 969 susceptivo.

1329 996 1368 1034 3.
1390 993 1455 1034 Ad
1473 991 1578 1033 illud
1596 991 1710 1044 quod
1738 989 1936 1042 objicitur
1956 1003 1964 1028 :
1999 987 2118 1037 Quod
2137 989 2303 1039 tempo-

1276 1064 1418 1105 raliter
1436 1062 1638 1117 procedit,
1654 1061 1801 1114 incipit
1819 1071 1927 1110 esse3
1949 1058 2173 1099 dicendum
2191 1057 2304 1109 quod

1276 1137 1367 1177 haec
1386 1137 1447 1176 est
1464 1134 1634 1188 duplex,
1658 1133 1758 1186 quia
1778 1132 1869 1173 haec
1888 1129 2178 1171 determinatio
2198 1131 2304 1169 tem-

1277 1207 1476 1261 poraliter
1495 1208 1628 1259 potest
1646 1204 1746 1258 poni
1767 1204 1876 1244 circa
1893 1205 2035 1242 actum
2054 1199 2304 1254 procedendi

1279 1291 1354 1331 per
1384 1277 1744 1330 comparationem
1772 1275 1824 1315 ad
1855 1273 2111 1327 principium
2143 1284 2167 1311 a
2202 1283 2303 1323 (1110,

1279 1350 1345 1390 vel
1366 1349 1411 1389 in
1433 1347 1745 1401 comparatione
1764 1346 1816 1386 ad
1835 1344 2070 1385 terminum
2089 1343 2134 1383 in
2160 1354 2303 1395 quem.

1278 1421 1420 1462 Primo
1439 1419 1564 1460 modo
1584 1431 1686 1459 vera
1698 1420 1759 1458 est
1778 1415 2006 1470 propositio
2029 1429 2037 1455 :
2063 1413 2133 1454 sed
2148 1413 2206 1453 sic
2221 1424 2306 1453 non

1280 1493 1431 1533 dicitur
1451 1490 1631 1544 Spiritus
1656 1491 1826 1529 sanctus
1854 1486 2076 1540 procedere
2096 1488 2307 1537 tempora-

1278 1564 1387 1613 liter,
1420 1576 1469 1604 eo
1489 1562 1602 1615 quod
1623 1574 1675 1602 ex
1694 1564 1882 1613 tempore
1909 1558 2180 1612 producatur.
2214 1556 2308 1596 Alio

1281 1635 1426 1684 modo,
1447 1646 1521 1687 per
1547 1632 1905 1686 comparationem
1930 1631 1981 1671 ad
2002 1629 2235 1670 terminum
2264 1628 2308 1668 in

1280 1719 1423 1760 quem,
1449 1706 1507 1746 sic
1536 1717 1623 1745 non
1648 1705 1773 1744 habet
1793 1703 2030 1751 veritatem,
2061 1700 2095 1740 si
2123 1699 2309 1752 procedit

1280 1779 1324 1818 in
1343 1778 1423 1818 1100
1442 1779 1632 1829 tempore
1651 1775 1764 1828 quod
1783 1773 1909 1814 habet
1928 1771 2122 1821 initium3
2146 1770 2215 1811 sed
2238 1782 2307 1811 so-

1279 1851 1371 1891 lum
1387 1851 1500 1904 quod
1520 1850 1693 1902 incipiat
1712 1862 1799 1911 esse
1818 1848 1860 1887 in
1881 1847 1975 1886 1100.

1333 1931 1372 1967 4.
1394 1927 1458 1967 Ad
1470 1925 1573 1965 illud
1587 1924 1700 1977 quod
1714 1922 1926 1975 objicitur,
1943 1919 2055 1973 quod
2070 1918 2208 1971 gratia
2222 1930 2310 1958 non

1280 1998 1466 2051 procedit
1492 1996 1791 2049 temporaliter,
1822 1994 1923 2046 quia
1950 1993 2085 2033 elevat
2113 1991 2164 2031 ad
2191 1993 2309 2031 aeter-

1281 2083 1382 2111 nam
1400 2070 1548 2119 vitam,
1571 2066 1796 2108 dicendum
1818 2064 1931 2117 quod
1955 2062 2185 2115 temporale
2207 2062 2310 2102 dici-

1280 2146 1351 2184 tur
1380 2141 1615 2195 tripliciter.
1641 2139 1732 2179 Uno
1760 2137 1884 2178 modo
1911 2135 2063 2176 dicitur
2082 2134 2311 2186 temporale

1281 2214 1396 2267 quod
1416 2213 1542 2253 habet
1568 2210 1754 2260 initium,
1786 2212 1826 2249 et
1844 2207 2140 2255 variationem,
2171 2208 2212 2245 et
2239 2217 2308 2245 ac-

1280 2289 1374 2327 tum
1393 2285 1437 2325 in
1455 2287 1644 2335 tempore
1659 2284 1722 2321 :et
1738 2280 1817 2320 1100
1833 2278 1957 2319 1110(10
1975 2277 2130 2318 dicitur
2146 2278 2310 2328 tempo-

1281 2357 1382 2407 rale,
1405 2355 1519 2409 quod
1539 2354 1727 2405 subjacet
1747 2350 1940 2403 tempori,
1964 2352 2004 2390 et
2024 2352 2084 2389 est
2102 2347 2311 2400 corrupti-

1281 2428 1365 2468 bile
1411 2429 1452 2466 et
1491 2423 1707 2465 variabile.
1760 2422 1953 2463 Secundo
1995 2419 2120 2460 modo
2159 2418 2313 2459 dicitur

1283 2497 1513 2552 temporale
1548 2496 1661 2549 quod
1693 2495 1818 2535 habet
1845 2493 2019 2533 initium
2048 2493 2092 2532 in
2126 2493 2313 2543 tempore

1283 2569 1467 2619 essendi,
1505 2568 1576 2608 sed
1607 2579 1695 2607 non
1728 2565 2028 2612 variationem,
2073 2565 2120 2603 ut
2154 2562 2309 2601 anima.

1282 2644 1420 2685 Tertio
1450 2643 1576 2684 modo
1602 2642 1755 2683 dicitur
1774 2641 2026 2693 temporale,
2051 2639 2164 2692 quod
2185 2637 2315 2678 habet

1284 2716 1456 2757 initium
1474 2715 1519 2754 in
1537 2717 1742 2766 tempore,
1763 2712 1834 2753 sed
1855 2715 1996 2752 actum
2011 2713 2131 2751 extra
2146 2713 2314 2761 tempus

1284 2790 1325 2829 et
1356 2799 1485 2840 supra
1516 2788 1684 2838 tempus
1720 2784 1960 2832 elevatum3
2003 2784 2043 2822 et
2079 2781 2159 2821 hoc
2189 2778 2311 2820 tertio

1286 2859 1410 2901 modo
1435 2858 1589 2899 dicitur
1608 2855 1851 2908 temporalis
1869 2852 2091 2907 processio,
2119 2851 2185 2891 vel
2210 2863 2312 2903 gra-

1284 2932 1356 2972 tiae
1377 2929 1560 2971 donatio.
1595 2927 1734 2968 Potest
1760 2928 1902 2966 tamen
1929 2924 2009 2965 dici
2038 2923 2149 2974 quod
2177 2922 2316 2975 gratia

1286 3003 1412 3043 habet
1427 3013 1515 3043 esse
1532 2998 1762 3053 temporale
1781 2997 1944 3037 ratione
1965 2997 2056 3048 ejus
2070 2995 2113 3035 in
2130 3006 2217 3047 quo
2236 2997 2311 3043 est,

1286 3074 1440 3114 scilicet
1464 3073 1649 3113 liberum
1679 3068 1907 3110 arbitrium
1934 3066 2048 3119 quod
2069 3069 2258 3106 mutatur
2274 3068 2315 3105 et

1286 3145 1475 3186 variatur
1496 3158 1504 3184 ε
1537 3145 1579 3183 οῖ
1605 3141 1785 3182 verbum
1812 3136 2045 3189 Augustini
2065 3136 2178 3189 quod
2198 3135 2310 3185 dicit,

1286 3217 1400 3270 quod
1419 3227 1506 3256 non
1529 3224 1677 3253 sumus
1702 3212 1748 3251 in
1767 3210 1848 3250 1100
1869 3208 2045 3257 mundo,
2076 3210 2139 3248 est
2157 3205 2314 3246 intelli-

1287 3287 1476 3340 gendum
1496 3286 1705 3337 quantum
1725 3281 1775 3321 ad
1796 3279 2150 3320 conformitatem.

1341 3361 1379 3398 ὃ.
1403 3356 1467 3397 Ad
1485 3355 1591 3395 illud
1612 3353 1725 3406 quod
1744 3352 1957 3405 objicitur,
1980 3350 2095 3404 quod
2125 3346 2316 3390 denomi-

1287 3429 1402 3470 natio
1422 3427 1542 3467 debet
1562 3437 1650 3465 esse
1679 3437 1703 3464 a
1733 3423 1932 3476 digniori,
1955 3421 2179 3462 dicendum
2200 3417 2314 3471 quod

1287 3504 1426 3541 totum
1453 3496 1713 3549 copulatum,
1745 3494 1846 3547 quia
1871 3492 2100 3533 destruitur
2126 3490 2316 3529 destruc-

1287 3572 1400 3612 tione
1427 3567 1653 3621 cujuslibet
1681 3566 1825 3619 partis,
1854 3565 1979 3605 habet
1998 3560 2312 3605 denominatio-
