2613 3990
189 1230 261 1256 batim

308 310 385 346 254

308 398 432 436 etiam
476 397 745 436 servitutem,
792 395 889 446 quia
937 398 996 434 est
1044 408 1190 434 servus
1241 395 1306 433 livi
1323 428 1332 443 ,

309 468 505 519 quamvis
522 480 595 520 per
613 467 813 507 unionem
835 466 886 504 sit
906 465 1029 506 Deus.
1050 467 1265 514 Quantum
1285 465 1335 505 ad

309 539 496 578 divinam
524 542 663 578 autem
688 537 866 576 mittitur
888 548 910 575 a
931 537 1018 577 solo
1040 536 1175 583 Patre,
1196 537 1293 589 quia
1314 549 1337 576 a

310 609 396 649 solo
430 609 549 649 Patre
582 608 841 660 producitur.
883 607 987 655 Quia
1020 620 1123 659 ergo
1157 608 1337 659 Spiritus

310 684 479 721 sanctus
504 679 751 732 producitur
776 682 815 718 et
844 691 867 718 a
898 677 1018 719 Patre
1042 682 1082 719 et
1106 692 1129 717 a
1154 678 1274 728 Filio,
1297 681 1337 718 et

311 764 395 791 non
416 764 439 791 a
460 752 609 803 seipso,
627 750 725 789 hinc
745 753 803 789 est
822 749 934 802 quod
956 762 1041 790 non
1059 750 1242 789 mittitur
1259 749 1337 788 nisi

310 835 333 862 a
360 822 492 864 Patre.
520 825 559 861 et
579 834 602 861 a
623 820 750 870 Filio;
782 824 821 860 et
850 824 1020 873 propter
1050 822 1129 861 hoc.
1156 821 1338 860 rationes

311 893 495 944 Magistri
530 904 617 932 non
642 891 797 939 valent,
820 892 919 944 quia
947 904 1094 931 omnes
1113 891 1337 931 auctorita—

311 967 383 1010 tes,
401 976 495 1015 quaa
513 963 656 1003 dicunt
672 962 826 1003 Filium
847 963 954 1003 mitti
969 975 993 1003 a
1006 963 1164 1014 Spiritu
1179 966 1336 1011 sancto,

311 1034 375 1074 vel
395 1047 417 1074 a
437 1046 494 1084 se,
508 1034 742 1074 secundum
757 1033 992 1073 humanam
1008 1036 1206 1073 naturam
1222 1033 1341 1073 intel-

310 1105 517 1156 liguntur.
549 1104 627 1145 Sed
654 1104 745 1144 licet
769 1105 859 1144 liaec
879 1105 1029 1157 positio
1049 1104 1340 1144 rationabilior

201 1199 289 1214 1..-..-1
312 1177 503 1216 videatur
520 1181 547 1224 ¹,
569 1179 609 1216 et
625 1176 782 1215 facilior
804 1176 854 1216 ad
869 1176 1181 1225 sustinendum,
1198 1180 1340 1216 tamen

202 1282 216 1297 Η
251 1273 290 1298 „55
312 1248 409 1298 quia
439 1260 523 1287 non
555 1247 757 1287 debemus
789 1247 1056 1287 auctoritates
1088 1247 1340 1287 Sanctorum

312 1319 362 1359 ad
389 1323 575 1359 nostram
605 1319 771 1358 trahere
800 1319 1022 1368 rationem,
1053 1319 1122 1359 sed
1153 1318 1292 1370 magis
1318 1332 1340 1359 e

312 1402 515 1430 converso
544 1391 754 1431 rationem
792 1393 981 1430 nostram
1019 1390 1342 1430 auctoritatibus

311 1460 562 1501 Sanctorum
581 1462 805 1514 subjicere,
829 1461 902 1502 uhi
924 1474 1006 1501 non
1028 1462 1244 1502 continent
1263 1474 1340 1502 ex-

310 1544 495 1585 pressam
525 1534 852 1574 absurditatem:
887 1536 927 1574 et
947 1533 1088 1574 Sancti
1114 1534 1274 1585 dicunt,
1303 1536 1343 1574 et

311 1604 509 1656 Magister
536 1605 656 1653 dicit,
690 1608 730 1646 et
758 1605 944 1645 maxime
965 1606 1248 1657 Augustinus,
1270 1606 1342 1658 qui

308 1677 403 1728 plus
431 1689 556 1729 super
581 1677 661 1717 hac
687 1677 863 1717 materia
891 1677 1055 1717 locutus
1082 1679 1157 1726 est,
1181 1676 1339 1717 Filium

310 1748 418 1787 mitti
439 1760 462 1787 a
480 1748 638 1800 Spiritu
664 1751 807 1788 sancto
824 1752 864 1788 et
883 1761 906 1788 a
926 1761 983 1796 se,
1007 1749 1118 1800 quod
1140 1761 1227 1789 non
1246 1762 1342 1801 pos-

311 1822 411 1859 sunt
441 1831 650 1871 exponere
685 1819 920 1859 secundum
950 1819 1185 1859 humanam
1217 1823 1342 1860 natu-

311 1903 401 1930 ram
422 1905 430 1929 :
454 1891 546 1931 ideo
566 1891 645 1930 alia
667 1890 839 1943 positio,
862 1894 954 1930 tum
981 1891 1034 1931 ob
1060 1891 1344 1931 reverentiam

312 1960 578 2010 Sanctorum,
613 1964 705 2002 tum
742 1962 795 2001 ob
826 1962 1107 2002 reverentiam
1137 1961 1340 2014 Magistri,

311 2032 479 2073 videtur
500 2033 637 2084 magis
658 2044 747 2073 esse
765 2033 961 2073 tenenda.
986 2033 1094 2073 Illud
1114 2033 1228 2074 enim
1245 2046 1341 2074 ver-

313 2103 412 2143 bum
442 2104 689 2156 Augustini,
717 2104 830 2156 quod
858 2104 960 2145 dicit
990 2107 1101 2158 quod
1126 2105 1258 2146 Filius
1283 2109 1344 2147 est

312 2175 468 2215 missus
495 2176 539 2214 in
567 2187 735 2215 carnem
765 2188 790 2215 a
817 2174 977 2228 Spiritu
1005 2179 1164 2225 sancto,
1198 2188 1343 2216 secun-

310 2245 414 2285 dum
434 2245 670 2286 humanam
695 2249 892 2287 naturam
914 2246 1032 2287 nullo
1058 2247 1184 2287 modo
1208 2250 1343 2299 potest

310 2315 505 2368 intelligi,
525 2321 573 2357 ut
586 2317 769 2367 videtur,
787 2318 887 2371 quia
908 2318 1052 2358 missio
1074 2318 1166 2359 haec
1185 2319 1266 2359 fuit
1290 2319 1341 2360 ad

310 2388 610 2439 humanitatis,
654 2389 743 2430 sive
793 2390 932 2429 carnis
976 2390 1310 2442 assumptionem
1330 2405 1338 2432 :

309 2470 413 2510 ergo
447 2460 680 2500 secundum
707 2460 916 2501 rationem
944 2460 1208 2513 intelligendi
1228 2474 1341 2514 prae-

310 2530 419 2570 cedit
446 2530 680 2571 humanam
713 2534 924 2582 naturam,
956 2535 1004 2572 ut
1027 2534 1120 2585 Jam
1147 2534 1338 2574 unitam:

309 2613 412 2653 ergo
451 2602 485 2642 si
526 2602 657 2643 Filius
695 2604 775 2644 hoc
814 2604 940 2644 modo
980 2604 1133 2645 dicitur
1170 2606 1339 2655 missus,

310 2677 474 2726 oportet
502 2674 616 2727 quod
634 2675 891 2715 attribuatur
910 2675 1066 2716 divinae
1086 2679 1250 2717 naturae
1270 2690 1279 2717 ε
1302 2680 1343 2718 θῖ.

309 2745 367 2785 ita
386 2746 547 2786 ratione
566 2745 722 2787 divinae
750 2750 915 2786 naturae
935 2747 1090 2788 missus
1113 2750 1174 2788 est
1199 2761 1223 2788 a
1248 2748 1343 2802 Spi-

311 2816 395 2856 ritu
415 2820 559 2857 sancto
580 2830 589 2857 ε
613 2818 747 2858 multo
767 2817 917 2858 fortius
943 2830 1047 2870 ergo
1064 2831 1089 2859 a
1108 2831 1152 2860 se
1170 2834 1178 2860 :
1201 2832 1248 2860 ac
1267 2832 1342 2872 per

315 2885 393 2926 hoc
406 2919 416 2937 ,
438 2891 478 2927 et
497 2886 681 2940 Spiritus
704 2891 873 2928 sanctus
889 2901 914 2928 a
930 2901 987 2929 se.

366 2957 416 2997 Et
430 2962 664 3011 propterea,
677 2958 729 2998 ad
740 2958 1066 3010 intelligentiam
1077 2960 1342 3013 obJectorum

311 3028 356 3068 in
376 3030 652 3080 contrarium,
672 3029 907 3070 notandum
926 3034 988 3070 est
999 3031 1113 3083 quod
1132 3031 1277 3073 missio
1291 3033 1342 3074 de

312 3112 356 3139 se
385 3099 468 3140 duo
492 3101 691 3153 importat
725 3115 733 3142 :
760 3101 916 3142 scilicet
942 3103 1268 3154 emanationem,
1303 3108 1344 3144 et

312 3171 691 3212 manifestationem
711 3186 721 3213 ε
744 3175 784 3213 et
800 3173 1085 3226 principaliter
1109 3174 1159 3215 de
1179 3175 1343 3216 ratione

313 3243 1340 3296 suaesignificationisimportatmanifestationem.

313 3313 364 3354 Et
376 3314 457 3355 hoc
470 3317 581 3367 patet
599 3327 673 3367 per
685 3316 977 3366 Augustinum
998 3317 1044 3356 in
1064 3317 1172 3357 libro
1190 3321 1342 3370 quarto

313 3386 365 3428 de
375 3387 409 3427 T
407 3387 516 3428 rimi
521 3389 586 3428 ale
600 3389 630 3436 ²,
641 3385 941 3439 quidicitquod
955 3387 1065 3428 mitti
1074 3391 1136 3429 est
1145 3391 1344 3442 cognosci

314 3470 404 3499 esse
423 3458 476 3498 ab
496 3458 599 3508 alio,
622 3461 662 3498 et
686 3457 866 3498 habetur
884 3458 928 3498 in
947 3460 1143 3512 praesenti
1167 3461 1343 3502 distinc-

314 3531 442 3580 tione,
463 3529 565 3582 quia
577 3531 678 3569 tunc
691 3527 824 3569 Filius
837 3529 1033 3579 mittitur,
1051 3544 1151 3572 cum
1164 3544 1219 3573 ex
1234 3536 1344 3574 tem—

361 3613 426 3644 ¹S.
452 3612 574 3643 Thom.
606 3613 785 3651 utramque
826 3611 959 3652 probat.
990 3613 1157 3646 Alexand.
1187 3618 1221 3647 et
1248 3617 1343 3649 Scot-

1080 304 1490 346 SENTENTIARUM
1522 305 1617 345 LlB.
1652 304 1680 346 l.

1414 407 1512 447 pore
1533 397 1786 447 cujxisquam
1807 397 1946 434 mente
1974 394 2216 446 pcrcipitur.
2237 394 2343 444 Quia
2369 407 2435 436 er-

1411 478 1466 516 go
1496 466 1781 519 principaliter
1811 466 2010 517 importat
2040 465 2435 516 manifestationem,

1411 539 1452 575 et
1501 540 1698 577 connotat
1728 538 1768 576 in
1806 537 1932 576 misso
1968 535 2301 585 emanationem;
2348 537 2438 577 ‘deo

1412 607 1692 647 manifestatio
1722 608 1987 659 significatur
2020 619 2093 658 per
2129 606 2208 646 hoc
2239 608 2347 659 quod
2379 611 2440 648 est

1412 678 1575 719 mittere
1591 691 1663 730 per
1681 680 1854 719 mollum
1870 678 2058 727 actionis,
2074 680 2114 717 et
2132 690 2205 730 per
2218 678 2313 728 hoc,
2328 680 2437 730 quod

1413 752 1474 788 est
1493 750 1605 790 mitti
1624 761 1697 801 per
1717 750 1890 790 modum
1914 749 2141 802 passionis:
2165 748 2236 788 sed
2265 760 2440 789 emana-

1414 820 1470 859 tio
1491 820 1715 872 utrobique
1737 821 2016 861 uniformiter.
2038 819 2154 859 llnde
2178 832 2325 860 sensus
2344 823 2405 860 est
2431 835 2438 859 :

1417 892 1537 933 Pater
1559 893 1686 933 mittit
1705 893 1873 943 Filium,
1889 894 1925 933 id
1943 897 2018 943 est,
2035 893 2230 944 declarat,
2248 894 2336 934 sive
2352 906 2444 934 ma-

1414 963 1580 1003 nifestat
1600 963 1693 1003 Filii
1708 965 2034 1015 emanationem,
2054 965 2141 1004 sive
2159 963 2313 1004 Filium
2332 977 2445 1005 ema-

1414 1047 1528 1075 nare.
1550 1034 1596 1074 In
1615 1035 1779 1087 passiva
1798 1049 1899 1077 vcro
1919 1049 2067 1076 sensus
2083 1040 2144 1076 est
2164 1050 2172 1075 :
2190 1034 2334 1086 Filius,
2355 1036 2444 1076 sive

1420 1105 1601 1158 Spiritus
1623 1109 1792 1146 sanctus
1815 1107 2013 1156 mittitur,
2035 1108 2075 1146 id
2096 1110 2176 1155 est,
2200 1107 2445 1147 manifesta-

1418 1179 1488 1217 tur
1508 1177 1560 1216 ab
1591 1177 1672 1217 alio
1693 1189 1905 1218 emanare.
1935 1178 1983 1218 Ei
2011 1179 2214 1231 quoniam
2236 1178 2446 1218 ablativus

1414 1251 1608 1301 respectu
1639 1248 1821 1301 passivi,
1853 1251 1894 1289 et
1934 1250 2223 1290 nominativus
2254 1252 2446 1302 respectu

1415 1320 1555 1370 activi,
1576 1320 1807 1372 important
1828 1319 2034 1360 rationem
2056 1321 2265 1373 principii,
2285 1323 2325 1360 et
2354 1321 2445 1371 sig-

1415 1391 1604 1432 nificatio
1626 1392 1756 1444 liujus
1787 1391 1907 1432 verbi
1935 1392 2121 1442 mittere,
2153 1396 2194 1432 et
2223 1393 2356 1441 micci,
2386 1394 2447 1431 est

1417 1463 1715 1513 manifestatio,
1737 1466 1777 1503 et
1791 1463 2002 1503 emanatio
2017 1495 2027 1513 ,
2057 1463 2149 1503 ideo
2170 1463 2239 1503 illa
2262 1466 2322 1503 est
2350 1475 2448 1515 pro-

1418 1534 1648 1587 priissima,
1666 1546 1746 1586 qua
1756 1534 1838 1575 ndo
1851 1534 2061 1574 ablativus
2075 1534 2141 1574 vel
2156 1534 2447 1575 nominativus

1416 1605 1619 1658 importat
1663 1605 1957 1646 habitudinem
2004 1605 2200 1658 principii
2256 1608 2447 1658 respectu

1424 1678 1670 1729 utriusque,
1705 1680 1753 1717 ut
1782 1689 1881 1717 cum
1912 1677 2094 1717 dicitur:
2127 1692 2144 1713 α
2168 1676 2287 1717 Pater
2319 1676 2447 1716 mittit

1419 1747 1589 1798 Filium,
1613 1752 1653 1789 et
1673 1748 1802 1789 Filius
1817 1749 1996 1788 mittitur
2013 1747 2148 1799 Patre,
2168 1762 2186 1785 ›)
2202 1748 2301 1800 quia
2315 1747 2448 1788 Filius

1417 1823 1587 1859 emanat
1617 1832 1641 1859 a
1682 1819 1823 1870 Patre,
1859 1823 1899 1860 et
1931 1820 2224 1860 manifestatur
2255 1832 2280 1860 a
2309 1818 2445 1859 Patre.

1417 1890 1524 1940 Quia
1558 1904 1660 1932 vero
1700 1891 1928 1944 principale
1962 1891 2248 1943 significatum
2291 1891 2447 1931 horum

1416 1963 1648 2003 verborum
1674 1966 1736 2003 est
1768 1963 2071 2011 manifestatio,
2100 1975 2187 2003 non
2216 1962 2443 2012 emanatio,

1416 2035 1619 2087 quoniam
1634 2034 1939 2083 nominativus,
1952 2033 2020 2074 vel
2034 2034 2244 2074 ablativus
2259 2036 2321 2074 est
2334 2033 2447 2086 prin-

1417 2106 1576 2159 cipium
1596 2105 1970 2153 manifestationis,
1993 2105 2190 2158 quamvis
2219 2117 2306 2146 non
2332 2117 2447 2145 ema—

1416 2178 1620 2228 nationis3
1647 2177 1818 2230 propria
1846 2180 1932 2227 est,
1965 2176 2036 2217 sed
2071 2176 2212 2216 minus
2231 2176 2445 2229 praedicta.

1416 2247 1467 2288 Et
1492 2249 1536 2288 in
1555 2249 1634 2289 hoc
1653 2261 1778 2288 sensu
1805 2247 2097 2288 conceduntur
2126 2247 2217 2287 istae
2242 2261 2249 2287 :
2275 2262 2294 2285 α
2317 2246 2449 2288 Filius

1418 2320 1544 2360 mittit
1557 2332 1614 2369 se,
1635 2322 1675 2360 et
1693 2319 1873 2372 Spiritus
1892 2322 2061 2370 sanctus
2074 2319 2200 2359 mittit
2214 2330 2272 2359 se.
2295 2333 2314 2356 »
2342 2318 2450 2368 Quia

1413 2404 1515 2432 vero
1549 2395 1637 2432 tam
1666 2392 1855 2436 mittere,
1884 2402 2014 2443 quam
2052 2390 2192 2440 mitti,
2217 2390 2450 2443 important

1415 2463 1727 2504 emanationem
1747 2463 1857 2503 circa
1876 2463 2056 2503 missum
2070 2495 2079 2513 ,
2105 2464 2145 2502 et
2166 2474 2345 2515 persona
2369 2462 2449 2503 Pa-

1415 2536 1491 2575 tris
1505 2547 1593 2575 non
1616 2537 1786 2574 emanat
1803 2535 1855 2574 ab
1873 2535 2030 2587 aliquo,
2050 2533 2244 2573 similiter
2264 2545 2341 2573 nec
2355 2533 2449 2574 Tri-

1417 2607 1527 2647 nitas
1548 2620 1558 2657 ;
1584 2607 1677 2647 ideo
1696 2617 1874 2658 persona
1895 2604 2030 2645 Patris
2059 2616 2272 2657 nusquam
2291 2604 2449 2657 iegitur

1417 2679 1558 2730 missa,
1583 2690 1661 2719 nec
1678 2678 1767 2730 ipsa
1787 2676 1982 2717 Trinitas,
2005 2676 2065 2716 Ex
2085 2676 2165 2716 hoc
2187 2678 2312 2728 patet,
2333 2678 2444 2729 quod

1416 2751 1510 2792 haec
1543 2754 1603 2791 est
1631 2749 1876 2802 simpliciter
1904 2751 1944 2788 et
1972 2747 2147 2788 omnino
2172 2747 2404 2800 impropria.
2438 2761 2447 2788 ;

1419 2837 1438 2860 «
1463 2820 1584 2861 Pater
1612 2820 1739 2860 mittit
1765 2832 1832 2868 se,
1858 2819 1946 2859 sive
1965 2819 2054 2871 ipsa
2077 2817 2278 2868 Trinitas3
2299 2832 2317 2855 »
2350 2819 2449 2871 quia

1418 2893 1628 2934 receditur
1654 2905 1678 2932 a
1693 2891 1946 2945 proprietate
1964 2902 2262 2944 personarum,
2286 2892 2326 2930 et
2353 2889 2448 2931 Tri-

1417 2963 1573 3004 nitatis.
1608 2963 1680 3003 Illa
1709 2975 1809 3003 vero
1836 2965 1896 3002 est
1919 2961 2176 3015 simpliciter,
2203 2964 2244 3001 et
2270 2961 2447 3003 omnino

1418 3035 1589 3089 propria
1609 3047 1618 3074 ε
1648 3050 1666 3073 ι(
1684 3033 1806 3075 Pater
1827 3034 1954 3074 mittit,
1974 3033 2144 3081 Filium,
2165 3046 2183 3068 ))
2204 3044 2338 3073 cuma
2351 3033 2447 3074 nul-

1417 3108 1499 3148 lius
1518 3107 1771 3160 proprietate
1792 3106 2024 3147 recedatur.

1473 3181 1510 3218 1.
1531 3178 1592 3218 Ad
1622 3177 1726 3218 illud
1749 3177 1863 3230 quod
1896 3175 2092 3228 objicitur
2123 3175 2167 3214 in
2187 3177 2449 3217 contrarium

1419 3248 1469 3289 de
1479 3248 1590 3296 dato,
1603 3248 1714 3300 quod
1728 3248 1882 3289 dicitur
1893 3247 2068 3287 relative
2081 3260 2090 3296 ;
2103 3245 2330 3288 dicendum
2338 3249 2449 3300 quod

1419 3332 1572 3361 verum
1598 3323 1682 3371 est,
1712 3320 1949 3361 secundum
1976 3318 2089 3371 quod
2116 3318 2219 3361 dare
2248 3319 2348 3360 dicit
2376 3332 2450 3372 per

1419 3392 1647 3446 quamdam
1683 3393 1979 3434 auctoritatem
2013 3391 2343 3433 communicare.
2364 3391 2450 3433 Hoc

1419 3463 1545 3504 modo
1566 3475 1651 3504 non
1669 3464 1818 3518 accipit
1839 3463 2062 3515 Magister3
2085 3463 2155 3504 sed
2176 3463 2220 3503 in
2240 3465 2449 3516 quantum

1418 3569 1582 3602 videntur
1593 3570 1756 3612 ambigui.
1772 3571 1838 3594 ——2
1855 3573 1953 3611 Aug„
1972 3569 2011 3600 de
2031 3569 2165 3609 Trim't„
2184 3569 2241 3600 lib.
2262 3571 2318 3610 lv,
2338 3580 2366 3600 c.
2389 3577 2447 3610 xx,

1422 3625 1457 3648 n.
1480 3618 1530 3649 28.
