2570 3986
227 297 331 326 xxiv
868 278 934 319 DE
964 276 1194 319 SCRIPTIS
1224 274 1265 315 S.
1297 271 1701 316 BONAVENTURAE

230 372 401 425 cognita
426 373 546 412 esset.
569 369 787 410 Nesciebat
804 368 1025 409 historiam
1041 399 1051 417 ,
1080 366 1272 418 linguas,
1302 376 1408 417 quas
1439 363 1651 416 appellant
1678 363 1887 415 exoticas,
1914 375 2051 416 neque
2078 366 2212 406 artem
2232 364 2348 405 criti-

232 457 323 485 cam
344 444 497 496 quibus
518 442 670 482 eruditi
696 441 819 481 hodie
836 440 1023 479 maxime
1043 437 1224 478 celebres
1244 439 1355 476 sunt.
1384 435 1431 475 In
1450 437 1615 475 tantum
1632 435 1810 476 istorum
1831 436 2028 487 ignarus,
2051 437 2098 475 ut
2115 447 2255 488 graeca
2270 448 2348 476 nec

232 515 436 568 tantisper
454 513 703 564 intelligeret
712 543 789 552 .....
813 511 925 550 Idem
946 521 1112 562 quoque
1129 506 1340 560 Judicium
1363 506 1413 546 de
1430 505 1743 547 Bonaventurae
1764 507 1951 547 doctrina
1973 510 2013 546 et
2033 507 2228 559 operibus
2249 519 2348 560 pro-

234 586 438 626 nuntio.»
474 584 682 623 Hactenus
713 581 915 623 Oudiuus.
958 579 1042 621 Nos
1077 583 1219 619 autem
1248 589 1333 617 nou
1365 589 1514 617 sumus
1542 577 1597 628 ii,
1628 578 1702 630 qui
1729 578 1942 630 insignem
1963 579 2072 618 hanc
2099 576 2141 618 S.
2174 577 2348 619 Thomae

235 657 433 710 Aquinati
464 655 620 695 illatam
642 653 845 705 injuriam
869 651 1113 704 propulsare
1135 649 1314 690 velimus
1328 680 1338 696 ‚
1360 647 1595 700 praesertim
1623 661 1722 689 cum
1751 661 1838 689 non
1864 649 2116 701 ignoremus
2134 681 2143 694 ,
2165 661 2252 689 non
2274 650 2349 690 de-

234 730 363 770 fuisse
383 727 722 781 praeelarissimos
739 724 928 777 ejusdem
946 722 1124 763 instituti
1142 722 1351 769 alumnos,
1371 720 1444 773 qui
1461 719 1679 760 Doctorem
1696 733 1823 761 suum
1841 721 1892 761 ab
1910 721 2237 761 obtrectatorum
2255 720 2349 761 den-

236 801 347 841 tibus
368 798 676 839 vindicaverint
692 799 807 849 Jure.
834 794 992 835 Sumus
1019 797 1162 833 autem
1181 793 1210 831 ii
1226 825 1236 841 ,
1259 791 1335 844 qui
1360 790 1477 831 nullo
1498 791 1622 832 modo
1643 792 1727 844 pati
1748 792 1953 843 velimus,
1974 794 2023 832 ut
2042 804 2262 832 summum
2281 792 2350 831 vi-

235 884 333 912 rum
355 871 697 911 Bonaventuram
719 868 875 921 optime
905 866 955 906 de
975 864 1156 905 Ecclesia
1186 863 1389 904 meritum
1417 863 1469 903 ab
1499 863 1692 916 improbo
1719 863 2021 903 calumniatore
2043 863 2323 916 suggillatum
2339 895 2350 914 ‚

236 947 277 983 et
296 943 545 994 neutiquam
569 940 830 981 vindicatum
853 939 1098 979 habeamus.
1121 936 1181 976 Ac
1200 935 1395 975 omnium
1416 935 1608 988 primum
1627 935 1743 976 haud
1764 935 2024 975 tolerandam
2045 935 2353 988 impudentiam

238 1014 388 1055 Oudini
422 1013 644 1063 miramur,
677 1024 775 1052 cum
809 1011 1033 1051 utilitatem
1070 1009 1113 1048 in
1142 1007 1514 1048 Bonaventuriana
1543 1007 1732 1047 doctrina
1760 1007 1914 1060 quaerit
1930 1039 1939 1057 ‚
1973 1010 2099 1060 atque
2132 1007 2351 1049 desiderat.

238 1085 352 1125 Hanc
370 1088 477 1125 certe
495 1084 717 1124 utilitatem
735 1075 950 1123 adinvenit
965 1080 985 1121 J
990 1091 1146 1121 oannes
1163 1078 1289 1119 Gerso
1306 1091 1315 1129 3
1342 1078 1424 1129 vir,
1446 1081 1495 1119 ut
1510 1078 1680 1130 ignorat
1695 1091 1820 1119 nemo
1838 1110 1847 1127 ‚
1867 1081 2076 1119 emunctae
2091 1079 2207 1119 naris
2222 1083 2261 1120 et
2279 1093 2355 1121 suo

238 1169 329 1197 :evo
350 1155 727 1196 excellentissimus
742 1186 752 1203 ,
781 1154 855 1206 qui
881 1156 972 1193 tum
999 1152 1049 1192 ad
1072 1152 1226 1191 bonam
1246 1153 1433 1190 mentem
1457 1150 1606 1200 rediit,
1631 1161 1729 1189 curn
1756 1149 2066 1190 Bonaventurae
2088 1163 2216 1203 opera
2236 1150 2354 1203 legit.

243 1244 262 1265 «
284 1227 446 1277 Quanto
466 1227 660 1278 denique,
683 1225 859 1277 inquit1,
880 1223 1127 1275 diligentius
1143 1222 1189 1262 in
1211 1225 1424 1263 senectute
1446 1233 1543 1261 mea
1562 1234 1660 1261 sum
1678 1221 1899 1262 revolutus
1919 1222 1970 1262 ad
1991 1222 2183 1262 studium
2202 1222 2356 1275 ipsius,

240 1302 353 1339 tanto
374 1299 480 1338 facta
500 1301 560 1337 est
580 1296 763 1349 amplius
783 1296 956 1336 confusa
972 1294 1200 1347 garrulitas
1215 1306 1322 1334 mea.
1348 1293 1531 1346 Dixique
1554 1305 1721 1333 mecum
1740 1308 1748 1333 :
1773 1293 1937 1334 Sufficit
1955 1294 2047 1334 haec
2069 1295 2256 1335 doctrina
2273 1309 2283 1344 ;
2310 1298 2359 1336 ut

239 1370 341 1423 quid
363 1369 486 1409 stulto
506 1368 647 1408 labore
667 1367 944 1417 consumeris,
969 1366 1069 1419 quid
1089 1366 1231 1417 dictas,
1255 1365 1357 1419 quid
1377 1365 1553 1406 scribis?
1577 1364 1908 1418 Multiplicentur
1933 1366 2074 1418 potius
2095 1367 2136 1406 et
2158 1366 2359 1406 transcri-

238 1444 392 1483 bantur
420 1440 728 1494 operadoctoris
744 1439 885 1490 istius,
906 1439 956 1479 de
974 1451 1058 1492 quo
1086 1451 1186 1479 vere
1206 1439 1359 1479 dicitur
1379 1438 1482 1479 illud
1503 1437 1653 1478 Christi
1674 1438 1723 1478 de
1745 1437 1906 1478 Joanne
1929 1453 1937 1478 :
1960 1438 2065 1480 Εναῑ
2094 1438 2266 1480 lucerna
2287 1451 2356 1481 ctr-

239 1513 394 1555 denset
409 1513 564 1554 lucens.
582 1527 599 1548 »
628 1511 836 1564 Equidem
860 1511 1078 1560 existimo,
1108 1510 1325 1551 Oudinum
1346 1509 1413 1550 vel
1431 1509 1574 1562 ipsum
1601 1509 1893 1561 garrulitatem
1920 1521 2042 1549 suam
2068 1511 2360 1563 professurum

239 1586 379 1634 fuisse,
396 1585 429 1625 si
450 1597 513 1635 eo,
535 1597 621 1637 quo
639 1583 779 1634 Gerso,
800 1586 840 1624 et
861 1586 905 1624 ut
925 1583 1158 1636 sapientem
1178 1582 1309 1631 decet,
1331 1582 1490 1631 animo,
1510 1582 1561 1622 ad
1585 1583 1678 1634 ejus
1698 1580 1833 1634 Opera
1852 1581 2265 1623 accessisset.Verun1
2282 1583 2361 1624 hoc

240 1658 426 1698 solemne
445 1659 507 1697 est
521 1656 586 1706 iis,
603 1656 677 1709 qui
697 1655 746 1696 de
767 1654 1108 1696 Orthodoxorum
1129 1654 1211 1694 fide
1232 1654 1341 1694 male
1362 1654 1567 1705 sentiunt,
1590 1656 1637 1694 ut
1654 1665 1752 1693 cum
1772 1653 1928 1694 horum
1947 1653 2102 1706 scripta
2119 1654 2162 1694 in
2182 1667 2361 1696 manum

240 1733 430 1779 sumunt,
453 1729 646 1770 animum
668 1728 726 1768 ita
748 1727 899 1768 scelere
919 1726 1210 1768 exulceratum
1229 1726 1421 1776 afferant,
1442 1728 1490 1766 ut
1505 1725 1782 1779 quantumvis
1803 1726 1977 1779 optima,
2002 1738 2186 1779 veraque
2200 1727 2360 1780 legant,

240 1815 288 1844 ea
306 1806 450 1843 tamen
469 1801 514 1841 in
536 1801 693 1841 malam
715 1802 878 1853 partem
901 1798 1119 1851 accipiant.
1145 1796 1225 1839 Sed
1243 1797 1288 1837 in
1308 1797 1439 1838 viam.

294 1874 592 1915 Scholasticam
608 1873 814 1913 trutinam
833 1874 873 1912 et
893 1870 1187 1923 garrulitatem
1205 1870 1285 1910 hac
1309 1872 1431 1910 aetate
1450 1868 1715 1910 Scholasticis
1733 1881 2007 1910 communem
2025 1902 2035 1920 ‚
2061 1870 2189 1923 sapit,
2218 1873 2259 1910 et
2281 1869 2365 1911 olet

241 1947 550 1988 Bonaventurae
566 1944 787 1985 doctrina?
810 1942 923 1983 Proh
939 1954 1154 1983 summam
1177 1940 1330 1983 Oudini
1350 1941 1560 1981 inscitiam
1577 1943 1586 1981 l
1606 1940 1745 1982 Nescit
1763 1943 1980 1993 tempora,
2002 1942 2157 1994 quibus
2174 1942 2218 1982 in
2239 1942 2365 1983 Scho-

240 2019 290 2059 lis
313 2018 476 2071 garrire
496 2017 730 2068 incoeptum
758 2015 852 2055 fuit.
883 2013 978 2054 Non
1004 2013 1117 2054 enim
1143 2013 1394 2066 equinatis,
1427 2016 1468 2053 et
1492 2012 1802 2055 Bonaventurae
1831 2016 1952 2054 aetate
1968 2045 1978 2062 ‚
2011 2012 2365 2054 Scholasticorum

243 2092 357 2132 tricae.
373 2122 382 2139 ‚
415 2093 539 2142 atque
566 2086 855 2128 altercationes
877 2097 983 2127 orsae
1003 2088 1127 2136 sunt3
1157 2084 1228 2125 sed
1253 2084 1467 2137 aliquanto
1493 2088 1609 2138 post,
1642 2097 1771 2138 quam
1798 2084 2094 2125 Bonaventura
2120 2085 2220 2125 hinc
2246 2085 2364 2126 abiit.

245 2163 317 2203 Rei
340 2162 470 2214 hujus
494 2160 613 2201 vadis
639 2159 759 2200 nobis
784 2161 871 2200 esto
895 2158 1078 2199 Joannes
1106 2157 1398 2197 Mabillonius²
1420 2171 1429 2197 :
1457 2172 1476 2196 (‹
1498 2156 1592 2198 Non
1616 2158 1830 2198 modicum
1848 2190 1857 2208 ‚
1892 2158 2064 2210 inquit,
2094 2160 2187 2210 post
2212 2157 2365 2198 Divum

245 2235 453 2275 Thomam
471 2231 695 2284 theologiae
715 2230 902 2271 facultati
923 2242 948 2270 a
969 2229 1189 2270 neotericis
1209 2229 1461 2282 derogatum
1481 2232 1542 2270 est
1559 2243 1568 2280 3
1595 2229 1734 2270 futiles
1755 2242 1939 2282 namque
1954 2229 2272 2282 speculationeS,
2296 2242 2370 2270 seu

250 2306 390 2359 potius
411 2303 662 2356 nugatorias
683 2302 967 2343 cavillationes
984 2301 1028 2341 in
1049 2302 1140 2354 ipsa
1160 2313 1209 2341 eo
1229 2314 1363 2355 usque
1384 2304 1710 2353 congesserunt,
1736 2304 1785 2342 ut
1807 2314 1832 2342 a
1850 2302 2058 2353 gravitate
2080 2302 2164 2352 illa,
2183 2314 2231 2342 ac
2249 2302 2370 2343 theo-

246 2376 458 2429 logizandi
480 2377 719 2427 majestate,
745 2375 788 2414 in
810 2373 961 2414 Christi
982 2374 1171 2414 fidelium
1193 2373 1336 2426 lycaeis
1359 2373 1533 2414 omnino
1560 2373 1766 2413 servanda
1789 2373 1973 2413 multum
1994 2374 2222 2413 recesserit.
2242 2388 2260 2411 ›)
2289 2373 2373 2415 Nec

248 2452 309 2489 est
329 2448 609 2489 omittendum
632 2447 918 2501 peroptimum
939 2446 1232 2486 testimonium
1257 2445 1430 2486 loannis
1449 2444 1668 2497 Gersonis⁷
1699 2445 1773 2498 qui
1794 2457 1894 2485 cum
1918 2445 2070 2485 merito
2096 2445 2373 2486 inveheretur

250 2521 294 2560 in
313 2532 445 2560 novas
466 2520 684 2568 scientias,
717 2531 821 2572 quas
847 2531 923 2559 suo
944 2521 1134 2571 tempore
1161 2531 1183 2559 e
1207 2518 1413 2558 subselliis
1443 2518 1646 2558 docebant
1668 2517 1884 2569 magistri,
1918 2517 1976 2557 sic
2005 2517 2267 2558 auditoribus
2291 2516 2374 2557 Na-

250 2591 476 2632 varriensis
506 2590 679 2643 Collegii
707 2589 871 2631 scribit3
895 2605 903 2631 z
933 2606 950 2629 ι(
976 2589 1084 2631 Sunt
1104 2590 1176 2643 qui
1199 2590 1339 2630 nescio
1373 2590 1529 2642 quibus
1559 2589 1688 2642 nugis
1722 2589 2077 2642 ineptissimisque
2113 2589 2374 2630 novitatibus

252 2663 519 2704 membranas
543 2665 583 2702 et
602 2661 844 2702 auditorum
862 2693 872 2711 ,
895 2662 1129 2714 praesertim
1148 2662 1493 2715 inexpertorum,
1519 2664 1681 2702 mentes
1700 2664 1931 2714 occupant;
1960 2661 2137 2713 implent
2156 2673 2226 2702 eos
2250 2661 2373 2702 steri-

251 2735 361 2776 libus
376 2767 386 2786 ,
413 2735 577 2775 utinam
596 2747 683 2774 non
702 2734 905 2787 pestiferis
925 2734 1211 2775 doctrinarum
1230 2734 1339 2774 loliis
1345 2765 1423 2775 .....
1450 2733 1479 2775 O
1507 2735 1541 2774 si
1563 2733 1733 2774 tandem
1758 2732 2005 2785 resipiscant
2024 2732 2197 2773 lectores
2221 2733 2372 2774 talium

254 2807 322 2847 vel
341 2807 551 2847 auditores
569 2811 577 2846 1
605 2807 634 2848 t)
653 2807 689 2846 si
710 2806 956 2846 melioribus
977 2805 1173 2859 auspiciis
1189 2838 1199 2856 ,
1221 2809 1314 2859 post
1337 2806 1515 2859 ineptias
1535 2804 1808 2858 hujusmodi,
1832 2807 2002 2845 vertant
2020 2804 2164 2845 oculos
2184 2805 2236 2845 ad
2259 2805 2374 2846 salu-

253 2878 393 2919 briora
413 2879 664 2919 documenta
679 2911 690 2929 ,
712 2878 925 2930 lugebunt
940 2910 950 2929 ,
973 2878 1139 2918 affirmo
1154 2909 1164 2926 ‚
1187 2880 1342 2919 sortem
1364 2891 1486 2919 suam
1502 2910 1512 2929 ,
1533 2880 1786 2931 tempusque
1807 2879 2124 2929 consumptum.
2148 2891 2165 2914 »
2194 2876 2303 2917 Tum
2324 2877 2376 2918 ad

254 2950 422 2991 eosdem
442 2951 598 2992 ibidem
617 2965 627 2992 ε
649 2968 666 2991 <‹
689 2951 751 2992 Ad
773 2953 964 3006 primum
978 2956 1133 3007 juvant
1152 2966 1188 2994 0.
1210 2965 1254 3005 g.
1277 2951 1532 3004 quaestiones
1550 2950 1772 2990 doctorum
1790 2960 1917 3002 super
1937 2947 2186 2998 Sententias,
2211 2950 2252 2989 et
2267 2960 2374 3001 prae-

256 3022 402 3062 sertim
421 3022 590 3064 illorum
608 3056 617 3072 ‚
639 3025 712 3077 qui
730 3025 848 3078 prius
868 3028 908 3066 et
927 3026 1101 3066 solidius
1124 3024 1490 3077 conscripserunt,
1512 3023 1622 3062 inter
1642 3021 1788 3074 quales
1805 3053 1814 3069 ‚
1840 3032 1936 3061 meo
1950 3020 2137 3073 judicio,
2160 3019 2206 3060 D.
2233 3020 2375 3060 Antis-

256 3093 520 3145 siodorensis,
542 3094 841 3137 Bonaventura
857 3100 897 3138 et
915 3097 1140 3138 Durandus
1159 3095 1414 3137 numerandi
1440 3094 1651 3134 videntur.
1672 3107 1690 3130 >)
1715 3091 1873 3133 Praeter
1896 3104 1968 3141 ea,
1997 3104 2093 3145 quae
2113 3091 2378 3132 audItoribus

258 3163 430 3218 Collegit
453 3165 741 3208 Navarriensis
763 3169 905 3209 scribit
940 3168 1066 3209 Gerso
1083 3201 1093 3219 ‚
1118 3168 1388 3208 Academicos
1411 3166 1607 3207 hortatur
1627 3163 1881 3205 Parisienses
1897 3196 1907 3213 ‚
1930 3165 1978 3204 ut
2006 3162 2255 3216 posthabitis
2277 3162 2379 3204 doc-

257 3239 420 3281 toribus
436 3239 564 3279 seculi
584 3239 648 3280 sui
669 3240 803 3292 quinti
824 3240 990 3291 decimi,
1004 3240 1174 3281 illorum
1193 3239 1401 3280 calcarent
1423 3237 1617 3289 vestigia,
1644 3236 1717 3289 qui
1737 3236 1877 3276 seculo
1897 3234 2021 3276 tertio
2045 3234 2208 3275 decimo
2225 3234 2381 3275 ssorue-

258 3314 372 3352 runt.
397 3310 449 3352 Se
470 3311 602 3364 igitur
627 3311 851 3364 garrulum
877 3312 1056 3364 appellet
1075 3312 1280 3360 Oudinus‚
1309 3311 1406 3363 qui,
1438 3309 1539 3362 quid
1562 3308 1729 3348 intersit
1751 3308 1942 3348 doctores
1973 3306 2083 3346 inter
2111 3305 2240 3346 seculi
2265 3306 2379 3346 tertii

259 3382 428 3433 decimi,
453 3386 493 3423 et
512 3383 648 3436 quinti
668 3382 840 3433 decimi,
866 3383 1057 3424 nescierit
1077 3384 1269 3424 omnino.
1292 3382 1513 3423 Possemus
1539 3378 1754 3422 Oudinum
1773 3379 1988 3420 confutare
2006 3376 2227 3431 prolixius,
2251 3389 2381 3430 quam

260 3454 506 3505 fecerimus;
530 3454 601 3495 sed
621 3454 729 3495 nihil
751 3455 911 3506 negotii
931 3457 992 3495 est
1014 3457 1123 3495 certe
1139 3487 1149 3504 ‚
1175 3454 1329 3496 Oudini
1347 3452 1565 3494 mendacia
1588 3451 1854 3494 convincere.

305 3561 367 3593 ¹111
386 3561 520 3593 laudato
536 3561 607 3603 jam
623 3561 787 3602 opusculo
805 3571 812 3592 :
832 3563 1019 3603 Sequuntur
1035 3562 1157 3604 alz'quoe
1170 3562 1456 3598 considerationes,
1476 3564 1556 3603 etc„
1573 3562 1639 3594 col.
1654 3564 1705 3594 21.
1718 3579 1757 3584 —
1775 3561 1789 3582 2
1803 3561 1948 3593 Tractat.
1968 3558 2007 3590 de
2026 3558 2155 3590 Studiis
2167 3558 2380 3597 monasticis,

264 3608 342 3641 edit.
363 3609 483 3641 Venet.
504 3611 601 3650 1705,
621 3611 706 3650 part.
726 3610 772 3650 11,
795 3619 823 3641 c.
840 3618 871 3650 V,
891 3619 926 3650 p.
943 3611 1014 3641 257.
1029 3610 1094 3633 -3
1109 3611 1205 3643 Tom.
1224 3611 1255 3651 1,
1275 3610 1338 3644 col.
1358 3612 1428 3651 106,
1448 3611 1518 3642 107.
1541 3627 1581 3633 —
1603 3609 1645 3651 (a)
1668 3607 1762 3641 Edit.
1787 3608 1863 3639 Ven.
1877 3605 2080 3648 professum.
