<?xml version="1.0" encoding="UTF-8"?>
<!DOCTYPE html PUBLIC "-//W3C//DTD XHTML 1.0 Transitional//EN"
    "http://www.w3.org/TR/xhtml1/DTD/xhtml1-transitional.dtd">
<html xmlns="http://www.w3.org/1999/xhtml" xml:lang="en" lang="en">
 <head>
  <title>
</title>
<meta http-equiv="Content-Type" content="text/html;charset=utf-8" />
  <meta name='ocr-system' content='tesseract 3.04.00' />
  <meta name='ocr-capabilities' content='ocr_page ocr_carea ocr_par ocr_line ocrx_word'/>
</head>
<body>
  <div class='ocr_page' id='page_1' title='image "./operaomniasixtiv01bonauoft/operaomniasixtiv01bonauoft_0101.png"; bbox 0 0 2570 3986; ppageno 0'>
   <div class='ocr_carea' id='block_1_1' title="bbox 121 281 2250 3340">
    <p class='ocr_par' dir='ltr' id='par_1_1' title="bbox 127 281 2239 604">
     <span class='ocr_line' id='line_1_1' title="bbox 986 281 2237 323; baseline -0.001 -1"><span class='ocrx_word' id='word_1_1' title='bbox 986 281 1370 323; x_wconf 69' lang='lat' dir='ltr'><strong>ARGUMENTUM.</strong></span> <span class='ocrx_word' id='word_1_2' title='bbox 2215 289 2237 321; x_wconf 71' lang='grc' dir='ltr'><strong>Ξ»</strong></span> 
     </span>
     <span class='ocr_line' id='line_1_2' title="bbox 127 371 2239 436; baseline -0.005 -12"><span class='ocrx_word' id='word_1_3' title='bbox 127 380 297 424; x_wconf 72' lang='lat' dir='ltr'><strong>Litteris</strong></span> <span class='ocrx_word' id='word_1_4' title='bbox 325 379 529 436; x_wconf 85' lang='lat' dir='ltr'><strong>scriptum</strong></span> <span class='ocrx_word' id='word_1_5' title='bbox 554 374 762 417; x_wconf 71' lang='lat' dir='ltr'><strong>«livinitus</strong></span> <span class='ocrx_word' id='word_1_6' title='bbox 791 372 870 414; x_wconf 85' lang='lat' dir='ltr'><strong>sit¹</strong></span> <span class='ocrx_word' id='word_1_7' title='bbox 893 388 901 413; x_wconf 87' lang='lat'><strong>:</strong></span> <span class='ocrx_word' id='word_1_8' title='bbox 927 371 1012 424; x_wconf 68' lang='lat' dir='ltr'><strong>Qui</strong></span> <span class='ocrx_word' id='word_1_9' title='bbox 1042 387 1111 413; x_wconf 79' lang='lat' dir='ltr'><strong>me</strong></span> <span class='ocrx_word' id='word_1_10' title='bbox 1130 371 1376 423; x_wconf 66' lang='lat' dir='ltr'><strong>elucidant,</strong></span> <span class='ocrx_word' id='word_1_11' title='bbox 1403 371 1537 413; x_wconf 61' lang='lat' dir='ltr'><strong>citam</strong></span> <span class='ocrx_word' id='word_1_12' title='bbox 1571 380 1782 413; x_wconf 60' lang='lat' dir='ltr'><strong>(marnam</strong></span> <span class='ocrx_word' id='word_1_13' title='bbox 1815 371 2045 413; x_wconf 61' lang='lat' dir='ltr'><strong>lealtclnml.</strong></span> <span class='ocrx_word' id='word_1_14' title='bbox 2074 373 2120 413; x_wconf 65' lang='lat' dir='ltr'><strong>lit</strong></span> <span class='ocrx_word' id='word_1_15' title='bbox 2153 388 2239 430; x_wconf 80' lang='grc'>(1110</span> 
     </span>
     <span class='ocr_line' id='line_1_3' title="bbox 129 452 2236 522; baseline -0.005 -15"><span class='ocrx_word' id='word_1_16' title='bbox 129 463 310 522; x_wconf 85' lang='lat' dir='ltr'><strong>majores</strong></span> <span class='ocrx_word' id='word_1_17' title='bbox 342 460 566 510; x_wconf 81' lang='lat' dir='ltr'><strong>utilitates,</strong></span> <span class='ocrx_word' id='word_1_18' title='bbox 599 461 640 498; x_wconf 86' lang='lat' dir='ltr'><strong>et</strong></span> <span class='ocrx_word' id='word_1_19' title='bbox 671 454 890 497; x_wconf 86' lang='lat' dir='ltr'><strong>uberiores</strong></span> <span class='ocrx_word' id='word_1_20' title='bbox 920 452 1086 495; x_wconf 79' lang='lat' dir='ltr'><strong>fructus</strong></span> <span class='ocrx_word' id='word_1_21' title='bbox 1119 454 1317 496; x_wconf 81' lang='lat' dir='ltr'><strong>Ecclesiae</strong></span> <span class='ocrx_word' id='word_1_22' title='bbox 1344 454 1419 496; x_wconf 83' lang='lat' dir='ltr'><strong>Dei</strong></span> <span class='ocrx_word' id='word_1_23' title='bbox 1442 454 1586 496; x_wconf 88' lang='lat' dir='ltr'><strong>attulit</strong></span> <span class='ocrx_word' id='word_1_24' title='bbox 1605 459 1760 496; x_wconf 66' lang='lat' dir='ltr'><strong>sanctae</strong></span> <span class='ocrx_word' id='word_1_25' title='bbox 1783 453 2007 509; x_wconf 77' lang='lat' dir='ltr'><strong>theologiae</strong></span> <span class='ocrx_word' id='word_1_26' title='bbox 2028 454 2236 507; x_wconf 87' lang='lat' dir='ltr'><strong>studium,</strong></span> 
     </span>
     <span class='ocr_line' id='line_1_4' title="bbox 127 536 1872 604; baseline -0.006 -17"><span class='ocrx_word' id='word_1_27' title='bbox 127 561 177 589; x_wconf 84' lang='lat' dir='ltr'><strong>co</strong></span> <span class='ocrx_word' id='word_1_28' title='bbox 196 545 343 604; x_wconf 85' lang='lat' dir='ltr'><strong>plures</strong></span> <span class='ocrx_word' id='word_1_29' title='bbox 362 542 481 587; x_wconf 90' lang='lat' dir='ltr'><strong>omni</strong></span> <span class='ocrx_word' id='word_1_30' title='bbox 501 548 689 598; x_wconf 84' lang='lat' dir='ltr'><strong>tempore</strong></span> <span class='ocrx_word' id='word_1_31' title='bbox 711 537 972 590; x_wconf 76' lang='lat' dir='ltr'><strong>extiterunt,</strong></span> <span class='ocrx_word' id='word_1_32' title='bbox 995 536 1072 594; x_wconf 88' lang='lat' dir='ltr'><strong>qui</strong></span> <span class='ocrx_word' id='word_1_33' title='bbox 1093 552 1135 578; x_wconf 88' lang='lat' dir='ltr'><strong>se</strong></span> <span class='ocrx_word' id='word_1_34' title='bbox 1155 537 1221 578; x_wconf 88' lang='lat' dir='ltr'><strong>illi</strong></span> <span class='ocrx_word' id='word_1_35' title='bbox 1241 537 1402 580; x_wconf 70' lang='lat' dir='ltr'><strong>divina]</strong></span> <span class='ocrx_word' id='word_1_36' title='bbox 1422 537 1608 579; x_wconf 69' lang='lat' dir='ltr'><strong>scientiae</strong></span> <span class='ocrx_word' id='word_1_37' title='bbox 1629 536 1780 578; x_wconf 88' lang='lat' dir='ltr'><strong>darent</strong></span> <span class='ocrx_word' id='word_1_38' title='bbox 1799 536 1872 593; x_wconf 65' lang='lat' dir='ltr'><strong>(a).</strong></span> 
     </span>
    </p>

    <p class='ocr_par' dir='ltr' id='par_1_2' title="bbox 121 617 2247 2924">
     <span class='ocr_line' id='line_1_5' title="bbox 186 617 2242 683; baseline -0.006 -12"><span class='ocrx_word' id='word_1_39' title='bbox 186 625 421 683; x_wconf 85' lang='lat' dir='ltr'><strong>Theologia</strong></span> <span class='ocrx_word' id='word_1_40' title='bbox 450 628 592 666; x_wconf 88' lang='lat' dir='ltr'><strong>autem</strong></span> <span class='ocrx_word' id='word_1_41' title='bbox 627 621 817 678; x_wconf 88' lang='lat' dir='ltr'><strong>primum</strong></span> <span class='ocrx_word' id='word_1_42' title='bbox 846 619 922 661; x_wconf 82' lang='lat' dir='ltr'><strong>illa</strong></span> <span class='ocrx_word' id='word_1_43' title='bbox 942 634 966 660; x_wconf 89' lang='lat' dir='ltr'><strong>a</strong></span> <span class='ocrx_word' id='word_1_44' title='bbox 985 618 1145 661; x_wconf 77' lang='lat' dir='ltr'><strong>Graecis</strong></span> <span class='ocrx_word' id='word_1_45' title='bbox 1164 619 1276 662; x_wconf 86' lang='lat' dir='ltr'><strong>dicta</strong></span> <span class='ocrx_word' id='word_1_46' title='bbox 1294 625 1370 673; x_wconf 89' lang='lat' dir='ltr'><strong>est,</strong></span> <span class='ocrx_word' id='word_1_47' title='bbox 1394 634 1492 676; x_wconf 77' lang='lat' dir='ltr'><strong>qnae</strong></span> <span class='ocrx_word' id='word_1_48' title='bbox 1514 618 1578 661; x_wconf 88' lang='lat' dir='ltr'><strong>vel</strong></span> <span class='ocrx_word' id='word_1_49' title='bbox 1601 617 1893 672; x_wconf 68' lang='lat' dir='ltr'><strong>sermonibus,</strong></span> <span class='ocrx_word' id='word_1_50' title='bbox 1917 617 1983 659; x_wconf 79' lang='lat' dir='ltr'><strong>vel</strong></span> <span class='ocrx_word' id='word_1_51' title='bbox 2003 617 2128 659; x_wconf 86' lang='lat' dir='ltr'><strong>libris</strong></span> <span class='ocrx_word' id='word_1_52' title='bbox 2151 631 2242 659; x_wconf 80' lang='lat' dir='ltr'><strong>ver-</strong></span> 
     </span>
     <span class='ocr_line' id='line_1_6' title="bbox 127 701 2240 764; baseline -0.006 -10"><span class='ocrx_word' id='word_1_53' title='bbox 127 711 304 754; x_wconf 82' lang='lat' dir='ltr'><strong>sabatur</strong></span> <span class='ocrx_word' id='word_1_54' title='bbox 323 711 367 752; x_wconf 89' lang='lat' dir='ltr'><strong>in</strong></span> <span class='ocrx_word' id='word_1_55' title='bbox 387 704 642 764; x_wconf 79' lang='lat' dir='ltr'><strong>explicanda</strong></span> <span class='ocrx_word' id='word_1_56' title='bbox 658 707 826 746; x_wconf 83' lang='lat' dir='ltr'><strong>tantum</strong></span> <span class='ocrx_word' id='word_1_57' title='bbox 840 701 1035 744; x_wconf 88' lang='lat' dir='ltr'><strong>doctrina</strong></span> <span class='ocrx_word' id='word_1_58' title='bbox 1054 702 1106 744; x_wconf 87' lang='lat' dir='ltr'><strong>de</strong></span> <span class='ocrx_word' id='word_1_59' title='bbox 1125 701 1350 744; x_wconf 88' lang='lat' dir='ltr'><strong>divinitate</strong></span> <span class='ocrx_word' id='word_1_60' title='bbox 1370 701 1523 745; x_wconf 77' lang='lat' dir='ltr'><strong>Christi</strong></span> <span class='ocrx_word' id='word_1_61' title='bbox 1542 701 1714 744; x_wconf 79' lang='lat' dir='ltr'><strong>Domini</strong></span> <span class='ocrx_word' id='word_1_62' title='bbox 1735 718 1743 744; x_wconf 79' lang='lat' dir='ltr'><em>z</em></span> <span class='ocrx_word' id='word_1_63' title='bbox 1762 717 1944 759; x_wconf 84' lang='lat' dir='ltr'><strong>eamque</strong></span> <span class='ocrx_word' id='word_1_64' title='bbox 1964 701 2019 743; x_wconf 88' lang='lat' dir='ltr'><strong>ob</strong></span> <span class='ocrx_word' id='word_1_65' title='bbox 2040 716 2147 754; x_wconf 82' lang='lat' dir='ltr'><strong>rem,</strong></span> <span class='ocrx_word' id='word_1_66' title='bbox 2165 702 2240 759; x_wconf 82' lang='grc' dir='ltr'>(11ιί</span> 
     </span>
     <span class='ocr_line' id='line_1_7' title="bbox 130 783 2240 848; baseline -0.006 -12"><span class='ocrx_word' id='word_1_67' title='bbox 130 793 175 836; x_wconf 89' lang='lat' dir='ltr'><strong>in</strong></span> <span class='ocrx_word' id='word_1_68' title='bbox 193 808 242 836; x_wconf 88' lang='lat' dir='ltr'><strong>eo</strong></span> <span class='ocrx_word' id='word_1_69' title='bbox 261 795 516 848; x_wconf 85' lang='lat' dir='ltr'><strong>argumento</strong></span> <span class='ocrx_word' id='word_1_70' title='bbox 536 787 729 830; x_wconf 86' lang='lat' dir='ltr'><strong>studium</strong></span> <span class='ocrx_word' id='word_1_71' title='bbox 750 791 1011 845; x_wconf 86' lang='lat' dir='ltr'><strong>posuerunt,</strong></span> <span class='ocrx_word' id='word_1_72' title='bbox 1043 785 1230 843; x_wconf 73' lang='lat' dir='ltr'><strong>tltcoloqi</strong></span> <span class='ocrx_word' id='word_1_73' title='bbox 1249 785 1454 843; x_wconf 85' lang='lat' dir='ltr'><strong>appellati</strong></span> <span class='ocrx_word' id='word_1_74' title='bbox 1475 790 1590 827; x_wconf 88' lang='lat' dir='ltr'><strong>sunt.</strong></span> <span class='ocrx_word' id='word_1_75' title='bbox 1614 785 1759 842; x_wconf 78' lang='lat' dir='ltr'><strong>Atque</strong></span> <span class='ocrx_word' id='word_1_76' title='bbox 1778 784 1835 825; x_wconf 91' lang='lat' dir='ltr'><strong>sic</strong></span> <span class='ocrx_word' id='word_1_77' title='bbox 1854 783 2029 842; x_wconf 79' lang='lat' dir='ltr'><strong>quidem</strong></span> <span class='ocrx_word' id='word_1_78' title='bbox 2051 783 2240 840; x_wconf 85' lang='lat' dir='ltr'><strong>primum</strong></span> 
     </span>
     <span class='ocr_line' id='line_1_8' title="bbox 128 866 2237 927; baseline -0.006 -7"><span class='ocrx_word' id='word_1_79' title='bbox 128 878 174 921; x_wconf 81' lang='lat' dir='ltr'><strong>S.</strong></span> <span class='ocrx_word' id='word_1_80' title='bbox 195 875 380 919; x_wconf 82' lang='lat' dir='ltr'><strong>Joannes</strong></span> <span class='ocrx_word' id='word_1_81' title='bbox 399 870 696 927; x_wconf 83' lang='lat' dir='ltr'><strong>Evangelista,</strong></span> <span class='ocrx_word' id='word_1_82' title='bbox 719 869 837 912; x_wconf 88' lang='lat' dir='ltr'><strong>solus</strong></span> <span class='ocrx_word' id='word_1_83' title='bbox 857 883 908 911; x_wconf 70' lang='lat' dir='ltr'><strong>ex</strong></span> <span class='ocrx_word' id='word_1_84' title='bbox 936 867 1138 910; x_wconf 85' lang='lat' dir='ltr'><strong>omnibus</strong></span> <span class='ocrx_word' id='word_1_85' title='bbox 1158 867 1385 924; x_wconf 81' lang='lat' dir='ltr'><strong>Evangelii</strong></span> <span class='ocrx_word' id='word_1_86' title='bbox 1407 867 1713 925; x_wconf 74' lang='lat' dir='ltr'><strong>scriptoribus,</strong></span> <span class='ocrx_word' id='word_1_87' title='bbox 1739 867 1986 923; x_wconf 79' lang='lat' dir='ltr'><strong>Theologus</strong></span> <span class='ocrx_word' id='word_1_88' title='bbox 2004 866 2143 907; x_wconf 88' lang='lat' dir='ltr'><strong>dictus</strong></span> <span class='ocrx_word' id='word_1_89' title='bbox 2161 871 2237 921; x_wconf 87' lang='lat' dir='ltr'><strong>est,</strong></span> 
     </span>
     <span class='ocr_line' id='line_1_9' title="bbox 128 948 2243 1018; baseline -0.005 -16"><span class='ocrx_word' id='word_1_90' title='bbox 128 963 352 1018; x_wconf 85' lang='lat' dir='ltr'><strong>propterea</strong></span> <span class='ocrx_word' id='word_1_91' title='bbox 380 953 494 1012; x_wconf 88' lang='lat' dir='ltr'><strong>quod</strong></span> <span class='ocrx_word' id='word_1_92' title='bbox 510 988 520 1008; x_wconf 95' lang='lat'><strong>,</strong></span> <span class='ocrx_word' id='word_1_93' title='bbox 542 968 642 996; x_wconf 86' lang='lat' dir='ltr'><strong>cum</strong></span> <span class='ocrx_word' id='word_1_94' title='bbox 672 951 815 995; x_wconf 80' lang='lat' dir='ltr'><strong>caeteri</strong></span> <span class='ocrx_word' id='word_1_95' title='bbox 839 952 885 995; x_wconf 90' lang='lat' dir='ltr'><strong>in</strong></span> <span class='ocrx_word' id='word_1_96' title='bbox 915 952 1169 1010; x_wconf 70' lang='lat' dir='ltr'><strong>exponenda</strong></span> <span class='ocrx_word' id='word_1_97' title='bbox 1195 952 1387 1010; x_wconf 82' lang='lat' dir='ltr'><strong>ejusdem</strong></span> <span class='ocrx_word' id='word_1_98' title='bbox 1409 950 1568 993; x_wconf 78' lang='lat' dir='ltr'><strong>Christi</strong></span> <span class='ocrx_word' id='word_1_99' title='bbox 1597 950 1767 993; x_wconf 73' lang='lat' dir='ltr'><strong>Domini</strong></span> <span class='ocrx_word' id='word_1_100' title='bbox 1786 949 2078 1003; x_wconf 81' lang='lat' dir='ltr'><strong>humanitate,</strong></span> <span class='ocrx_word' id='word_1_101' title='bbox 2104 948 2243 1006; x_wconf 79' lang='lat' dir='ltr'><strong>iisque</strong></span> 
     </span>
     <span class='ocr_line' id='line_1_10' title="bbox 129 1031 2241 1098; baseline -0.006 -13"><span class='ocrx_word' id='word_1_102' title='bbox 129 1042 271 1095; x_wconf 80' lang='lat' dir='ltr'><strong>rebus,</strong></span> <span class='ocrx_word' id='word_1_103' title='bbox 294 1053 392 1098; x_wconf 72' lang='lat' dir='ltr'><strong>quae</strong></span> <span class='ocrx_word' id='word_1_104' title='bbox 412 1037 684 1094; x_wconf 87' lang='lat' dir='ltr'><strong>potissimum</strong></span> <span class='ocrx_word' id='word_1_105' title='bbox 706 1036 759 1079; x_wconf 90' lang='lat' dir='ltr'><strong>ad</strong></span> <span class='ocrx_word' id='word_1_106' title='bbox 780 1051 874 1079; x_wconf 90' lang='lat' dir='ltr'><strong>eam</strong></span> <span class='ocrx_word' id='word_1_107' title='bbox 896 1036 1190 1094; x_wconf 76' lang='lat' dir='ltr'><strong>pertinebant,</strong></span> <span class='ocrx_word' id='word_1_108' title='bbox 1214 1051 1388 1094; x_wconf 79' lang='lat' dir='ltr'><strong>operam</strong></span> <span class='ocrx_word' id='word_1_109' title='bbox 1409 1034 1654 1094; x_wconf 77' lang='lat' dir='ltr'><strong>posuerint,</strong></span> <span class='ocrx_word' id='word_1_110' title='bbox 1677 1034 1808 1076; x_wconf 90' lang='lat' dir='ltr'><strong>altius</strong></span> <span class='ocrx_word' id='word_1_111' title='bbox 1826 1033 1916 1091; x_wconf 88' lang='lat' dir='ltr'><strong>ipse</strong></span> <span class='ocrx_word' id='word_1_112' title='bbox 1935 1048 2023 1075; x_wconf 86' lang='lat' dir='ltr'><strong>sese</strong></span> <span class='ocrx_word' id='word_1_113' title='bbox 2042 1031 2241 1085; x_wconf 73' lang='lat' dir='ltr'><strong>erexerit,</strong></span> 
     </span>
     <span class='ocr_line' id='line_1_11' title="bbox 130 1115 2246 1182; baseline -0.006 -14"><span class='ocrx_word' id='word_1_114' title='bbox 130 1125 337 1182; x_wconf 84' lang='lat' dir='ltr'><strong>illiusque</strong></span> <span class='ocrx_word' id='word_1_115' title='bbox 367 1121 640 1165; x_wconf 86' lang='lat' dir='ltr'><strong>divinitatem</strong></span> <span class='ocrx_word' id='word_1_116' title='bbox 674 1119 901 1176; x_wconf 83' lang='lat' dir='ltr'><strong>Evangelii</strong></span> <span class='ocrx_word' id='word_1_117' title='bbox 927 1119 1082 1162; x_wconf 87' lang='lat' dir='ltr'><strong>litteris</strong></span> <span class='ocrx_word' id='word_1_118' title='bbox 1102 1119 1326 1178; x_wconf 76' lang='lat' dir='ltr'><strong>explicarit</strong></span> <span class='ocrx_word' id='word_1_119' title='bbox 1344 1119 1393 1176; x_wconf 81' lang='lat' dir='ltr'><strong>(b)</strong></span> <span class='ocrx_word' id='word_1_120' title='bbox 1418 1119 1622 1177; x_wconf 73' lang='lat' dir='ltr'><strong>apertius.</strong></span> <span class='ocrx_word' id='word_1_121' title='bbox 1646 1118 1707 1160; x_wconf 84' lang='lat' dir='ltr'><strong>Eo</strong></span> <span class='ocrx_word' id='word_1_122' title='bbox 1727 1117 1829 1161; x_wconf 84' lang='lat' dir='ltr'><strong>item</strong></span> <span class='ocrx_word' id='word_1_123' title='bbox 1853 1116 2028 1158; x_wconf 87' lang='lat' dir='ltr'><strong>nomine</strong></span> <span class='ocrx_word' id='word_1_124' title='bbox 2047 1115 2246 1172; x_wconf 75' lang='lat' dir='ltr'><strong>deinceps</strong></span> 
     </span>
     <span class='ocr_line' id='line_1_12' title="bbox 127 1198 2241 1257; baseline -0.005 -6"><span class='ocrx_word' id='word_1_125' title='bbox 127 1223 301 1251; x_wconf 83' lang='lat' dir='ltr'><strong>summa</strong></span> <span class='ocrx_word' id='word_1_126' title='bbox 327 1205 525 1250; x_wconf 86' lang='lat' dir='ltr'><strong>omnium</strong></span> <span class='ocrx_word' id='word_1_127' title='bbox 558 1204 737 1246; x_wconf 87' lang='lat' dir='ltr'><strong>Patrnm</strong></span> <span class='ocrx_word' id='word_1_128' title='bbox 767 1203 1046 1245; x_wconf 85' lang='lat' dir='ltr'><strong>consensione</strong></span> <span class='ocrx_word' id='word_1_129' title='bbox 1078 1207 1252 1245; x_wconf 87' lang='lat' dir='ltr'><strong>vocatus</strong></span> <span class='ocrx_word' id='word_1_130' title='bbox 1278 1209 1339 1246; x_wconf 90' lang='lat' dir='ltr'><strong>est</strong></span> <span class='ocrx_word' id='word_1_131' title='bbox 1358 1202 1659 1245; x_wconf 75' lang='lat' dir='ltr'><strong>Nazianzenus</strong></span> <span class='ocrx_word' id='word_1_132' title='bbox 1679 1200 1915 1257; x_wconf 78' lang='lat' dir='ltr'><strong>Gregorius</strong></span> <span class='ocrx_word' id='word_1_133' title='bbox 1931 1234 1941 1253; x_wconf 92' lang='lat'><strong>,</strong></span> <span class='ocrx_word' id='word_1_134' title='bbox 1963 1198 2172 1257; x_wconf 89' lang='lat' dir='ltr'><strong>quoniam</strong></span> <span class='ocrx_word' id='word_1_135' title='bbox 2192 1213 2241 1240; x_wconf 71' lang='lat' dir='ltr'><strong>ex</strong></span> 
     </span>
     <span class='ocr_line' id='line_1_13' title="bbox 127 1281 2245 1342; baseline -0.005 -8"><span class='ocrx_word' id='word_1_136' title='bbox 127 1290 329 1334; x_wconf 86' lang='lat' dir='ltr'><strong>Patribus</strong></span> <span class='ocrx_word' id='word_1_137' title='bbox 352 1287 533 1341; x_wconf 82' lang='lat' dir='ltr'><strong>Graeeis,</strong></span> <span class='ocrx_word' id='word_1_138' title='bbox 565 1302 658 1330; x_wconf 85' lang='lat' dir='ltr'><strong>eam</strong></span> <span class='ocrx_word' id='word_1_139' title='bbox 679 1287 731 1329; x_wconf 86' lang='lat' dir='ltr'><strong>de</strong></span> <span class='ocrx_word' id='word_1_140' title='bbox 752 1286 911 1329; x_wconf 75' lang='lat' dir='ltr'><strong>Christi</strong></span> <span class='ocrx_word' id='word_1_141' title='bbox 933 1285 1108 1328; x_wconf 84' lang='lat' dir='ltr'><strong>Domini</strong></span> <span class='ocrx_word' id='word_1_142' title='bbox 1127 1285 1354 1328; x_wconf 85' lang='lat' dir='ltr'><strong>divinitate</strong></span> <span class='ocrx_word' id='word_1_143' title='bbox 1375 1286 1600 1328; x_wconf 77' lang='lat' dir='ltr'><strong>materiam</strong></span> <span class='ocrx_word' id='word_1_144' title='bbox 1620 1284 1798 1342; x_wconf 86' lang='lat' dir='ltr'><strong>gravius</strong></span> <span class='ocrx_word' id='word_1_145' title='bbox 1819 1299 1867 1326; x_wconf 86' lang='lat' dir='ltr'><strong>ac</strong></span> <span class='ocrx_word' id='word_1_146' title='bbox 1886 1281 2118 1325; x_wconf 83' lang='lat' dir='ltr'><strong>sublimius</strong></span> <span class='ocrx_word' id='word_1_147' title='bbox 2137 1287 2245 1323; x_wconf 86' lang='lat' dir='ltr'><strong>trac—</strong></span> 
     </span>
     <span class='ocr_line' id='line_1_14' title="bbox 126 1365 2242 1430; baseline -0.004 -14"><span class='ocrx_word' id='word_1_148' title='bbox 126 1373 241 1417; x_wconf 90' lang='lat' dir='ltr'><strong>tarit.</strong></span> <span class='ocrx_word' id='word_1_149' title='bbox 275 1372 414 1414; x_wconf 87' lang='lat' dir='ltr'><strong>Immo</strong></span> <span class='ocrx_word' id='word_1_150' title='bbox 445 1371 535 1430; x_wconf 89' lang='lat' dir='ltr'><strong>ipse</strong></span> <span class='ocrx_word' id='word_1_151' title='bbox 555 1369 771 1412; x_wconf 85' lang='lat' dir='ltr'><strong>orationes</strong></span> <span class='ocrx_word' id='word_1_152' title='bbox 790 1384 875 1422; x_wconf 89' lang='lat' dir='ltr'><strong>eas,</strong></span> <span class='ocrx_word' id='word_1_153' title='bbox 898 1367 944 1410; x_wconf 86' lang='lat' dir='ltr'><strong>in</strong></span> <span class='ocrx_word' id='word_1_154' title='bbox 966 1369 1127 1427; x_wconf 82' lang='lat' dir='ltr'><strong>quibus</strong></span> <span class='ocrx_word' id='word_1_155' title='bbox 1148 1370 1362 1427; x_wconf 71' lang='lat' dir='ltr'><strong>praecipue</strong></span> <span class='ocrx_word' id='word_1_156' title='bbox 1382 1370 1434 1412; x_wconf 88' lang='lat' dir='ltr'><strong>de</strong></span> <span class='ocrx_word' id='word_1_157' title='bbox 1454 1369 1612 1423; x_wconf 85' lang='lat' dir='ltr'><strong>Patris,</strong></span> <span class='ocrx_word' id='word_1_158' title='bbox 1635 1375 1677 1411; x_wconf 87' lang='lat' dir='ltr'><strong>et</strong></span> <span class='ocrx_word' id='word_1_159' title='bbox 1695 1368 1814 1422; x_wconf 88' lang='lat' dir='ltr'><strong>Filii,</strong></span> <span class='ocrx_word' id='word_1_160' title='bbox 1837 1373 1878 1411; x_wconf 90' lang='lat' dir='ltr'><strong>et</strong></span> <span class='ocrx_word' id='word_1_161' title='bbox 1899 1366 2088 1425; x_wconf 82' lang='lat' dir='ltr'><strong>Spiritus</strong></span> <span class='ocrx_word' id='word_1_162' title='bbox 2108 1365 2242 1408; x_wconf 86' lang='lat' dir='ltr'><strong>sancti</strong></span> 
     </span>
     <span class='ocr_line' id='line_1_15' title="bbox 125 1448 2244 1511; baseline -0.005 -12"><span class='ocrx_word' id='word_1_163' title='bbox 125 1455 351 1499; x_wconf 89' lang='lat' dir='ltr'><strong>divinitate</strong></span> <span class='ocrx_word' id='word_1_164' title='bbox 381 1454 617 1506; x_wconf 67' lang='lat' dir='ltr'><strong>disSernit,</strong></span> <span class='ocrx_word' id='word_1_165' title='bbox 637 1453 860 1511; x_wconf 71' lang='lat' dir='ltr'><strong>tlteoloqioe</strong></span> <span class='ocrx_word' id='word_1_166' title='bbox 886 1452 1063 1496; x_wconf 86' lang='lat' dir='ltr'><strong>nomine</strong></span> <span class='ocrx_word' id='word_1_167' title='bbox 1091 1452 1322 1511; x_wconf 79' lang='lat' dir='ltr'><strong>inscripsit.</strong></span> <span class='ocrx_word' id='word_1_168' title='bbox 1346 1453 1496 1510; x_wconf 79' lang='lat' dir='ltr'><strong>Itaque</strong></span> <span class='ocrx_word' id='word_1_169' title='bbox 1515 1467 1614 1494; x_wconf 92' lang='lat' dir='ltr'><strong>cum</strong></span> <span class='ocrx_word' id='word_1_170' title='bbox 1636 1451 1688 1494; x_wconf 87' lang='lat' dir='ltr'><strong>de</strong></span> <span class='ocrx_word' id='word_1_171' title='bbox 1708 1451 1866 1494; x_wconf 77' lang='lat' dir='ltr'><strong>Christi</strong></span> <span class='ocrx_word' id='word_1_172' title='bbox 1887 1450 2059 1493; x_wconf 86' lang='lat' dir='ltr'><strong>Domini</strong></span> <span class='ocrx_word' id='word_1_173' title='bbox 2084 1448 2244 1492; x_wconf 82' lang='lat' dir='ltr'><strong>divini—</strong></span> 
     </span>
     <span class='ocr_line' id='line_1_16' title="bbox 128 1532 2240 1598; baseline -0.004 -15"><span class='ocrx_word' id='word_1_174' title='bbox 128 1546 210 1583; x_wconf 86' lang='lat' dir='ltr'><strong>tate</strong></span> <span class='ocrx_word' id='word_1_175' title='bbox 240 1539 411 1598; x_wconf 83' lang='lat' dir='ltr'><strong>antiqui</strong></span> <span class='ocrx_word' id='word_1_176' title='bbox 441 1538 578 1582; x_wconf 77' lang='lat' dir='ltr'><strong>Graeci</strong></span> <span class='ocrx_word' id='word_1_177' title='bbox 607 1537 754 1579; x_wconf 86' lang='lat' dir='ltr'><strong>Patres</strong></span> <span class='ocrx_word' id='word_1_178' title='bbox 785 1535 1026 1578; x_wconf 88' lang='lat' dir='ltr'><strong>institutam</strong></span> <span class='ocrx_word' id='word_1_179' title='bbox 1054 1535 1293 1577; x_wconf 88' lang='lat' dir='ltr'><strong>orationem</strong></span> <span class='ocrx_word' id='word_1_180' title='bbox 1321 1535 1502 1588; x_wconf 86' lang='lat' dir='ltr'><strong>habent,</strong></span> <span class='ocrx_word' id='word_1_181' title='bbox 1525 1534 1569 1576; x_wconf 90' lang='lat' dir='ltr'><strong>in</strong></span> <span class='ocrx_word' id='word_1_182' title='bbox 1592 1534 1807 1590; x_wconf 77' lang='lat' dir='ltr'><strong>theologia</strong></span> <span class='ocrx_word' id='word_1_183' title='bbox 1827 1533 1988 1575; x_wconf 89' lang='lat' dir='ltr'><strong>versari</strong></span> <span class='ocrx_word' id='word_1_184' title='bbox 2009 1532 2240 1585; x_wconf 84' lang='lat' dir='ltr'><strong>dicuntur3</strong></span> 
     </span>
     <span class='ocr_line' id='line_1_17' title="bbox 125 1616 2244 1679; baseline -0.004 -13"><span class='ocrx_word' id='word_1_185' title='bbox 125 1638 223 1666; x_wconf 88' lang='lat' dir='ltr'><strong>eum</strong></span> <span class='ocrx_word' id='word_1_186' title='bbox 255 1628 400 1665; x_wconf 87' lang='lat' dir='ltr'><strong>autem</strong></span> <span class='ocrx_word' id='word_1_187' title='bbox 429 1621 481 1664; x_wconf 90' lang='lat' dir='ltr'><strong>de</strong></span> <span class='ocrx_word' id='word_1_188' title='bbox 501 1619 690 1679; x_wconf 87' lang='lat' dir='ltr'><strong>ejusdem</strong></span> <span class='ocrx_word' id='word_1_189' title='bbox 713 1617 982 1661; x_wconf 86' lang='lat' dir='ltr'><strong>humanitate</strong></span> <span class='ocrx_word' id='word_1_190' title='bbox 1008 1622 1049 1660; x_wconf 87' lang='lat' dir='ltr'><strong>et</strong></span> <span class='ocrx_word' id='word_1_191' title='bbox 1078 1617 1374 1661; x_wconf 78' lang='lat' dir='ltr'><strong>incarnatione</strong></span> <span class='ocrx_word' id='word_1_192' title='bbox 1405 1617 1702 1660; x_wconf 82' lang='lat' dir='ltr'><strong>tractationem</strong></span> <span class='ocrx_word' id='word_1_193' title='bbox 1723 1617 1986 1675; x_wconf 82' lang='lat' dir='ltr'><strong>suscipiunt,</strong></span> <span class='ocrx_word' id='word_1_194' title='bbox 2008 1616 2052 1658; x_wconf 88' lang='lat' dir='ltr'><strong>in</strong></span> <span class='ocrx_word' id='word_1_195' title='bbox 2076 1630 2244 1659; x_wconf 85' lang='lat' dir='ltr'><strong>oecono-</strong></span> 
     </span>
     <span class='ocr_line' id='line_1_18' title="bbox 128 1699 2245 1759; baseline -0.005 -10"><span class='ocrx_word' id='word_1_196' title='bbox 128 1706 230 1749; x_wconf 87' lang='lat' dir='ltr'><strong>mia.</strong></span> <span class='ocrx_word' id='word_1_197' title='bbox 271 1704 573 1749; x_wconf 89' lang='lat' dir='ltr'><strong>OEconomiam</strong></span> <span class='ocrx_word' id='word_1_198' title='bbox 606 1702 721 1746; x_wconf 88' lang='lat' dir='ltr'><strong>enim</strong></span> <span class='ocrx_word' id='word_1_199' title='bbox 765 1700 923 1744; x_wconf 88' lang='lat' dir='ltr'><strong>Christi</strong></span> <span class='ocrx_word' id='word_1_200' title='bbox 954 1700 1155 1759; x_wconf 79' lang='lat' dir='ltr'><strong>quamvis</strong></span> <span class='ocrx_word' id='word_1_201' title='bbox 1186 1700 1400 1743; x_wconf 86' lang='lat' dir='ltr'><strong>Eusebius</strong></span> <span class='ocrx_word' id='word_1_202' title='bbox 1425 1701 1439 1723; x_wconf 83' lang='lat'><em>²</em></span> <span class='ocrx_word' id='word_1_203' title='bbox 1471 1705 1512 1742; x_wconf 91' lang='lat' dir='ltr'><strong>et</strong></span> <span class='ocrx_word' id='word_1_204' title='bbox 1539 1700 1837 1743; x_wconf 84' lang='lat' dir='ltr'><strong>Nazianzenus</strong></span> <span class='ocrx_word' id='word_1_205' title='bbox 1861 1700 1873 1721; x_wconf 75' lang='lat'>³</span> <span class='ocrx_word' id='word_1_206' title='bbox 1899 1699 2115 1757; x_wconf 87' lang='lat' dir='ltr'><strong>duplicem</strong></span> <span class='ocrx_word' id='word_1_207' title='bbox 2145 1713 2245 1740; x_wconf 46' lang='lat' dir='ltr'><strong>con*</strong></span> 
     </span>
     <span class='ocr_line' id='line_1_19' title="bbox 126 1782 2242 1846; baseline -0.004 -15"><span class='ocrx_word' id='word_1_208' title='bbox 126 1788 328 1843; x_wconf 55' lang='lat' dir='ltr'><strong>stituan—t,</strong></span> <span class='ocrx_word' id='word_1_209' title='bbox 349 1802 536 1846; x_wconf 83' lang='lat' dir='ltr'><strong>quarum</strong></span> <span class='ocrx_word' id='word_1_210' title='bbox 569 1801 657 1829; x_wconf 94' lang='lat' dir='ltr'><strong>una</strong></span> <span class='ocrx_word' id='word_1_211' title='bbox 687 1785 740 1827; x_wconf 91' lang='lat' dir='ltr'><strong>ad</strong></span> <span class='ocrx_word' id='word_1_212' title='bbox 774 1783 1089 1842; x_wconf 79' lang='lat' dir='ltr'><strong>providentiam</strong></span> <span class='ocrx_word' id='word_1_213' title='bbox 1121 1784 1243 1827; x_wconf 86' lang='lat' dir='ltr'><strong>illam</strong></span> <span class='ocrx_word' id='word_1_214' title='bbox 1275 1783 1504 1838; x_wconf 82' lang='lat' dir='ltr'><strong>referatur,</strong></span> <span class='ocrx_word' id='word_1_215' title='bbox 1538 1799 1626 1842; x_wconf 81' lang='lat' dir='ltr'><strong>qua</strong></span> <span class='ocrx_word' id='word_1_216' title='bbox 1658 1783 1772 1826; x_wconf 87' lang='lat' dir='ltr'><strong>Deus</strong></span> <span class='ocrx_word' id='word_1_217' title='bbox 1803 1789 1902 1825; x_wconf 89' lang='lat' dir='ltr'><strong>ante</strong></span> <span class='ocrx_word' id='word_1_218' title='bbox 1928 1782 2242 1825; x_wconf 84' lang='lat' dir='ltr'><strong>humanitatem</strong></span> 
     </span>
     <span class='ocr_line' id='line_1_20' title="bbox 126 1865 2245 1929; baseline -0.005 -15"><span class='ocrx_word' id='word_1_219' title='bbox 126 1876 416 1929; x_wconf 86' lang='lat' dir='ltr'><strong>assumptam,</strong></span> <span class='ocrx_word' id='word_1_220' title='bbox 438 1870 688 1913; x_wconf 85' lang='lat' dir='ltr'><strong>mortalium</strong></span> <span class='ocrx_word' id='word_1_221' title='bbox 706 1866 943 1911; x_wconf 86' lang='lat' dir='ltr'><strong>commodis</strong></span> <span class='ocrx_word' id='word_1_222' title='bbox 965 1873 1005 1908; x_wconf 87' lang='lat' dir='ltr'><strong>et</strong></span> <span class='ocrx_word' id='word_1_223' title='bbox 1026 1866 1158 1909; x_wconf 87' lang='lat' dir='ltr'><strong>saluti</strong></span> <span class='ocrx_word' id='word_1_224' title='bbox 1178 1867 1457 1921; x_wconf 90' lang='lat' dir='ltr'><strong>consulebat,</strong></span> <span class='ocrx_word' id='word_1_225' title='bbox 1479 1866 1613 1909; x_wconf 87' lang='lat' dir='ltr'><strong>altera</strong></span> <span class='ocrx_word' id='word_1_226' title='bbox 1632 1865 1685 1908; x_wconf 91' lang='lat' dir='ltr'><strong>ad</strong></span> <span class='ocrx_word' id='word_1_227' title='bbox 1707 1881 1756 1908; x_wconf 88' lang='lat' dir='ltr'><strong>ea</strong></span> <span class='ocrx_word' id='word_1_228' title='bbox 1776 1870 1957 1923; x_wconf 86' lang='lat' dir='ltr'><strong>spectet,</strong></span> <span class='ocrx_word' id='word_1_229' title='bbox 1980 1879 2079 1922; x_wconf 76' lang='lat' dir='ltr'><strong>quae</strong></span> <span class='ocrx_word' id='word_1_230' title='bbox 2099 1869 2245 1905; x_wconf 86' lang='lat' dir='ltr'><strong>nostra</strong></span> 
     </span>
     <span class='ocr_line' id='line_1_21' title="bbox 126 1946 2244 2012; baseline -0.004 -17"><span class='ocrx_word' id='word_1_231' title='bbox 126 1969 253 1997; x_wconf 86' lang='lat' dir='ltr'><strong>causa</strong></span> <span class='ocrx_word' id='word_1_232' title='bbox 283 1953 328 1996; x_wconf 89' lang='lat' dir='ltr'><strong>in</strong></span> <span class='ocrx_word' id='word_1_233' title='bbox 356 1967 533 2012; x_wconf 79' lang='lat' dir='ltr'><strong>corpore</strong></span> <span class='ocrx_word' id='word_1_234' title='bbox 565 1951 719 2008; x_wconf 72' lang='lat' dir='ltr'><strong>gessit3</strong></span> <span class='ocrx_word' id='word_1_235' title='bbox 754 1956 898 1994; x_wconf 88' lang='lat' dir='ltr'><strong>tamen</strong></span> <span class='ocrx_word' id='word_1_236' title='bbox 930 1950 1080 1992; x_wconf 73' lang='lat' dir='ltr'><strong>Patres</strong></span> <span class='ocrx_word' id='word_1_237' title='bbox 1104 1950 1206 2009; x_wconf 77' lang='lat' dir='ltr'><strong>qui,</strong></span> <span class='ocrx_word' id='word_1_238' title='bbox 1239 1950 1419 1993; x_wconf 85' lang='lat' dir='ltr'><strong>florente</strong></span> <span class='ocrx_word' id='word_1_239' title='bbox 1444 1950 1490 1992; x_wconf 91' lang='lat' dir='ltr'><strong>in</strong></span> <span class='ocrx_word' id='word_1_240' title='bbox 1520 1949 1686 1992; x_wconf 57' lang='lat' dir='ltr'><strong>(iraicia</strong></span> <span class='ocrx_word' id='word_1_241' title='bbox 1706 1948 1812 2001; x_wconf 90' lang='lat' dir='ltr'><strong>fide,</strong></span> <span class='ocrx_word' id='word_1_242' title='bbox 1838 1947 2065 2004; x_wconf 77' lang='lat' dir='ltr'><strong>theologiae</strong></span> <span class='ocrx_word' id='word_1_243' title='bbox 2089 1952 2130 1988; x_wconf 90' lang='lat' dir='ltr'><strong>et</strong></span> <span class='ocrx_word' id='word_1_244' title='bbox 2157 1946 2244 1988; x_wconf 61' lang='lat'>010-</span> 
     </span>
     <span class='ocr_line' id='line_1_22' title="bbox 126 2029 2244 2096; baseline -0.005 -16"><span class='ocrx_word' id='word_1_245' title='bbox 126 2037 316 2096; x_wconf 80' lang='lat' dir='ltr'><strong>quentiae</strong></span> <span class='ocrx_word' id='word_1_246' title='bbox 336 2035 466 2080; x_wconf 84' lang='lat' dir='ltr'><strong>laude</strong></span> <span class='ocrx_word' id='word_1_247' title='bbox 487 2036 748 2088; x_wconf 88' lang='lat' dir='ltr'><strong>floruerunt,</strong></span> <span class='ocrx_word' id='word_1_248' title='bbox 770 2049 869 2077; x_wconf 90' lang='lat' dir='ltr'><strong>cum</strong></span> <span class='ocrx_word' id='word_1_249' title='bbox 891 2034 943 2077; x_wconf 91' lang='lat' dir='ltr'><strong>de</strong></span> <span class='ocrx_word' id='word_1_250' title='bbox 963 2033 1128 2077; x_wconf 88' lang='lat' dir='ltr'><strong>Christo</strong></span> <span class='ocrx_word' id='word_1_251' title='bbox 1148 2032 1336 2076; x_wconf 87' lang='lat' dir='ltr'><strong>Domino</strong></span> <span class='ocrx_word' id='word_1_252' title='bbox 1357 2032 1593 2076; x_wconf 82' lang='lat' dir='ltr'><strong>orationem</strong></span> <span class='ocrx_word' id='word_1_253' title='bbox 1614 2031 1821 2074; x_wconf 83' lang='lat' dir='ltr'><strong>haberent</strong></span> <span class='ocrx_word' id='word_1_254' title='bbox 1836 2032 1904 2088; x_wconf 74' lang='lat' dir='ltr'><strong>tc),</strong></span> <span class='ocrx_word' id='word_1_255' title='bbox 1926 2036 1973 2073; x_wconf 88' lang='lat' dir='ltr'><strong>ut</strong></span> <span class='ocrx_word' id='word_1_256' title='bbox 1993 2029 2244 2073; x_wconf 64' lang='lat' dir='ltr'><strong>ceconomia¹</strong></span> 
     </span>
     <span class='ocr_line' id='line_1_23' title="bbox 127 2112 2246 2174; baseline -0.004 -14"><span class='ocrx_word' id='word_1_257' title='bbox 127 2118 302 2162; x_wconf 83' lang='lat' dir='ltr'><strong>nomine</strong></span> <span class='ocrx_word' id='word_1_258' title='bbox 320 2118 661 2161; x_wconf 86' lang='lat' dir='ltr'><strong>incarnationem</strong></span> <span class='ocrx_word' id='word_1_259' title='bbox 682 2124 723 2160; x_wconf 89' lang='lat' dir='ltr'><strong>et</strong></span> <span class='ocrx_word' id='word_1_260' title='bbox 742 2117 1057 2161; x_wconf 84' lang='lat' dir='ltr'><strong>humanitatem</strong></span> <span class='ocrx_word' id='word_1_261' title='bbox 1078 2116 1232 2160; x_wconf 82' lang='lat' dir='ltr'><strong>Christi</strong></span> <span class='ocrx_word' id='word_1_262' title='bbox 1256 2116 1551 2174; x_wconf 78' lang='lat' dir='ltr'><strong>explicarunt,</strong></span> <span class='ocrx_word' id='word_1_263' title='bbox 1575 2116 1634 2158; x_wconf 89' lang='lat' dir='ltr'><strong>sic</strong></span> <span class='ocrx_word' id='word_1_264' title='bbox 1654 2115 1881 2171; x_wconf 76' lang='lat' dir='ltr'><strong>theologiae</strong></span> <span class='ocrx_word' id='word_1_265' title='bbox 1901 2129 2004 2157; x_wconf 87' lang='lat' dir='ltr'><strong>voce</strong></span> <span class='ocrx_word' id='word_1_266' title='bbox 2024 2112 2246 2155; x_wconf 72' lang='lat' dir='ltr'><strong>intellexe-</strong></span> 
     </span>
     <span class='ocr_line' id='line_1_24' title="bbox 121 2194 2244 2260; baseline -0.003 -16"><span class='ocrx_word' id='word_1_267' title='bbox 121 2207 224 2244; x_wconf 87' lang='lat' dir='ltr'><strong>runt</strong></span> <span class='ocrx_word' id='word_1_268' title='bbox 255 2201 585 2260; x_wconf 78' lang='lat' dir='ltr'><strong>explicationem</strong></span> <span class='ocrx_word' id='word_1_269' title='bbox 606 2217 631 2244; x_wconf 91' lang='lat' dir='ltr'><strong>a</strong></span> <span class='ocrx_word' id='word_1_270' title='bbox 649 2216 692 2244; x_wconf 87' lang='lat' dir='ltr'><strong>se</strong></span> <span class='ocrx_word' id='word_1_271' title='bbox 721 2207 960 2260; x_wconf 86' lang='lat' dir='ltr'><strong>susceptam</strong></span> <span class='ocrx_word' id='word_1_272' title='bbox 986 2201 1039 2243; x_wconf 84' lang='lat' dir='ltr'><strong>de</strong></span> <span class='ocrx_word' id='word_1_273' title='bbox 1059 2200 1253 2259; x_wconf 85' lang='lat' dir='ltr'><strong>ejusdem</strong></span> <span class='ocrx_word' id='word_1_274' title='bbox 1271 2199 1513 2242; x_wconf 86' lang='lat' dir='ltr'><strong>divinitate.</strong></span> <span class='ocrx_word' id='word_1_275' title='bbox 1537 2200 1704 2243; x_wconf 77' lang='lat' dir='ltr'><strong>Verum</strong></span> <span class='ocrx_word' id='word_1_276' title='bbox 1725 2198 1926 2256; x_wconf 84' lang='lat' dir='ltr'><strong>deinceps</strong></span> <span class='ocrx_word' id='word_1_277' title='bbox 1947 2197 1988 2239; x_wconf 91' lang='lat' dir='ltr'><strong>id</strong></span> <span class='ocrx_word' id='word_1_278' title='bbox 2016 2194 2244 2251; x_wconf 77' lang='lat' dir='ltr'><strong>theologiae</strong></span> 
     </span>
     <span class='ocr_line' id='line_1_25' title="bbox 125 2279 2245 2343; baseline -0.003 -17"><span class='ocrx_word' id='word_1_279' title='bbox 125 2299 282 2327; x_wconf 86' lang='lat' dir='ltr'><strong>nomen</strong></span> <span class='ocrx_word' id='word_1_280' title='bbox 309 2283 441 2327; x_wconf 88' lang='lat' dir='ltr'><strong>latius</strong></span> <span class='ocrx_word' id='word_1_281' title='bbox 467 2283 632 2342; x_wconf 86' lang='lat' dir='ltr'><strong>patuit,</strong></span> <span class='ocrx_word' id='word_1_282' title='bbox 655 2284 707 2327; x_wconf 88' lang='lat' dir='ltr'><strong>ad</strong></span> <span class='ocrx_word' id='word_1_283' title='bbox 729 2299 965 2343; x_wconf 86' lang='lat' dir='ltr'><strong>omnesque</strong></span> <span class='ocrx_word' id='word_1_284' title='bbox 986 2283 1217 2343; x_wconf 87' lang='lat' dir='ltr'><strong>pertinuit,</strong></span> <span class='ocrx_word' id='word_1_285' title='bbox 1243 2283 1322 2342; x_wconf 86' lang='lat' dir='ltr'><strong>qui</strong></span> <span class='ocrx_word' id='word_1_286' title='bbox 1343 2298 1506 2326; x_wconf 87' lang='lat' dir='ltr'><strong>sacram</strong></span> <span class='ocrx_word' id='word_1_287' title='bbox 1529 2282 1798 2340; x_wconf 86' lang='lat' dir='ltr'><strong>Scriptnram</strong></span> <span class='ocrx_word' id='word_1_288' title='bbox 1820 2287 1931 2324; x_wconf 88' lang='lat' dir='ltr'><strong>recte</strong></span> <span class='ocrx_word' id='word_1_289' title='bbox 1951 2279 2245 2337; x_wconf 79' lang='lat' dir='ltr'><strong>omnibusque</strong></span> 
     </span>
     <span class='ocr_line' id='line_1_26' title="bbox 124 2363 2245 2427; baseline -0.003 -17"><span class='ocrx_word' id='word_1_290' title='bbox 124 2367 319 2426; x_wconf 86' lang='lat' dir='ltr'><strong>partibus</strong></span> <span class='ocrx_word' id='word_1_291' title='bbox 337 2367 634 2423; x_wconf 88' lang='lat' dir='ltr'><strong>elucidarunt,</strong></span> <span class='ocrx_word' id='word_1_292' title='bbox 657 2367 702 2410; x_wconf 89' lang='lat' dir='ltr'><strong>in</strong></span> <span class='ocrx_word' id='word_1_293' title='bbox 723 2383 1032 2427; x_wconf 85' lang='lat' dir='ltr'><strong>sacrarumque</strong></span> <span class='ocrx_word' id='word_1_294' title='bbox 1051 2368 1313 2410; x_wconf 86' lang='lat' dir='ltr'><strong>Litterarum</strong></span> <span class='ocrx_word' id='word_1_295' title='bbox 1335 2367 1478 2409; x_wconf 86' lang='lat' dir='ltr'><strong>studio</strong></span> <span class='ocrx_word' id='word_1_296' title='bbox 1500 2366 1656 2409; x_wconf 88' lang='lat' dir='ltr'><strong>versati</strong></span> <span class='ocrx_word' id='word_1_297' title='bbox 1675 2372 1791 2408; x_wconf 88' lang='lat' dir='ltr'><strong>sunt.</strong></span> <span class='ocrx_word' id='word_1_298' title='bbox 1812 2365 1962 2423; x_wconf 79' lang='lat' dir='ltr'><strong>Itaque</strong></span> <span class='ocrx_word' id='word_1_299' title='bbox 1983 2363 2245 2419; x_wconf 77' lang='lat' dir='ltr'><strong>theologiam</strong></span> 
     </span>
     <span class='ocr_line' id='line_1_27' title="bbox 125 2445 2242 2509; baseline -0.003 -17"><span class='ocrx_word' id='word_1_300' title='bbox 125 2449 252 2492; x_wconf 87' lang='lat' dir='ltr'><strong>etiam</strong></span> <span class='ocrx_word' id='word_1_301' title='bbox 284 2449 368 2492; x_wconf 83' lang='lat' dir='ltr'><strong>diei</strong></span> <span class='ocrx_word' id='word_1_302' title='bbox 397 2455 605 2508; x_wconf 89' lang='lat' dir='ltr'><strong>perpetuo</strong></span> <span class='ocrx_word' id='word_1_303' title='bbox 637 2466 720 2493; x_wconf 91' lang='lat' dir='ltr'><strong>usu</strong></span> <span class='ocrx_word' id='word_1_304' title='bbox 751 2458 971 2509; x_wconf 88' lang='lat' dir='ltr'><strong>receptum</strong></span> <span class='ocrx_word' id='word_1_305' title='bbox 1004 2456 1094 2506; x_wconf 90' lang='lat' dir='ltr'><strong>est,</strong></span> <span class='ocrx_word' id='word_1_306' title='bbox 1117 2465 1216 2509; x_wconf 84' lang='lat' dir='ltr'><strong>quae</strong></span> <span class='ocrx_word' id='word_1_307' title='bbox 1236 2465 1287 2493; x_wconf 79' lang='lat' dir='ltr'><strong>ex</strong></span> <span class='ocrx_word' id='word_1_308' title='bbox 1309 2449 1560 2493; x_wconf 87' lang='lat' dir='ltr'><strong>scholastica</strong></span> <span class='ocrx_word' id='word_1_309' title='bbox 1587 2447 1897 2506; x_wconf 81' lang='lat' dir='ltr'><strong>umbratilique</strong></span> <span class='ocrx_word' id='word_1_310' title='bbox 1924 2445 2242 2499; x_wconf 75' lang='lat' dir='ltr'><strong>exercitatione,</strong></span> 
     </span>
     <span class='ocr_line' id='line_1_28' title="bbox 126 2528 2244 2592; baseline -0.003 -17"><span class='ocrx_word' id='word_1_311' title='bbox 126 2539 253 2592; x_wconf 89' lang='lat' dir='ltr'><strong>atque</strong></span> <span class='ocrx_word' id='word_1_312' title='bbox 283 2549 305 2578; x_wconf 91' lang='lat' dir='ltr'><strong>e</strong></span> <span class='ocrx_word' id='word_1_313' title='bbox 331 2533 580 2577; x_wconf 89' lang='lat' dir='ltr'><strong>divinarum</strong></span> <span class='ocrx_word' id='word_1_314' title='bbox 600 2533 863 2576; x_wconf 86' lang='lat' dir='ltr'><strong>Litterarum</strong></span> <span class='ocrx_word' id='word_1_315' title='bbox 891 2534 1192 2588; x_wconf 87' lang='lat' dir='ltr'><strong>tabernaculo,</strong></span> <span class='ocrx_word' id='word_1_316' title='bbox 1227 2539 1268 2576; x_wconf 92' lang='lat' dir='ltr'><strong>et</strong></span> <span class='ocrx_word' id='word_1_317' title='bbox 1300 2549 1321 2575; x_wconf 88' lang='lat' dir='ltr'><strong>e</strong></span> <span class='ocrx_word' id='word_1_318' title='bbox 1354 2538 1601 2575; x_wconf 85' lang='lat' dir='ltr'><strong>sanctorum</strong></span> <span class='ocrx_word' id='word_1_319' title='bbox 1634 2530 1815 2573; x_wconf 87' lang='lat' dir='ltr'><strong>Patrum</strong></span> <span class='ocrx_word' id='word_1_320' title='bbox 1848 2528 2134 2582; x_wconf 88' lang='lat' dir='ltr'><strong>umbraculis,</strong></span> <span class='ocrx_word' id='word_1_321' title='bbox 2158 2541 2244 2569; x_wconf 90' lang='lat' dir='ltr'><strong>non</strong></span> 
     </span>
     <span class='ocr_line' id='line_1_29' title="bbox 126 2610 2247 2673; baseline -0.003 -14"><span class='ocrx_word' id='word_1_322' title='bbox 126 2615 253 2659; x_wconf 85' lang='lat' dir='ltr'><strong>modo</strong></span> <span class='ocrx_word' id='word_1_323' title='bbox 283 2616 328 2658; x_wconf 92' lang='lat' dir='ltr'><strong>in</strong></span> <span class='ocrx_word' id='word_1_324' title='bbox 360 2615 493 2658; x_wconf 89' lang='lat' dir='ltr'><strong>solem</strong></span> <span class='ocrx_word' id='word_1_325' title='bbox 507 2650 518 2670; x_wconf 87' lang='lat'><strong>,</strong></span> <span class='ocrx_word' id='word_1_326' title='bbox 552 2615 625 2658; x_wconf 88' lang='lat' dir='ltr'><strong>sed</strong></span> <span class='ocrx_word' id='word_1_327' title='bbox 658 2615 703 2658; x_wconf 91' lang='lat' dir='ltr'><strong>in</strong></span> <span class='ocrx_word' id='word_1_328' title='bbox 734 2616 866 2659; x_wconf 86' lang='lat' dir='ltr'><strong>aciem</strong></span> <span class='ocrx_word' id='word_1_329' title='bbox 893 2616 1250 2673; x_wconf 86' lang='lat' dir='ltr'><strong>gravissimarum</strong></span> <span class='ocrx_word' id='word_1_330' title='bbox 1271 2614 1617 2672; x_wconf 86' lang='lat' dir='ltr'><strong>disputationum</strong></span> <span class='ocrx_word' id='word_1_331' title='bbox 1637 2613 1868 2671; x_wconf 86' lang='lat' dir='ltr'><strong>perducta,</strong></span> <span class='ocrx_word' id='word_1_332' title='bbox 1890 2612 2039 2655; x_wconf 86' lang='lat' dir='ltr'><strong>inanes</strong></span> <span class='ocrx_word' id='word_1_333' title='bbox 2059 2610 2247 2669; x_wconf 85' lang='lat' dir='ltr'><strong>philoso-</strong></span> 
     </span>
     <span class='ocr_line' id='line_1_30' title="bbox 125 2694 2243 2758; baseline -0.003 -17"><span class='ocrx_word' id='word_1_334' title='bbox 125 2697 337 2756; x_wconf 87' lang='lat' dir='ltr'><strong>phorum,</strong></span> <span class='ocrx_word' id='word_1_335' title='bbox 372 2697 484 2741; x_wconf 90' lang='lat' dir='ltr'><strong>male</strong></span> <span class='ocrx_word' id='word_1_336' title='bbox 514 2698 795 2742; x_wconf 87' lang='lat' dir='ltr'><strong>sentientium</strong></span> <span class='ocrx_word' id='word_1_337' title='bbox 811 2734 821 2754; x_wconf 90' lang='lat'><strong>,</strong></span> <span class='ocrx_word' id='word_1_338' title='bbox 853 2699 1078 2757; x_wconf 87' lang='lat' dir='ltr'><strong>opiniones</strong></span> <span class='ocrx_word' id='word_1_339' title='bbox 1105 2699 1309 2758; x_wconf 79' lang='lat' dir='ltr'><strong>explosit,</strong></span> <span class='ocrx_word' id='word_1_340' title='bbox 1333 2704 1374 2742; x_wconf 85' lang='lat' dir='ltr'><strong>et</strong></span> <span class='ocrx_word' id='word_1_341' title='bbox 1400 2698 1702 2742; x_wconf 67' lang='lat' dir='ltr'><strong>haereticorum</strong></span> <span class='ocrx_word' id='word_1_342' title='bbox 1729 2697 1836 2740; x_wconf 87' lang='lat' dir='ltr'><strong>falsa</strong></span> <span class='ocrx_word' id='word_1_343' title='bbox 1855 2696 2057 2752; x_wconf 85' lang='lat' dir='ltr'><strong>dogmata</strong></span> <span class='ocrx_word' id='word_1_344' title='bbox 2076 2694 2243 2747; x_wconf 81' lang='lat' dir='ltr'><strong>evertit,</strong></span> 
     </span>
     <span class='ocr_line' id='line_1_31' title="bbox 126 2777 2242 2842; baseline -0.002 -19"><span class='ocrx_word' id='word_1_345' title='bbox 126 2795 311 2840; x_wconf 84' lang='lat' dir='ltr'><strong>quaeque</strong></span> <span class='ocrx_word' id='word_1_346' title='bbox 339 2781 555 2842; x_wconf 80' lang='lat' dir='ltr'><strong>coelestein</strong></span> <span class='ocrx_word' id='word_1_347' title='bbox 573 2781 839 2836; x_wconf 86' lang='lat' dir='ltr'><strong>doctrinam,</strong></span> <span class='ocrx_word' id='word_1_348' title='bbox 864 2782 981 2825; x_wconf 89' lang='lat' dir='ltr'><strong>varie</strong></span> <span class='ocrx_word' id='word_1_349' title='bbox 1001 2781 1055 2840; x_wconf 73' lang='lat' dir='ltr'><strong>(cl)</strong></span> <span class='ocrx_word' id='word_1_350' title='bbox 1086 2783 1139 2825; x_wconf 91' lang='lat' dir='ltr'><strong>ab</strong></span> <span class='ocrx_word' id='word_1_351' title='bbox 1158 2783 1354 2825; x_wconf 88' lang='lat' dir='ltr'><strong>hostibus</strong></span> <span class='ocrx_word' id='word_1_352' title='bbox 1373 2786 1696 2840; x_wconf 86' lang='lat' dir='ltr'><strong>oppugnatam,</strong></span> <span class='ocrx_word' id='word_1_353' title='bbox 1719 2778 1967 2823; x_wconf 83' lang='lat' dir='ltr'><strong>certissimis</strong></span> <span class='ocrx_word' id='word_1_354' title='bbox 1986 2777 2242 2830; x_wconf 87' lang='lat' dir='ltr'><strong>rationibus,</strong></span> 
     </span>
     <span class='ocr_line' id='line_1_32' title="bbox 127 2863 1425 2924; baseline 0.002 -18"><span class='ocrx_word' id='word_1_355' title='bbox 127 2864 250 2922; x_wconf 84' lang='lat' dir='ltr'><strong>quasi</strong></span> <span class='ocrx_word' id='word_1_356' title='bbox 269 2863 530 2908; x_wconf 87' lang='lat' dir='ltr'><strong>firmissimis</strong></span> <span class='ocrx_word' id='word_1_357' title='bbox 546 2866 759 2924; x_wconf 83' lang='lat' dir='ltr'><strong>praesidiis</strong></span> <span class='ocrx_word' id='word_1_358' title='bbox 777 2866 823 2909; x_wconf 90' lang='lat' dir='ltr'><strong>in</strong></span> <span class='ocrx_word' id='word_1_359' title='bbox 842 2871 1102 2924; x_wconf 85' lang='lat' dir='ltr'><strong>perpetuum</strong></span> <span class='ocrx_word' id='word_1_360' title='bbox 1121 2865 1425 2909; x_wconf 88' lang='lat' dir='ltr'><strong>communivit.</strong></span> 
     </span>
    </p>

    <p class='ocr_par' dir='ltr' id='par_1_3' title="bbox 130 2943 2250 3340">
     <span class='ocr_line' id='line_1_33' title="bbox 184 2943 2250 3008; baseline -0.003 -17"><span class='ocrx_word' id='word_1_361' title='bbox 184 2947 322 2992; x_wconf 90' lang='lat' dir='ltr'><strong>Nemo</strong></span> <span class='ocrx_word' id='word_1_362' title='bbox 341 2953 404 2991; x_wconf 86' lang='lat' dir='ltr'><strong>est</strong></span> <span class='ocrx_word' id='word_1_363' title='bbox 430 2948 509 3007; x_wconf 87' lang='lat' dir='ltr'><strong>qui</strong></span> <span class='ocrx_word' id='word_1_364' title='bbox 534 2948 709 3002; x_wconf 89' lang='lat' dir='ltr'><strong>nesciat,</strong></span> <span class='ocrx_word' id='word_1_365' title='bbox 732 2949 893 3008; x_wconf 83' lang='lat' dir='ltr'><strong>quihus</strong></span> <span class='ocrx_word' id='word_1_366' title='bbox 913 2949 1080 2993; x_wconf 90' lang='lat' dir='ltr'><strong>artibus</strong></span> <span class='ocrx_word' id='word_1_367' title='bbox 1102 2955 1304 2992; x_wconf 82' lang='lat' dir='ltr'><strong>versutus</strong></span> <span class='ocrx_word' id='word_1_368' title='bbox 1323 2954 1364 2992; x_wconf 89' lang='lat' dir='ltr'><strong>et</strong></span> <span class='ocrx_word' id='word_1_369' title='bbox 1383 2948 1567 2991; x_wconf 86' lang='lat' dir='ltr'><strong>callidus</strong></span> <span class='ocrx_word' id='word_1_370' title='bbox 1587 2948 1883 3001; x_wconf 87' lang='lat' dir='ltr'><strong>adversarius,</strong></span> <span class='ocrx_word' id='word_1_371' title='bbox 1906 2945 2136 2989; x_wconf 88' lang='lat' dir='ltr'><strong>hominnm</strong></span> <span class='ocrx_word' id='word_1_372' title='bbox 2157 2943 2250 2986; x_wconf 86' lang='lat' dir='ltr'><strong>ani-</strong></span> 
     </span>
     <span class='ocr_line' id='line_1_34' title="bbox 131 3026 2249 3090; baseline -0.003 -17"><span class='ocrx_word' id='word_1_373' title='bbox 131 3045 221 3074; x_wconf 88' lang='lat' dir='ltr'><strong>mos</strong></span> <span class='ocrx_word' id='word_1_374' title='bbox 251 3031 453 3086; x_wconf 83' lang='lat' dir='ltr'><strong>tentarit3</strong></span> <span class='ocrx_word' id='word_1_375' title='bbox 487 3047 595 3090; x_wconf 90' lang='lat' dir='ltr'><strong>quas</strong></span> <span class='ocrx_word' id='word_1_376' title='bbox 625 3033 775 3089; x_wconf 81' lang='lat' dir='ltr'><strong>generi</strong></span> <span class='ocrx_word' id='word_1_377' title='bbox 804 3033 998 3076; x_wconf 89' lang='lat' dir='ltr'><strong>humano</strong></span> <span class='ocrx_word' id='word_1_378' title='bbox 1030 3032 1260 3076; x_wconf 87' lang='lat' dir='ltr'><strong>tetenderit</strong></span> <span class='ocrx_word' id='word_1_379' title='bbox 1287 3032 1493 3086; x_wconf 83' lang='lat' dir='ltr'><strong>insidias3</strong></span> <span class='ocrx_word' id='word_1_380' title='bbox 1518 3046 1626 3089; x_wconf 84' lang='grc'>(11105</span> <span class='ocrx_word' id='word_1_381' title='bbox 1655 3031 1701 3088; x_wconf 79' lang='lat' dir='ltr'><strong>(e)</strong></span> <span class='ocrx_word' id='word_1_382' title='bbox 1725 3029 1929 3073; x_wconf 83' lang='lat' dir='ltr'><strong>satellites</strong></span> <span class='ocrx_word' id='word_1_383' title='bbox 1955 3034 1996 3071; x_wconf 89' lang='lat' dir='ltr'><strong>et</strong></span> <span class='ocrx_word' id='word_1_384' title='bbox 2029 3026 2249 3070; x_wconf 87' lang='lat' dir='ltr'><strong>ministros</strong></span> 
     </span>
     <span class='ocr_line' id='line_1_35' title="bbox 130 3110 2249 3173; baseline -0.001 -20"><span class='ocrx_word' id='word_1_385' title='bbox 130 3110 350 3157; x_wconf 64' lang='lat' dir='ltr'><strong>haereticos</strong></span> <span class='ocrx_word' id='word_1_386' title='bbox 374 3112 603 3156; x_wconf 88' lang='lat' dir='ltr'><strong>immiserit</strong></span> <span class='ocrx_word' id='word_1_387' title='bbox 629 3114 682 3157; x_wconf 92' lang='lat' dir='ltr'><strong>ad</strong></span> <span class='ocrx_word' id='word_1_388' title='bbox 707 3115 906 3159; x_wconf 63' lang='lat' dir='ltr'><strong>Ecclesiae</strong></span> <span class='ocrx_word' id='word_1_389' title='bbox 935 3121 1122 3173; x_wconf 87' lang='lat' dir='ltr'><strong>segetem</strong></span> <span class='ocrx_word' id='word_1_390' title='bbox 1146 3131 1314 3159; x_wconf 88' lang='lat' dir='ltr'><strong>veneno</strong></span> <span class='ocrx_word' id='word_1_391' title='bbox 1338 3115 1635 3159; x_wconf 83' lang='lat' dir='ltr'><strong>inficiendam.</strong></span> <span class='ocrx_word' id='word_1_392' title='bbox 1669 3116 1708 3157; x_wconf 91' lang='lat' dir='ltr'><strong>ls</strong></span> <span class='ocrx_word' id='word_1_393' title='bbox 1730 3113 1946 3167; x_wconf 85' lang='lat' dir='ltr'><strong>veritatis,</strong></span> <span class='ocrx_word' id='word_1_394' title='bbox 1970 3111 2249 3168; x_wconf 79' lang='lat' dir='ltr'><strong>nominisque</strong></span> 
     </span>
     <span class='ocr_line' id='line_1_36' title="bbox 132 3192 2249 3256; baseline -0 -21"><span class='ocrx_word' id='word_1_395' title='bbox 132 3194 352 3238; x_wconf 86' lang='lat' dir='ltr'><strong>christiani</strong></span> <span class='ocrx_word' id='word_1_396' title='bbox 367 3196 586 3251; x_wconf 81' lang='lat' dir='ltr'><strong>inimicus,</strong></span> <span class='ocrx_word' id='word_1_397' title='bbox 609 3212 708 3240; x_wconf 90' lang='lat' dir='ltr'><strong>cum</strong></span> <span class='ocrx_word' id='word_1_398' title='bbox 729 3204 854 3241; x_wconf 88' lang='lat' dir='ltr'><strong>antea</strong></span> <span class='ocrx_word' id='word_1_399' title='bbox 872 3213 1040 3256; x_wconf 87' lang='lat' dir='ltr'><strong>semper</strong></span> <span class='ocrx_word' id='word_1_400' title='bbox 1060 3199 1319 3255; x_wconf 77' lang='lat' dir='ltr'><strong>emissariOS,</strong></span> <span class='ocrx_word' id='word_1_401' title='bbox 1343 3207 1383 3243; x_wconf 87' lang='lat' dir='ltr'><strong>et</strong></span> <span class='ocrx_word' id='word_1_402' title='bbox 1402 3213 1652 3243; x_wconf 75' lang='lat' dir='ltr'><strong>excursores</strong></span> <span class='ocrx_word' id='word_1_403' title='bbox 1665 3213 1764 3240; x_wconf 88' lang='grc'>51105</span> <span class='ocrx_word' id='word_1_404' title='bbox 1778 3196 2002 3240; x_wconf 79' lang='lat' dir='ltr'><strong>haereticos</strong></span> <span class='ocrx_word' id='word_1_405' title='bbox 2016 3192 2249 3238; x_wconf 85' lang='lat' dir='ltr'><strong>mendaciis</strong></span> 
     </span>
     <span class='ocr_line' id='line_1_37' title="bbox 134 3275 2250 3340; baseline -0.001 -22"><span class='ocrx_word' id='word_1_406' title='bbox 134 3276 409 3332; x_wconf 82' lang='lat' dir='ltr'><strong>instruxerit,</strong></span> <span class='ocrx_word' id='word_1_407' title='bbox 430 3285 480 3322; x_wconf 87' lang='lat' dir='ltr'><strong>ut</strong></span> <span class='ocrx_word' id='word_1_408' title='bbox 509 3295 608 3339; x_wconf 80' lang='lat' dir='ltr'><strong>quae</strong></span> <span class='ocrx_word' id='word_1_409' title='bbox 628 3295 729 3323; x_wconf 81' lang='lat' dir='ltr'><strong>vere</strong></span> <span class='ocrx_word' id='word_1_410' title='bbox 748 3285 978 3340; x_wconf 83' lang='lat' dir='ltr'><strong>sancteque</strong></span> <span class='ocrx_word' id='word_1_411' title='bbox 1008 3281 1054 3324; x_wconf 89' lang='lat' dir='ltr'><strong>in</strong></span> <span class='ocrx_word' id='word_1_412' title='bbox 1073 3281 1261 3325; x_wconf 83' lang='lat' dir='ltr'><strong>Ecclesia</strong></span> <span class='ocrx_word' id='word_1_413' title='bbox 1279 3282 1356 3325; x_wconf 85' lang='lat' dir='ltr'><strong>Dei</strong></span> <span class='ocrx_word' id='word_1_414' title='bbox 1377 3282 1683 3334; x_wconf 82' lang='lat' dir='ltr'><strong>tradebantur,</strong></span> <span class='ocrx_word' id='word_1_415' title='bbox 1705 3283 2001 3336; x_wconf 81' lang='lat' dir='ltr'><strong>corrumperet</strong></span> <span class='ocrx_word' id='word_1_416' title='bbox 2026 3291 2073 3319; x_wconf 91' lang='lat' dir='ltr'><strong>ac</strong></span> <span class='ocrx_word' id='word_1_417' title='bbox 2099 3275 2250 3333; x_wconf 88' lang='lat' dir='ltr'><strong>depra-</strong></span> 
     </span>
    </p>
   </div>
   <div class='ocr_carea' id='block_1_2' title="bbox 135 3360 2250 3424">
    <p class='ocr_par' dir='ltr' id='par_1_4' title="bbox 135 3360 2250 3424">
     <span class='ocr_line' id='line_1_38' title="bbox 135 3360 2250 3424; baseline 0 -23"><span class='ocrx_word' id='word_1_418' title='bbox 135 3364 279 3414; x_wconf 83' lang='lat' dir='ltr'><strong>varet;</strong></span> <span class='ocrx_word' id='word_1_419' title='bbox 312 3366 406 3404; x_wconf 90' lang='lat' dir='ltr'><strong>tum</strong></span> <span class='ocrx_word' id='word_1_420' title='bbox 435 3362 646 3420; x_wconf 78' lang='lat' dir='ltr'><strong>proximis</strong></span> <span class='ocrx_word' id='word_1_421' title='bbox 677 3364 974 3423; x_wconf 87' lang='lat' dir='ltr'><strong>superioribus</strong></span> <span class='ocrx_word' id='word_1_422' title='bbox 1003 3365 1150 3420; x_wconf 88' lang='lat' dir='ltr'><strong>annis,</strong></span> <span class='ocrx_word' id='word_1_423' title='bbox 1180 3365 1421 3409; x_wconf 85' lang='lat' dir='ltr'><strong>Luthernm</strong></span> <span class='ocrx_word' id='word_1_424' title='bbox 1450 3365 1643 3424; x_wconf 82' lang='lat' dir='ltr'><strong>aliosque</strong></span> <span class='ocrx_word' id='word_1_425' title='bbox 1674 3365 1717 3408; x_wconf 88' lang='lat' dir='ltr'><strong>id</strong></span> <span class='ocrx_word' id='word_1_426' title='bbox 1744 3363 1915 3422; x_wconf 86' lang='lat' dir='ltr'><strong>generis</strong></span> <span class='ocrx_word' id='word_1_427' title='bbox 1941 3360 2250 3422; x_wconf 85' lang='lat' dir='ltr'><strong>perditissimos</strong></span> 
     </span>
    </p>
   </div>
   <div class='ocr_carea' id='block_1_3' title="bbox 184 3507 1941 3554">
    <p class='ocr_par' dir='ltr' id='par_1_5' title="bbox 184 3507 1941 3554">
     <span class='ocr_line' id='line_1_39' title="bbox 184 3507 1941 3554; baseline 0.002 -15"><span class='ocrx_word' id='word_1_428' title='bbox 184 3509 191 3525; x_wconf 90' lang='lat'>¹</span> <span class='ocrx_word' id='word_1_429' title='bbox 209 3507 327 3548; x_wconf 83' lang='lat' dir='ltr'><strong>Eccli.‚</strong></span> <span class='ocrx_word' id='word_1_430' title='bbox 346 3517 439 3551; x_wconf 80' lang='lat' dir='ltr'><strong>xx1V,</strong></span> <span class='ocrx_word' id='word_1_431' title='bbox 460 3512 511 3542; x_wconf 81' lang='lat'><strong>31.</strong></span> <span class='ocrx_word' id='word_1_432' title='bbox 537 3528 575 3535; x_wconf 91' lang='lat'>—</span> <span class='ocrx_word' id='word_1_433' title='bbox 596 3511 610 3532; x_wconf 78' lang='lat'><strong>²</strong></span> <span class='ocrx_word' id='word_1_434' title='bbox 629 3512 765 3553; x_wconf 50' lang='lat' dir='ltr'><strong>Euscb„</strong></span> <span class='ocrx_word' id='word_1_435' title='bbox 786 3512 824 3543; x_wconf 78' lang='lat' dir='ltr'><strong>de</strong></span> <span class='ocrx_word' id='word_1_436' title='bbox 843 3513 990 3554; x_wconf 70' lang='lat' dir='ltr'><strong>Proepar.</strong></span> <span class='ocrx_word' id='word_1_437' title='bbox 1012 3514 1068 3545; x_wconf 86' lang='lat' dir='ltr'><strong>lib.</strong></span> <span class='ocrx_word' id='word_1_438' title='bbox 1087 3515 1122 3554; x_wconf 89' lang='lat' dir='ltr'><strong>I,</strong></span> <span class='ocrx_word' id='word_1_439' title='bbox 1142 3524 1170 3545; x_wconf 87' lang='lat' dir='ltr'><strong>c.</strong></span> <span class='ocrx_word' id='word_1_440' title='bbox 1190 3522 1214 3545; x_wconf 87' lang='lat'><strong>1.</strong></span> <span class='ocrx_word' id='word_1_441' title='bbox 1230 3532 1264 3536; x_wconf 91' lang='lat'><strong>-—</strong></span> <span class='ocrx_word' id='word_1_442' title='bbox 1281 3513 1294 3535; x_wconf 75' lang='lat'><strong>3</strong></span> <span class='ocrx_word' id='word_1_443' title='bbox 1308 3515 1407 3554; x_wconf 82' lang='lat' dir='ltr'><strong>Greg.</strong></span> <span class='ocrx_word' id='word_1_444' title='bbox 1430 3513 1597 3554; x_wconf 83' lang='lat' dir='ltr'><strong>Nazianz.,</strong></span> <span class='ocrx_word' id='word_1_445' title='bbox 1613 3515 1699 3544; x_wconf 89' lang='lat' dir='ltr'><strong>orat.</strong></span> <span class='ocrx_word' id='word_1_446' title='bbox 1721 3521 1758 3544; x_wconf 84' lang='lat'><strong>11.</strong></span> <span class='ocrx_word' id='word_1_447' title='bbox 1780 3512 1818 3544; x_wconf 82' lang='lat' dir='ltr'><strong>de</strong></span> <span class='ocrx_word' id='word_1_448' title='bbox 1839 3512 1941 3543; x_wconf 68' lang='lat' dir='ltr'><strong>Fz&#39;lm.</strong></span> 
     </span>
    </p>
   </div>
   <div class='ocr_carea' id='block_1_4' title="bbox 141 3585 2245 3678">
    <p class='ocr_par' dir='ltr' id='par_1_6' title="bbox 141 3585 2245 3678">
     <span class='ocr_line' id='line_1_40' title="bbox 182 3585 2245 3637; baseline 0.001 -22"><span class='ocrx_word' id='word_1_449' title='bbox 182 3585 223 3624; x_wconf 81' lang='lat' dir='ltr'><strong>(a)</strong></span> <span class='ocrx_word' id='word_1_450' title='bbox 245 3586 413 3637; x_wconf 71' lang='lat' dir='ltr'><strong>Hucusque</strong></span> <span class='ocrx_word' id='word_1_451' title='bbox 442 3586 612 3628; x_wconf 61' lang='lat' dir='ltr'><strong>legebatur</strong></span> <span class='ocrx_word' id='word_1_452' title='bbox 630 3589 843 3621; x_wconf 83' lang='lat' dir='ltr'><strong>dediderunt.</strong></span> <span class='ocrx_word' id='word_1_453' title='bbox 865 3608 904 3613; x_wconf 94' lang='lat'><strong>—-</strong></span> <span class='ocrx_word' id='word_1_454' title='bbox 928 3591 967 3631; x_wconf 77' lang='lat' dir='ltr'><strong>(b)</strong></span> <span class='ocrx_word' id='word_1_455' title='bbox 991 3591 1082 3623; x_wconf 61' lang='lat' dir='ltr'><strong>Edit.</strong></span> <span class='ocrx_word' id='word_1_456' title='bbox 1104 3592 1205 3633; x_wconf 66' lang='lat' dir='ltr'><strong>Lusscl.</strong></span> <span class='ocrx_word' id='word_1_457' title='bbox 1230 3591 1458 3632; x_wconf 71' lang='lat' dir='ltr'><strong>explicaverit.</strong></span> <span class='ocrx_word' id='word_1_458' title='bbox 1479 3610 1519 3614; x_wconf 94' lang='lat'><em>-</em></span> <span class='ocrx_word' id='word_1_459' title='bbox 1541 3591 1579 3632; x_wconf 72' lang='lat' dir='ltr'><strong>(c)</strong></span> <span class='ocrx_word' id='word_1_460' title='bbox 1602 3593 1771 3632; x_wconf 73' lang='lat' dir='ltr'><strong>Hucusque</strong></span> <span class='ocrx_word' id='word_1_461' title='bbox 1801 3589 1970 3631; x_wconf 61' lang='lat' dir='ltr'><strong>leycbalm*</strong></span> <span class='ocrx_word' id='word_1_462' title='bbox 1991 3588 2191 3619; x_wconf 81' lang='lat' dir='ltr'><strong>babuerunt.</strong></span> <span class='ocrx_word' id='word_1_463' title='bbox 2213 3603 2245 3606; x_wconf 51' lang='grc' dir='ltr'>κ</span> 
     </span>
     <span class='ocr_line' id='line_1_41' title="bbox 141 3632 766 3678; baseline 0.01 -16"><span class='ocrx_word' id='word_1_464' title='bbox 141 3632 186 3673; x_wconf 76' lang='lat' dir='ltr'><strong>(d)</strong></span> <span class='ocrx_word' id='word_1_465' title='bbox 207 3632 299 3664; x_wconf 57' lang='lat' dir='ltr'><strong>Ezlaet.</strong></span> <span class='ocrx_word' id='word_1_466' title='bbox 317 3634 417 3674; x_wconf 67' lang='lat' dir='ltr'><strong>Lugscl.</strong></span> <span class='ocrx_word' id='word_1_467' title='bbox 437 3635 541 3667; x_wconf 81' lang='lat' dir='ltr'><strong>vario.</strong></span> <span class='ocrx_word' id='word_1_468' title='bbox 560 3654 594 3658; x_wconf 92' lang='lat'><em>-</em></span> <span class='ocrx_word' id='word_1_469' title='bbox 616 3636 654 3677; x_wconf 67' lang='lat' dir='ltr'><strong>(a)</strong></span> <span class='ocrx_word' id='word_1_470' title='bbox 672 3640 766 3678; x_wconf 79' lang='lat' dir='ltr'><strong>quot.</strong></span> 
     </span>
    </p>
   </div>
  </div>
 </body>
</html>
