2613 3990
1038 337 1286 380 DISTINCT.
1315 337 1402 380 VII.

163 435 291 477 aliam
311 445 413 476 vero
434 433 551 474 nulla
576 430 785 473 concludit
815 443 824 469 ε
854 428 941 469 11110
965 429 1016 469 ad
1037 440 1183 469 omnes

161 505 503 560 respondendum
523 505 584 545 est
608 514 681 556 per
701 499 1085 553 interemptionem.

218 579 255 628 1,
277 581 301 617 Ξ)
321 579 361 618 et
387 579 426 617 3.
458 576 543 616 Illae
574 576 716 615 autem
742 583 837 624 quae
861 570 1121 623 objiciuntur
1140 569 1184 609 in

163 649 422 691 contrarium
473 656 620 688 omnes
673 643 906 696 procedunt
951 641 1184 682 secundum

161 720 287 761 aliam
312 720 448 770 viam,
476 717 578 770 quia
610 715 753 756 dicunt
775 713 887 766 quod
912 712 1096 765 procedit
1119 724 1185 751 se-

162 791 350 832 cundum
381 790 556 831 modum
589 784 936 838 exemplaritatis,
974 784 1087 836 quod
1125 786 1186 823 est

162 862 428 916 exemplandi
452 875 460 902 :
483 858 597 912 quod
625 859 761 911 patet,
790 856 891 909 quia
912 858 1144 895 sumuntur
1161 868 1186 895 a

161 936 324 976 ratione
342 935 512 974 aeternae
539 929 845 984 dispositionis,
868 927 1120 979 cognitionis
1146 930 1186 967 et

161 1005 376 1058 imaginis.
404 1003 557 1044 Ultima
577 1013 680 1043 vero
702 1000 808 1041 ratio
834 999 1043 1040 concludit
1071 998 1185 1051 quod

161 1076 347 1130 procedit
381 1087 456 1128 per
487 1073 665 1115 modum
693 1071 1045 1125 exemplaritatis,
1079 1070 1186 1111 sicut

162 1147 448 1201 exemplatum
471 1160 480 1187 t
504 1148 545 1187 et
564 1147 786 1199 propterea
805 1143 1005 1184 solvenda
1029 1144 1090 1183 est
1111 1154 1186 1195 per

161 1217 544 1271 interemptionem.

215 1296 253 1334 11.
267 1292 331 1334 Ad
341 1291 445 1333 illud
459 1302 563 1344 ergo
577 1289 689 1343 quod
704 1290 913 1343 objicitur,
933 1287 1044 1342 quod
1058 1300 1184 1329 omne

2198 337 2273 376 125

1259 428 1420 480 platum
1438 425 1567 476 enim,
1589 424 1821 466 secundum
1841 423 1953 476 quod
1973 424 2273 477 exemplatum,

1260 511 1346 540 non
1365 500 1424 539 est
1443 497 1486 537 in
1505 496 1770 549 exemplante
1784 495 1936 535 secund
1945 507 2017 535 um
2034 495 2270 545 veritatem,

1260 570 1327 610 sed
1350 581 1423 622 per
1442 567 1782 617 similitudinem3
1804 578 1915 619 quae,
1936 566 2127 619 inquam,
2150 566 2272 605 simi-

1259 641 1410 690 litudo,
1441 651 1539 680 cum
1564 639 1615 679 sit
1639 639 1744 679 ratio
1767 637 2047 690 cognoscendi
2067 639 2105 677 et
2125 649 2279 677 exem-

1259 712 1415 765 plandi,
1437 712 1590 752 dicitur
1612 711 1841 763 exemplar.
1866 709 2054 750 Procedit
2074 721 2177 761 ergo
2208 708 2277 748 Fi-

1260 783 1341 824 lius
1355 783 1587 824 seeundum
1601 783 1807 822 rationem
1818 781 2147 834 exemplaritatis
2161 795 2170 830 3
2188 792 2275 820 non

1260 855 1367 896 sicut
1379 854 1666 907 exemplatum
1679 866 1752 906 per
1765 853 1993 906 exemplar,
2011 852 2082 892 sed
2095 851 2203 891 sicut
2217 851 2258 903 ip
2267 873 2281 879 -

1260 939 1356 967 sum
1370 926 1599 979 exemplar,
1614 925 1681 966 vel
1695 925 1799 965 ratio
1820 923 2089 977 exemplandi
2105 925 2271 963 caetera.

1313 999 1364 1040 Et
1377 999 1412 1039 si
1425 1002 1471 1039 tu
1488 999 1553 1051 obj
1561 998 1674 1049 iciaS,
1691 997 1802 1051 quod
1819 997 2034 1050 exemplar
2050 1007 2279 1037 commune

1261 1073 1321 1112 est
1340 1071 1414 1111 toti
1435 1069 1656 1120 Trinitati3
1679 1068 1900 1121 respondet
1918 1067 1969 1108 ad
1989 1067 2069 1108 hoc
2087 1066 2280 1107 Altissio-

1261 1141 1472 1184 dorensis¹
1490 1141 1540 1182 de
1557 1140 1716 1182 mundo
1729 1140 1970 1193 archetypo,
1987 1139 2076 1179 sive
2093 1138 2142 1179 de
2160 1137 2276 1188 ideis,

1262 1214 1375 1267 quod
1401 1213 1515 1264 idea,
1550 1214 1638 1254 sive
1670 1211 1855 1253 mundus
1888 1210 2162 1263 archetypus,
2190 1221 2279 1249 non

1260 1287 1426 1325 tantum
1452 1284 1770 1338 appropriatum
1793 1286 1854 1324 est
1873 1283 1951 1336 ipsi
1976 1281 2080 1323 Filio
2097 1314 2107 1333 ,
2129 1291 2280 1323 verum

1263 1358 1388 1398 etiam
1409 1357 1643 1411 proprium.
1662 1356 1737 1397 Vel
1758 1356 1877 1397 aliter
1893 1357 2027 1409 potest
2045 1353 2142 1404 dici,
2167 1352 2281 1406 quia,

1263 1430 1496 1471 secundum
1515 1430 1624 1483 quod
1645 1429 1859 1482 exemplar
1875 1428 1972 1469 dicit
1989 1427 2197 1467 rationem
2219 1436 2287 1465 co-

1263 1502 1509 1553 gnoscendi,
1531 1502 1589 1541 sic
1609 1513 1834 1542 commune
1845 1496 2197 1540 esttotiTrinitati
2212 1529 2223 1546 ,
2246 1499 2287 1536 et

1263 1573 1556 1626 appropriatur
1564 1572 1593 1612 F
1598 1573 1682 1621 ilio,
1694 1573 1800 1612 sicut
1812 1569 2028 1624 sapientia;
2047 1568 2280 1609 secundum

1263 1656 1364 1685 vero
1375 1644 1487 1696 quod
1497 1643 1608 1684 ultra
1618 1644 1698 1684 hoc
1708 1643 1809 1683 dicit
1820 1641 2026 1682 rationem
2037 1652 2162 1681 eman
2169 1638 2281 1690 andi,

1264 1715 1323 1756 sic
1341 1718 1402 1756 est
1426 1714 1650 1768 proprium
1669 1714 1784 1765 Filii,
1806 1716 1846 1754 et
1864 1713 1922 1754 510
1942 1713 2196 1766 importatur
2212 1722 2287 1764 per

1264 1787 1344 1829 hoc
1362 1786 1739 1838 nomemverbum,
1758 1788 1806 1826 ut
1824 1784 1977 1826 melius
1991 1783 2149 1838 patebit
2161 1782 2270 1822 infra
2283 1801 2292 1811 ·

161 1363 417 1419 principium
437 1363 499 1404 rei
518 1362 821 1416 producendae,
844 1361 877 1402 si
896 1361 1022 1401 habet
1044 1360 1187 1412 cogni-

162 1436 343 1487 tionem,
370 1423 564 1489 producit
591 1446 666 1487 per
692 1433 933 1487 exemplar-3
961 1433 1187 1474 dicendum

162 1510 244 1559 est,
263 1507 377 1560 quod
393 1506 498 1547 illud
523 1505 677 1546 falsum
701 1508 780 1556 est,
804 1505 886 1545 nisi
906 1504 1012 1545 ratio
1036 1504 1189 1556 cogni-

162 1579 286 1620 tionis
305 1578 514 1632 praecedat
540 1577 612 1628 ita,
635 1578 746 1630 quod
766 1577 918 1617 habeat
945 1576 1188 1628 praecogni-

161 1650 344 1701 tionem,
375 1650 526 1690 saltem
555 1649 788 1690 secundum
818 1648 1027 1688 rationem
1051 1659 1188 1688 causae

162 1723 214 1763 ad
234 1722 431 1764 effectum
454 1737 463 1763 z
486 1734 582 1776 quae
607 1721 813 1763 ordinatio
838 1721 970 1773 exigit
990 1720 1190 1761 essentia-

161 1793 246 1835 lem
262 1794 563 1844 diversitatem,
580 1793 669 1835 sive
686 1792 1021 1834 substantialem.
1038 1792 1189 1833 Exem-

898 1967 1387 2030 DISTINCTIO
1441 1967 1568 2029 VII

634 2124 684 2152 DE
715 2122 1023 2152 COMt’ARATIONE
1055 2121 1262 2151 POTENTIAE
1292 2120 1519 2149 GENERANDI
1552 2120 1604 2147 Al)
1636 2117 1868 2147 PERSONAM.

224 2230 305 2275 Hic
323 2231 430 2275 solet
449 2230 585 2290 quaeri
606 2246 630 2274 a
649 2230 930 2290 quibusdam,
956 2235 1107 2274 utrum
1135 2230 1263 2274 Pater
1283 2228 1489 2289 potuerit,
1510 2228 1579 2272 vel
1601 2225 1788 2271 volucrit
1807 2238 2014 2283 generare
2033 2223 2216 2267 Filium.
2240 2222 2289 2266 Si
2318 2233 2455 2268 Ilioquae·

167 2308 311 2365 enim,
338 2309 563 2368 inquiunt,
587 2308 728 2368 potuit
747 2308 816 2353 vel
844 2309 983 2352 voluit
1001 2323 1212 2366 generare
1228 2308 1410 2363 Filium,
1433 2321 1535 2364 ergo
1555 2305 1699 2365 potuit
1719 2303 1901 2363 aliquid,
1927 2310 1968 2346 et
1988 2301 2148 2355 voluit,
2173 2301 2290 2361 quod
2315 2278 2457 2363 ῃῗῖζιέζῃ

167 2401 246 2430 1100
276 2386 446 2442 voluit,
468 2401 546 2430 nec
570 2386 710 2445 potuit
728 2386 868 2430 Filius
892 2402 901 2429 ε
924 2401 1026 2429 nam
1045 2386 1184 2429 Filius
1207 2400 1285 2429 nec
1308 2385 1475 2444 potuit,
1499 2398 1577 2427 nec
1601 2381 1742 2426 voluit
1766 2395 1972 2439 generare
2001 2379 2182 2423 Filium.
2213 2378 2296 2422 Cui
2317 2361 2456 2440 pvifi'exiii’

167 2464 369 2508 versutiae
387 2463 510 2508 facile
529 2464 856 2522 respondemus,
879 2463 1066 2507 dicentes
1090 2480 1098 2507 :
1120 2464 1250 2507 Posse
1270 2463 1339 2506 vel
1359 2463 1470 2506 velle
1487 2475 1694 2520 generare
1712 2459 1898 2515 Filium,
1921 2473 2010 2501 non
2042 2462 2104 2501 est
2126 2455 2292 2515 aliquid
2330 2436 2448 2513 ῧὲξῇἒῖθ

169 2556 290 2600 posse
308 2541 378 2585 vel
397 2541 509 2585 velle
529 2541 771 2600 subjectum
793 2541 1008 2599 potentia),
1031 2541 1100 2584 vel
1120 2541 1352 2585 voluntati.
1387 2540 1463 2584 Est
1490 2545 1633 2582 tamen
1661 2537 1809 2597 aliqua
1829 2535 2021 2595 potentia
2045 2534 2114 2578 vel
2136 2533 2294 2577 volun·
2330 2520 2444 2547 ΝΜ·

169 2623 256 2674 tas,
278 2618 438 2662 scilicet
456 2633 577 2678 posse
595 2654 605 2674 ,
628 2618 698 2663 vel
718 2618 829 2661 velle
850 2618 1026 2675 gignere
1045 2619 1210 2662 Filium
1231 2635 1240 2662 ε
1264 2624 1305 2662 et
1329 2618 1425 2661 ideo
1439 2615 1748 2673 distinguenda
1762 2618 1824 2657 est
1836 2611 2126 2670 intelligentia
2138 2625 2295 2670 propo-

170 2695 240 2739 siti
254 2696 392 2752 verhi,
405 2711 527 2754 posse
545 2696 615 2740 vel
635 2696 747 2740 velle
766 2695 943 2754 gignere
957 2696 1137 2752 Filium,
1154 2702 1195 2740 et
1213 2711 1334 2755 posse
1353 2695 1421 2739 vel
1436 2694 1547 2739 velle
1568 2692 1751 2752 aliquid.
1775 2691 1926 2750 Neque
1942 2690 2058 2734 enim
2072 2688 2294 2746 generatio

170 2772 272 2816 Filii
290 2773 458 2833 aliquid
478 2789 629 2818 eorum
650 2778 728 2825 est,
753 2788 850 2833 quae
881 2773 1072 2833 subjecta
1091 2779 1192 2818 sunt
1210 2774 1369 2818 divinae
1391 2771 1591 2832 potentiae
1611 2775 1652 2814 et
1671 2768 1888 2812 voluntati
1912 2784 1920 2810 :
1944 2782 2022 2810 nec
2047 2771 2109 2810 est
2131 2765 2296 2824 aliquid

172 2849 285 2894 inter
303 2851 466 2907 omnia,
485 2851 557 2896 vel
575 2852 628 2895 de
648 2851 877 2909 omnibus3
902 2851 974 2895 sed
996 2867 1125 2911 super
1145 2851 1308 2905 omnia,
1331 2855 1372 2894 et
1391 2854 1489 2894 ante
1509 2847 1670 2892 omnia.
1693 2845 1792 2889 Non
1811 2845 1928 2889 enim
1947 2849 2044 2888 ante
2068 2842 2209 2887 voluit
2231 2842 2299 2885 vel

172 2927 341 2985 potuit,
363 2943 497 2989 quam
519 2928 697 2986 genuit:
722 2929 832 2974 sicut
861 2945 939 2974 nec
969 2936 1068 2974 ante
1100 2929 1213 2985 fuit,
1237 2943 1370 2988 quam
1402 2926 1555 2985 genuit
1579 2942 1587 2969 :
1618 2924 1722 2984 quia
1750 2923 1804 2967 ab
1832 2927 1993 2966 aeterno
2029 2920 2141 2976 fuit,
2172 2924 2214 2963 et
2246 2919 2300 2962 ab

175 3010 334 3051 aeterno
359 3006 526 3064 genuit.
549 3006 614 3050 Ex
641 3006 775 3051 simili
806 3025 981 3069 quoque
1009 3008 1090 3052 hoc
1121 3007 1270 3052 videre
1296 3019 1542 3066 possumus.
1571 3002 1741 3046 «Pater
1761 2999 1877 3044 enim
1898 3003 2142 3058 potestesse
2161 3002 2298 3058 pater,

177 3088 218 3126 et
248 3083 345 3128 vult
372 3100 461 3129 0550
488 3090 610 3144 pater
631 3101 640 3129 ε
670 3085 810 3129 Filius
829 3091 974 3130 autem
995 3101 1083 3130 non
1103 3089 1257 3145 potest,
1280 3100 1358 3128 nec
1376 3084 1472 3127 vult
1497 3097 1586 3126 esse
1607 3086 1726 3140 pater
1751 3097 1760 3123 :
1783 3094 1884 3137 ergo
1904 3078 2032 3121 Pater
2051 3081 2211 3136 potest,
2231 3076 2301 3120 vel

178 3159 274 3203 vult
291 3175 380 3205 esse
399 3161 586 3221 aliquid,
609 3163 727 3222 quod
746 3178 835 3207 non
855 3169 1014 3223 potest,
1044 3163 1114 3207 vel
1140 3162 1238 3207 vult
1264 3176 1353 3205 esse
1373 3160 1513 3204 Filius
1535 3176 1544 3203 z
1570 3176 1592 3201 ))
1614 3158 1712 3202 Non
1742 3156 1960 3216 sequitur3
1985 3153 2089 3214 quia
2113 3168 2202 3198 esse
2227 3169 2302 3213 pa-

180 3241 289 3280 trem
305 3252 393 3281 non
410 3243 472 3282 est
491 3254 579 3283 esse
598 3239 782 3299 aliquid,
806 3240 878 3284 sed
898 3248 960 3284 est
974 3255 1063 3285 esse
1084 3240 1136 3284 ad
1156 3238 1342 3300 aliquid,
1364 3244 1413 3282 ut
1433 3238 1479 3281 in
1498 3236 1696 3296 sequenti
1714 3241 1727 3262 ‘2
1751 3233 2016 3278 ostendetur.

241 3313 325 3358 Sed
356 3315 634 3361 vehementer
664 3332 743 3360 nos
766 3323 910 3362 movet
930 3318 1046 3377 quod
1066 3316 1339 3375 Augustinus
1373 3315 1433 3358 ait
1452 3315 1498 3357 in
1518 3313 1641 3357 libris
1661 3313 1673 3334 ³
1697 3313 1862 3356 Contra
1894 3310 2201 3363 Maoeimimmz,
2225 3309 2302 3368 (1111
2358 3317 2437 3344 Ponit

2331 3358 2460 3391 quaedam

184 3390 394 3435 asserebat
412 3393 584 3437 Patrem
603 3393 890 3453 potentiorem
911 3409 999 3438 esse
1018 3394 1146 3450 Filio,
1168 3408 1216 3437 eo
1237 3391 1354 3452 quod
1368 3390 1532 3434 Filium
1552 3388 1704 3446 genuit
1723 3389 1864 3432 Deum
1884 3388 2147 3443 Creatorem,
2164 3386 2303 3430 Filius
2336 3399 2434 3467 gerba

2365 3449 2450 3477 ugus·

185 3472 329 3511 autem
347 3483 460 3525 non3
484 3470 738 3531 dicebatque
757 3472 931 3515 Patrem
950 3472 1137 3530 potuisse
1169 3471 1346 3529 gignere
1364 3503 1374 3524 ,
1408 3483 1496 3511 non
1516 3466 1704 3523 Filium;
1733 3471 1774 3509 et
1793 3465 1889 3509 ideo
1909 3464 2192 3524 potentiorem
2213 3477 2302 3509 esse
2323 3483 2390 3509 tini:
2414 3492 2462 3511 u„-

229 3620 354 3673 fcum.
379 3620 547 3662 Altisiod„
574 3633 606 3664 q.
627 3632 653 3656 11
672 3625 786 3657 addita
803 3625 838 3657 in
859 3624 918 3657 fin.
934 3623 993 3656 lib.
1016 3626 1026 3656 1
1047 3625 1138 3658 sent.
1154 3643 1195 3649 -
1216 3624 1451 3656 ²oist.xxv111
1471 3620 1571 3662 hujus
1583 3619 1685 3662 primi
1706 3619 1800 3651 libri·
1817 3637 1858 3643 -
1877 3620 2059 3661 Musust„
2082 3617 2176 3650 00721·
2191 3617 2301 3650 Maxi-

188 3677 287 3709 mm„
305 3668 364 3699 lib.
384 3669 410 3700 11
431 3668 485 3710 (al.
504 3669 580 3711 Ill),
595 3679 701 3713 c.x11,
718 3681 752 3704 n.
769 3674 798 3705 3.
