2613 3990
78 1816 187 1844 Funda-

47 1861 151 1886 menta.

966 349 1091 390 DIST.
1123 349 1209 389 VII.
1241 346 1440 398 QUAEST.
1472 344 1535 386 IV.

198 444 406 496 quantum
434 445 485 485 ad
511 444 739 498 principale
766 442 1077 496 significatum3
1102 442 1216 483 aliud

199 518 340 555 tamen
360 517 421 556 est
448 517 641 569 generari
663 518 703 557 et
731 515 885 565 creari,
918 515 1025 555 sicut
1049 514 1217 555 Creator

199 590 241 628 et
257 591 447 630 creatura
469 604 477 630 :
500 602 617 641 ergo,
637 600 732 629 cum
750 599 836 628 non
852 587 1003 628 habeat
1018 599 1104 627 esse
1121 586 1215 627 uni-

200 671 354 700 vocum
374 662 564 701 creatura
582 663 622 701 et
642 659 821 709 Creator,
844 670 967 710 ergo,
988 661 1066 698 etc.

253 734 292 771 ⁶2.
312 731 429 782 Item,
449 731 601 771 creatio
621 730 718 770 dicit
735 741 953 782 egressum
968 732 1008 769 et
1025 728 1219 769 mutatio-

201 814 322 854 nem3
345 802 559 856 generatio
577 813 678 842 vero
695 813 864 842 omnem
881 800 1065 841 excludit
1085 802 1220 840 muta—

201 874 358 916 tionem
374 888 383 915 :
399 885 515 926 ergo,
535 885 633 913 cum
649 884 768 925 posse
784 871 915 913 creari
934 872 1134 925 importet
1152 883 1222 925 po-

202 945 376 987 tentiam
399 944 705 985 transmutandi
724 975 734 992 ,
758 956 878 997 posse
898 943 1093 996 generari
1113 955 1218 990 000;

202 1029 302 1058 0001
328 1014 523 1070 potentiae
549 1015 741 1056 differant
770 1015 814 1055 in
839 1027 916 1055 sua
945 1014 1223 1067 generalitate

202 1089 246 1128 in
265 1087 448 1141 potentia
465 1085 790 1136 transmutandi,
807 1088 846 1127 et
863 1086 910 1126 in
925 1085 1005 1126 hac
1022 1098 1109 1126 non
1128 1098 1223 1128 000-

202 1159 400 1209 veniunt,
421 1170 524 1211 ergo
544 1157 590 1198 in
609 1158 743 1198 nulla.

256 1234 293 1271 3.
330 1230 455 1282 Item,
492 1241 610 1272 omne
640 1229 852 1270 distribuit
880 1229 1110 1270 terminum
1146 1242 1224 1283 pro

203 1302 400 1345 omnibus
417 1313 514 1355 quae
533 1301 830 1350 univocantur,
853 1301 921 1342 vel
943 1301 1226 1354 analogantur

201 1375 246 1414 10
265 1374 335 1414 1110
357 1377 368 1398 1
394 1387 404 1415 :
427 1373 521 1422 sed,
546 1385 643 1414 cum
668 1373 782 1424 (1100,
810 1373 1106 1427 Omnipotens,
1134 1386 1223 1415 000

202 1446 250 1486 fit
271 1445 508 1486 distributio
528 1457 604 1498 pro
622 1444 692 1485 illo
718 1444 829 1497 quod
849 1447 983 1498 potest
1002 1445 1222 1497 generari,

203 1516 301 1570 quia
313 1520 416 1558 tunc
428 1516 560 1557 Filius
575 1528 663 1557 non
679 1518 785 1557 esset
804 1517 1069 1569 omnipotens
1091 1531 1099 1557 :
1119 1529 1225 1569 ergo

203 1588 475 1629 manifestum
489 1590 550 1628 est
565 1588 677 1641 quod
690 1590 920 1640 utrumque
935 1600 1054 1640 posse
1070 1600 1147 1628 000
1165 1590 1227 1628 est.

203 1660 455 1711 univocum,
477 1672 554 1700 nec
584 1659 837 1711 analogum3
872 1659 1060 1712 alioquin
1086 1659 1224 1699 001111-

204 1731 391 1785 potentia
409 1743 496 1772 000
517 1730 713 1772 convenit
734 1730 854 1770 Filio.

259 1802 339 1844 Sed
358 1805 502 1843 contra
524 1815 533 1843 :
557 1801 635 1842 Res
654 1804 715 1842 est
740 1813 965 1842 0001111000
986 1801 1037 1842 ad
1054 1802 1226 1843 fruibile

206 1876 247 1916 et
265 1873 409 1915 utibile
432 1888 440 1915 ;
462 1885 588 1926 0130,
613 1885 712 1914 0001
738 1873 914 1926 aequalis
941 1873 1127 1914 ambitus
1155 1874 1226 1914 vel

206 1945 378 2000 majoris
403 1945 456 1986 sit
478 1944 696 1998 possibile,
722 1957 852 1998 quam
878 1956 963 1996 res,
990 1947 1029 1986 et
1056 1957 1143 1986 non
1176 1945 1227 1986 sit

206 2018 341 2071 major
368 2016 601 2058 differentia
622 2018 730 2057 inter
754 2019 1006 2069 generatum
1035 2019 1075 2057 et
1104 2029 1226 2057 crea-

203 2091 366 2140 turam,
387 2100 516 2142 quam
535 2088 645 2128 inter
666 2087 835 2128 fruibile
869 2090 909 2128 et
935 2088 1104 2139 utibile3
1130 2088 1225 2142 pari

202 2160 361 2202 ratione
388 2159 602 2213 possibile,
629 2159 717 2201 sive
746 2171 886 2213 posse,
913 2162 974 2201 est
996 2172 1225 2202 commune

202 2233 254 2274 ad
273 2234 520 2285 utrumque.

255 2304 384 2354 Item,
415 2304 461 2345 in
489 2304 657 2345 aeternis
684 2316 771 2345 non
798 2306 932 2357 potest
958 2316 1046 2345 esse
1071 2305 1225 2346 multi-

202 2376 387 2430 plicitas,
418 2388 497 2417 000
528 2376 746 2417 diversitas
777 2390 786 2416 t
817 2388 920 2428 ergo
938 2407 947 2424 ‚
977 2388 1075 2417 cum
1103 2389 1226 2430 posse

203 2447 356 2497 creari,
387 2449 428 2488 et
456 2459 576 2500 posse
603 2447 821 2499 generari,
849 2447 900 2488 ab
932 2450 1092 2489 aeterno
1125 2451 1226 2489 ante

204 2518 484 2560 conditionem
503 2521 705 2559 creaturae
721 2518 900 2569 fuerint3
923 2531 1026 2571 ergo
1047 2531 1134 2560 000
1153 2520 1225 2561 ha-

204 2591 303 2631 bent
321 2590 716 2643 multiplicationem
733 2590 778 2630 in
796 2590 885 2644 ipsa
905 2591 1106 2643 potentia.

257 2662 376 2714 Item,
395 2674 493 2704 cum
506 2662 598 2704 dico
615 2677 624 2703 z
644 2677 662 2701 ε(
680 2662 877 2704 Creatura
891 2665 1025 2715 potest
1038 2663 1186 2714 creari,
1202 2677 1220 2701 1)

204 2734 310 2775 nihil
322 2734 413 2775 dico
430 2734 481 2788 (a)
498 2736 706 2784 creatum3
725 2734 942 2786 quiaillud
958 2747 1055 2775 vere
1069 2735 1227 2775 dicitur

204 2806 254 2848 de
270 2818 319 2847 eo
336 2792 450 2859 quod
463 2805 636 2847 omnino
658 2805 766 2846 nibil
786 2808 867 2857 051,
887 2806 996 2847 51001
1017 2807 1067 2847 de
1085 2807 1230 2847 anima

205 2877 453 2919 Antichristi
488 2892 497 2919 ε
541 2889 644 2929 0130
687 2877 824 2918 solum
864 2877 957 2918 dico
994 2878 1229 2931 potentiam

206 2949 370 3002 agentis
404 2962 414 2990 τ
447 2949 519 2990 sed
548 2948 735 3002 potentia
767 2948 838 2990 Dei
863 2952 925 2990 est
959 2950 1106 3001 unica,
1143 2962 1231 2991 non

206 3023 364 3065 habens
382 3024 569 3077 aliquam
593 3022 949 3076 multiplicitatem
972 3037 981 3066 :
1010 3036 1113 3076 ergo
1138 3024 1231 3077 ejus

207 3107 327 3149 posse
344 3095 576 3137 univocum
590 3096 650 3136 est
668 3094 720 3136 ad
736 3106 857 3148 posse
886 3095 1033 3147 creari,
1056 3099 1096 3136 et
1110 3107 1230 3149 posse

210 3170 418 3222 generari.

568 3235 866 3279 CONCLUSIO.

213 3326 312 3361 Posse
335 3327 498 3371 generari
512 3353 520 3369 ,
545 3329 578 3362 ct
600 3335 700 3373 posse
722 3326 856 3366 creari,
884 3324 1002 3370 quoad
1023 3325 1232 3371 principale

258 3387 510 3432 significatum,
532 3388 680 3422 univoce
698 3386 888 3428 dicuntum
910 3396 977 3431 quo
990 3396 1071 3422 vero
1092 3385 1139 3421 ad
1153 3396 1232 3421 con-

261 3447 434 3488 notatum,
454 3447 652 3492 analogice.

266 3527 388 3580 Resp.
408 3528 461 3568 ad
481 3529 585 3581 Arg.
613 3528 843 3570 Dicendum
864 3528 975 3581 quod
990 3561 1000 3579 ,
1021 3541 1119 3569 cum
1139 3528 1232 3569 dico

212 3611 333 3652 posse
360 3600 498 3640 creari
525 3601 567 3640 et
590 3610 710 3653 posse
738 3590 956 3653 generari,
990 3599 1080 3640 dico
1109 3599 1232 3652 prin-

214 3670 346 3724 cipale
385 3669 671 3722 significatum
688 3702 698 3722 ,
732 3674 773 3713 et
814 3671 907 3712 dico
943 3673 1230 3713 connotatum.

2239 351 2310 389 137

1291 441 1506 491 Quantum
1533 438 1585 480 ad
1612 439 1842 492 principale
1871 439 2179 491 significatum,
2214 440 2305 482 dico

1291 512 1403 566 quod
1422 523 1541 565 posse
1567 511 1697 551 creari
1716 511 1827 551 idem
1852 511 1951 552 dicit
1968 523 2013 551 re
2026 544 2035 559 ,
2057 511 2169 564 quod
2188 523 2306 563 posse

1292 596 1454 634 creare,
1481 583 1676 623 differens
1698 582 1835 622 solum
1865 582 1909 621 in
1934 582 2058 623 modo
2086 582 2307 634 loquendi,

1292 656 1361 696 vel
1380 654 1566 704 dicendi3
1596 654 1696 706 quia
1717 653 1829 706 quod
1856 653 2008 694 dicitur
2033 665 2106 706 per
2132 653 2308 695 modum

1294 728 1466 770 actionis
1489 739 1564 780 per
1591 739 1708 780 posse
1732 739 1892 776 creare,
1915 727 2066 768 dicitur
2094 739 2170 779 per
2188 739 2312 780 posse

1295 800 1426 841 creari
1446 811 1520 853 per
1538 799 1713 840 modum
1739 799 1957 852 passionis.
1981 798 2195 848 Quantum
2215 811 2316 840 vero

1295 872 1346 913 ad
1367 873 1660 922 connotatum,
1692 870 1789 911 dicit
1815 870 2010 911 effectum
2035 870 2080 910 in
2100 872 2308 911 creatura.

1295 942 1512 993 Quomodo
1537 954 1640 994 ergo
1676 945 1975 994 comparantur
2005 953 2125 994 posse
2159 942 2311 990 creari,

1296 1014 1336 1052 et
1356 1023 1476 1064 posse
1500 1009 1721 1063 generari?
1753 1009 1796 1050 Si
1825 1012 2121 1062 comparentur
2148 1010 2311 1050 ratione

1296 1082 1536 1136 principalis
1553 1081 1794 1134 significati,
1813 1081 1903 1122 dico
1917 1081 2028 1134 quod
2045 1093 2131 1122 non
2147 1083 2314 1122 tantum

1298 1157 1357 1195 051
1385 1154 1619 1195 univocum
1636 1186 1645 1203 ,
1674 1153 1761 1194 imo
1795 1155 1835 1194 et
1859 1153 2059 1203 unicum,
2089 1155 2138 1192 ut
2174 1153 2315 1193 visum

1298 1228 1359 1267 est
1377 1229 1412 1276 ²3
1441 1226 1559 1266 aliter
1591 1228 1753 1276 tamen,
1780 1226 1821 1265 et
1841 1224 1960 1265 aliter
1987 1223 2247 1265 intellectum
2272 1227 2314 1265 et

1298 1298 1587 1349 enuntiatum,
1620 1297 1725 1337 sicut
1751 1308 1871 1350 posse
1904 1307 2109 1349 generare
2138 1298 2178 1337 et
2197 1308 2316 1349 posse

1299 1382 1453 1410 creare.
1479 1368 1523 1410 Si
1554 1370 1696 1409 autem
1719 1368 1882 1409 ratione
1908 1367 2120 1409 connotati
2142 1380 2315 1422 compa-

1299 1444 1469 1490 rentur,
1504 1441 1561 1481 sic
1599 1440 1777 1481 concedo
1810 1439 1922 1493 quod
1962 1442 2023 1480 051
2059 1439 2319 1492 analogum,

1299 1513 1405 1553 sicut
1423 1513 1503 1553 hoc
1520 1524 1692 1563 nomen,
1711 1523 1789 1563 res,
1811 1512 1863 1552 ad
1878 1511 2061 1552 fruibilia
2079 1513 2119 1552 et
2135 1511 2317 1552 utibilia.

1300 1582 1501 1633 Quamvis
1521 1584 1634 1624 enim
1656 1583 1822 1625 Creator
1851 1585 1890 1624 et
1910 1586 2101 1624 creatura
2127 1595 2215 1624 000
2236 1583 2324 1623 110-

1299 1655 1424 1696 beant
1457 1668 1682 1696 commune
1709 1655 1958 1705 univocum,
1990 1655 2148 1695 habent
2178 1657 2321 1696 tamen

1299 1727 1545 1780 analogum.
1580 1726 1821 1768 Notandum
1849 1728 1992 1767 autem
2023 1726 2135 1780 quod
2160 1726 2317 1779 duplex

1299 1801 1360 1839 051
1381 1798 1590 1851 analogia.
1613 1798 1684 1838 Est
1708 1798 1905 1851 quaedam
1932 1810 2005 1852 per
2028 1798 2320 1839 reductionem

1299 1871 1352 1911 ad
1371 1870 1576 1911 unitatem
1589 1872 1754 1911 naturae
1774 1870 2008 1911 secundum
2028 1870 2145 1923 prius
2165 1872 2206 1910 et
2226 1882 2323 1923 pos-

1299 1942 1449 1994 terius,
1472 1945 1511 1983 et
1528 1943 1619 1983 haec
1638 1944 1772 1995 potest
1797 1955 1884 1983 0550
1904 1942 2185 1996 comparando
2206 1954 2319 1984 crea-

1298 2017 1439 2055 turam
1459 2015 1511 2055 ad
1531 2017 1768 2055 creaturam
1795 2029 1802 2055 :
1826 2016 1866 2055 et
1885 2015 1929 2054 10
1950 2014 2028 2055 1100
2046 2014 2221 2067 5130001
2241 2014 2322 2056 (115-

1298 2086 1446 2127 tribuit
1463 2099 1538 2140 pro
1559 2087 1757 2128 omnibus
1778 2086 1996 2138 contentis,
2017 2086 2099 2126 nisi
2119 2086 2171 2127 sit
2188 2086 2325 2127 distri-

1299 2158 1417 2199 butio
1436 2158 1624 2199 restricta
1643 2170 1696 2198 ex
1715 2157 1946 2209 additione,
1968 2157 2037 2199 vel
2059 2170 2113 2198 ex
2132 2170 2214 2199 usu
2235 2158 2324 2200 sive

1299 2230 1423 2271 modo
1442 2230 1664 2284 loquendi;
1690 2230 1797 2271 sicut
1815 2229 2054 2271 distributio
2073 2230 2226 2271 dicitur
2247 2243 2317 2272 ac-

1301 2303 1586 2355 commodata,
1620 2305 1668 2344 ut
1698 2303 1731 2343 si
1756 2303 1918 2345 dicatur
1941 2318 1950 2344 ι
1983 2319 2002 2342 «
2025 2303 2186 2345 Coelum
2215 2304 2321 2356 tegit

1300 2375 1457 2416 omnia.
1480 2390 1498 2413 »
1523 2375 1616 2416 Alia
1634 2378 1695 2416 est
1714 2375 1909 2428 analogia
1935 2387 2011 2429 per
2031 2375 2321 2417 reductionem

1300 2447 1351 2488 ad
1371 2448 1579 2488 unitatem
1598 2447 1884 2488 similitudinis
1907 2447 2188 2500 proportionis
2201 2480 2210 2497 ‚
2233 2460 2319 2489 000

1300 2521 1487 2570 naturae;
1508 2522 1549 2560 01
1567 2519 1679 2572 quod
1698 2519 1756 2559 510
1775 2519 2042 2571 0001030101,
2063 2531 2151 2560 000
2171 2522 2232 2561 051
2252 2519 2324 2560 10-

1299 2593 1367 2630 ter.
1393 2590 1488 2631 alia.
1527 2590 1643 2631 Unde
1675 2590 1912 2632 distributio
1940 2591 2108 2644 proprie
2137 2603 2214 2643 pro
2246 2591 2318 2632 illo

1300 2674 1386 2702 000
1414 2662 1645 2714 distribuit,
1674 2663 1755 2703 nisi
1781 2663 1832 2703 sit
1857 2664 2043 2704 extensa.
2074 2662 2190 2704 Unde
2212 2662 2321 2703 Deus

1301 2745 1388 2774 non
1416 2736 1477 2774 est
1501 2746 1575 2775 ens
1598 2734 1709 2775 inter
1733 2734 1889 2775 omnia.
1918 2734 1968 2775 Et
1995 2734 2096 2775 11100
2122 2737 2183 2774 051
2209 2734 2321 2787 quod

1306 2806 1578 2859 Omnipotens
1603 2818 1690 2847 0011
1709 2806 1922 2847 distribuit
1942 2818 2018 2859 pro
2037 2805 2223 2858 potentia
2242 2817 2317 2858 ge-

1302 2878 1477 2918 nerandi
1503 2873 1671 2931 proprie
1697 2880 1864 2931 accepta
1891 2876 2208 2927 distributione,
2241 2876 2325 2917 nisi

1301 2950 1376 2990 fiat
1394 2949 1591 3003 quaedam
1616 2950 1827 3001 extensio,
1847 2952 1888 2990 et
1912 2961 1965 2990 ex
1989 2949 2059 2989 1110
2078 2961 2153 3002 per
2176 2961 2324 2990 00050-

1303 3033 1438 3074 quens
1463 3022 1536 3062 fiat
1565 3023 1760 3075 quaedam
1782 3020 2065 3075 appropriatio
2090 3019 2198 3061 circa
2223 3033 2325 3075 sup-

1302 3093 1502 3146 positum.
1521 3093 1637 3135 Unde
1652 3094 1819 3147 proprie
1836 3093 2107 3145 Omnipotens
2122 3093 2326 3135 convenit

1302 3164 1450 3216 tribus,
1467 3166 1569 3218 quia
1581 3177 1667 3206 non
1683 3164 1893 3206 distribuit
1902 3176 1978 3218 pro
1989 3164 2175 3218 potentia
2195 3177 2308 3217 gene
2318 3187 2333 3195 -

1303 3237 1450 3287 randi;
1473 3236 1739 3290 appropriate
1765 3238 1908 3276 autem
1922 3267 1932 3286 ,
1957 3236 2191 3277 secundum
2212 3236 2328 3290 quod

1304 3309 1351 3348 fit
1370 3309 1584 3362 ampliatio
1604 3320 1657 3349 ex
1671 3309 1788 3360 parte
1805 3307 1934 3360 signi,
1948 3307 2076 3349 solius
2094 3310 2155 3349 est
2177 3307 2328 3349 Patris.

1359 3380 1422 3420 Ex
1453 3380 1518 3420 his
1541 3381 1686 3432 patent
1713 3379 1856 3420 omnia
1884 3380 2063 3432 objecta3
2095 3379 2332 3433 procedunt

1305 3452 1420 3493 enim
1439 3463 1514 3505 per
1533 3451 1721 3492 diversas
1737 3450 1849 3501 vias,
1869 3453 1918 3491 ut
1935 3453 2049 3505 patet
2067 3450 2267 3492 intuenti.

1350 3561 1358 3582 ¹
1375 3561 1490 3601 Arist„
1506 3559 1690 3601 MctaphyS.
1708 3559 1767 3591 lib.
1783 3560 1824 3600 V,
1839 3560 1932 3591 cont.
1946 3560 1981 3590 17
2002 3558 2038 3589 10
2050 3557 2130 3599 fine,
2148 3559 2180 3589 et
2194 3557 2253 3590 lib.
2271 3559 2328 3600 IX,

1307 3611 1398 3640 cont.
1419 3610 1502 3640 2.-
1515 3608 1528 3629 ²
1541 3608 1668 3646 Quaest.
1688 3616 1713 3648 1,
1734 3608 1873 3641 immed.
1894 3606 2042 3648 praeced.

1353 3679 1396 3721 (a)
1423 3679 1515 3713 Edit.
1546 3680 1624 3712 Ven.
1653 3679 1747 3713 dicit.

2384 1739 2488 1767 Analo-

2363 1783 2410 1819 gia
2433 1782 2485 1808 du·-

2382 1824 2460 1860 plex-
