2613 3990
155 578 267 613 immo.

301 276 351 313 76
1073 278 1485 321 SENTENTIARUM
1513 278 1609 322 LlB.
1642 278 1672 321 I.

493 387 811 433 EXPOSITIO
839 389 1126 434 LITTERAE.

587 500 681 530 Nune
703 508 783 530 vero
803 500 844 531 ad
865 509 954 539 eam,
970 503 1035 532 etc.

355 579 452 620 llaec
471 584 532 620 est
560 579 742 620 secunda
760 592 855 633 pars
875 578 1007 632 hujus
1029 580 1322 632 distinctionis,

301 650 345 690 in
369 664 453 703 qna
475 651 671 703 Magister
689 651 837 704 probat
856 650 1102 692 Trinitatem
1124 655 1165 693 et
1185 652 1325 693 Unita-

298 725 380 761 tem
407 734 482 775 per
509 722 828 762 similitudinem
858 723 1145 776 propinquam
1179 727 1219 764 ct
1246 736 1324 764 ex-

298 805 483 845 pressam
502 825 511 841 ,
531 793 767 845 cuj11smodi
788 797 847 834 est
866 794 1025 846 imago.
1052 795 1102 835 Et
1120 795 1325 837 div'iditur

297 864 387 904 haec
410 877 504 917 pars
525 864 566 903 in
587 864 691 904 duas
711 879 719 904 :
745 865 789 904 in
817 865 954 918 prima
982 867 1161 908 ostendit
1181 867 1324 908 Trini-

298 938 423 975 tatem
453 938 491 975 ct
521 934 732 974 l'nitatem
763 936 805 975 in
828 936 1040 987 Creatore,
1063 950 1137 989 per
1164 938 1325 977 trinita-

297 1010 378 1046 tem
412 1010 451 1045 et
487 1007 690 1046 unitatem
717 1008 1026 1048 consideratam
1064 1009 1106 1048 in
1130 1009 1325 1061 potentiis

297 1077 477 1126 animan
503 1077 548 1117 in
575 1078 759 1119 secunda
784 1091 886 1119 vcro
907 1080 949 1118 in
973 1080 1188 1121 habitibus
1203 1113 1212 1131 ,
1234 1080 1291 1120 ibi
1313 1095 1320 1121 :

298 1147 434 1189 Potest
459 1150 584 1190 etiam
615 1148 700 1191 alio
728 1149 869 1200 modo,
891 1154 968 1191 etc.
1002 1150 1143 1191 Prima
1169 1152 1324 1191 iterum

296 1230 392 1270 pars
418 1219 541 1259 habet
575 1224 758 1272 quatuor
790 1221 1037 1273 particulas,
1068 1222 1111 1262 in
1139 1235 1322 1275 quarum

297 1288 435 1341 prima
463 1291 644 1331 ostendit
671 1291 743 1332 ubi
769 1293 1001 1345 quaerenda
1026 1293 1078 1333 sit
1105 1294 1249 1347 imago
1280 1295 1324 1335 in

295 1361 451 1412 anima,
470 1363 673 1415 quoniam
692 1365 732 1403 in
754 1367 871 1417 parte
891 1366 1114 1418 superiori,
1131 1369 1171 1406 et
1187 1366 1325 1407 tribus

294 1432 490 1484 potentiis
507 1465 517 1484 ,
540 1434 695 1475 scilicet
714 1434 937 1487 Memoria,
959 1436 1262 1490 Intelligentia,
1285 1441 1325 1479 et

297 1502 538 1556 v01u11tate3
561 1506 606 1546 in
634 1507 820 1548 secunda
839 1520 940 1548 vero
966 1509 1103 1560 tangit
1122 1509 1325 1561 imaginis

292 1576 575 1628 conditiones,
613 1590 710 1630 qua}
743 1582 842 1619 sunt
872 1579 1060 1628 trinitas,
1092 1580 1252 1630 unitas,
1284 1583 1325 1621 et

291 1649 523 1700 aequalitas,
544 1650 599 1690 ihi
620 1665 627 1690 :
650 1651 747 1692 Hcec
767 1661 860 1703 erqo
881 1652 985 1702 tria,
1005 1655 1051 1693 uc
1070 1653 1133 1694 ait
1151 1653 1320 1705 Augus-

292 1721 410 1761 tinus
422 1736 437 1767 ;
459 1721 502 1760 in
532 1722 653 1761 tertia
672 1734 773 1762 vero
790 1726 933 1762 movet
952 1726 991 1763 et
1011 1723 1134 1763 solvit
1155 1724 1323 1765 dubita-

290 1790 449 1831 tionem
472 1804 567 1844 quae
588 1792 723 1832 oritur
743 1805 797 1832 ex
818 1793 1051 1846 praedictis,
1072 1797 1218 1835 utrum
1241 1796 1323 1835 sci-

289 1862 383 1902 licet
403 1863 549 1904 anima
580 1864 632 1903 sit
659 1876 749 1904 suae
777 1865 997 1917 potentiae,
1024 1865 1081 1906 ibi
1106 1881 1113 1907 :
1147 1867 1228 1908 Hic
1255 1872 1319 1909 czt-

288 1934 544 1977 tendendum
567 1940 627 1978 est
653 1936 905 1989 clamentem
934 1937 978 1977 in
1003 1941 1155 1991 quarta
1175 1942 1321 1980 autem

287 2006 404 2047 docet
426 2020 575 2048 cavere
595 2020 781 2049 errorem
795 2041 804 2059 ,
828 2009 901 2061 qui
930 2013 1070 2062 posset
1092 2011 1257 2051 causari
1279 2014 1320 2051 et

286 2079 387 2119 oriri
417 2092 469 2120 ex
501 2080 737 2121 ostensione
768 2081 969 2122 trinitatis
998 2086 1170 2134 creatae,
1206 2084 1319 2136 quod

285 2151 531 2192 omnimoda
565 2152 796 2193 similitudo
831 2156 936 2193 esset
969 2153 1021 2193 ad
1056 2154 1314 2206 increatam,

286 2223 358 2263 nbi
377 2224 558 2264 ostendit
584 2225 697 2277 quod
726 2225 915 2266 maxima
941 2229 1001 2266 est
1021 2226 1317 2269 dissimilitudo

285 2294 490 2346 imaginis
509 2296 560 2336 ad
577 2295 723 2345 Deum,
740 2297 820 2337 ibi:
843 2297 1137 2340 Verumtamen
1151 2305 1314 2343 caveat.

284 2366 484 2408 Similiter
504 2368 687 2408 secunda
707 2381 804 2421 pars
818 2401 827 2419 ,
857 2369 902 2408 in
923 2382 1007 2422 qua
1027 2369 1229 2422 Magister
1249 2373 1316 2412 in-

284 2439 415 2479 tendit
449 2439 707 2492 investigare
743 2440 980 2493 imaginem
1020 2441 1064 2481 in
1102 2442 1317 2484 habitibus

282 2509 438 2550 animae
465 2510 702 2550 secundnm
730 2512 842 2564 quod
873 2512 1068 2564 possibile
1096 2516 1177 2561 est,
1209 2514 1315 2555 divi-

281 2581 396 2621 ditur
412 2581 454 2621 in
474 2585 658 2635 quatuor
678 2583 904 2635 particulas
921 2598 929 2624 :
954 2584 1092 2637 primo
1109 2584 1223 2625 enim
1244 2585 1314 2625 illa

280 2653 419 2705 tangit
437 2653 480 2692 in
498 2653 654 2706 quibus
671 2654 816 2706 imago
834 2654 1050 2695 Trinitatis
1067 2657 1311 2705 attenditur,

280 2735 376 2775 qnae
402 2728 503 2765 sunt
530 2724 661 2774 Mens,
683 2724 851 2776 Notitia,
874 2729 914 2766 et
933 2727 1085 2777 Amor3
1109 2729 1310 2780 secundo,

280 2795 359 2836 illis
378 2798 607 2849 praetactis,
631 2798 811 2839 ostendit
831 2799 944 2851 qnod
970 2799 1013 2838 in
1041 2799 1107 2839 his
1132 2801 1312 2841 attendi-

279 2870 350 2906 tur
369 2868 512 2921 imago
534 2873 705 2922 propter
727 2870 1223 2921 consubstantialitatem,
1248 2884 1313 2912 or-

278 2938 445 2990 dinem,
481 2944 521 2980 et
555 2941 863 2993 aequalitatem,
900 2941 958 2981 ibi
989 2956 996 2982 :
1036 2942 1133 2984 Hoec
1170 2947 1312 2985 autem

282 3011 383 3059 tria,
406 3013 507 3061 etc.;
530 3013 651 3053 tertio
674 3013 856 3053 ostendit
873 3014 1087 3066 quomodo
1107 3026 1229 3054 mens
1248 3027 1310 3054 ra-

277 3080 444 3121 tionalis
469 3082 514 3122 in
542 3084 896 3136 contemplatione
927 3085 1129 3126 trinitatis
1158 3089 1309 3127 creatae

278 3151 442 3203 proficit
469 3152 519 3191 ad
556 3153 782 3194 videndam
809 3155 860 3207 (a)
888 3159 928 3196 et
968 3158 1309 3208 cognoscendam

276 3222 523 3264 Trinitatem
550 3224 781 3266 increatam
803 3227 847 3267 in
866 3227 1053 3279 Unitate,
1075 3229 1131 3269 ibi
1156 3244 1164 3270 :
1188 3231 1308 3272 Mens

276 3295 422 3347 itaque
447 3294 704 3342 rationali&
731 3301 882 3348 quarto
909 3311 1010 3339 vero
1033 3299 1217 3341 breviter
1242 3313 1310 3341 re-

277 3364 436 3416 colligit
470 3376 566 3417 quae
598 3377 727 3418 supra
757 3371 854 3407 sunt
883 3369 1190 3420 demonstrata,
1220 3372 1307 3412 ibi:

279 3435 540 3489 Quapropter
550 3435 689 3489 Juxta
711 3439 840 3480 istam
859 3441 1260 3486 considerationem.

322 3532 329 3551 ¹
346 3531 435 3562 Psal.
453 3540 562 3573 Lxxu,
584 3534 635 3564 20.
651 3551 690 3556 —
703 3534 717 3555 ²
730 3534 821 3565 Psal.
839 3543 961 3575 XLVIH,
987 3538 1022 3567 13
1043 3539 1075 3568 et
1092 3539 1143 3569 21.

320 3591 365 3631 (a)
379 3591 443 3623 Ed.
464 3592 539 3624 Ven.
554 3593 842 3635 videndum—(b)
858 3595 981 3637 Supple
991 3598 1141 3638 res.-(c)
1162 3600 1244 3639 sup.
1258 3599 1303 3631 id.

1806 409 1894 437 DUB.
1924 406 2015 435 vul.

1647 496 1760 535 lmago
1781 493 1842 525 Dei
1862 495 1975 524 tamen
1994 493 2183 532 permanet.

1459 579 1611 620 Contra
1628 579 1708 619 hoc
1727 578 1922 631 objicitur
1942 576 2188 617 auctoritate
2209 576 2372 619 Psalmi
2391 578 2399 599 ¹
2418 591 2426 618 ε

1402 650 1577 691 Domine
1592 683 1602 700 ‚
1639 652 1690 692 27⁷2
1721 650 1894 692 civitate
1934 648 2165 700 imaqinem
2196 657 2336 689 eorum
2372 647 2430 689 ad

1399 721 1585 763 nihilmn
1607 721 1784 774 redisses.
1816 763 1818 765 ,

1456 792 1576 844 Resp.
1595 791 1741 843 Imago
1756 791 1910 832 dicitur
1923 789 2143 843 dupliciter
2160 801 2170 829 :
2186 801 2272 829 uno
2288 789 2428 839 modo,

1400 866 1609 917 quantum
1630 863 1681 903 ad
1699 862 1969 903 substantiale
1985 873 2088 912 esse,
2110 863 2150 901 et
2165 860 2246 901 hoc
2265 860 2432 913 respicit

1403 938 1631 977 trinitatem
1645 936 1946 990 potentiarum,
1960 938 2000 975 et
2012 934 2222 983 ordinem,
2237 937 2277 974 et
2291 946 2432 987 eaqua-

1401 1012 1574 1061 litatem,
1589 1014 1628 1050 et
1648 1010 1706 1050 sic
1727 1022 1894 1062 semper
1918 1011 2157 1062 permanet;
2183 1008 2266 1048 alio
2287 1009 2428 1059 modo,

1400 1086 1526 1135 prout
1549 1094 1678 1134 supra
1703 1093 1791 1121 esse
1819 1081 1931 1121 addit
1961 1081 2067 1121 benc
2089 1092 2199 1130 esse,
2231 1083 2279 1120 ut
2305 1080 2431 1120 deco-

1401 1166 1508 1203 rem,
1530 1156 1571 1193 et
1590 1153 1798 1193 honorem
1811 1184 1820 1201 ,
1838 1155 1878 1192 et
1894 1151 1973 1192 hoc
1992 1153 2127 1205 potest
2146 1150 2284 1204 perdi,
2305 1151 2405 1203 quia
2418 1152 2431 1172 ⁹

1402 1226 1547 1278 homo,
1569 1238 1662 1269 cum
1687 1228 1736 1268 in
1755 1226 1908 1268 honore
1931 1229 2062 1277 esset,
2085 1236 2172 1268 non
2199 1226 2428 1268 intellexit.

1820 1352 1912 1380 DUB.
1944 1351 2004 1380 IX.

1607 1430 1772 1463 Memoria
1790 1439 1872 1462 vero
1890 1429 2012 1462 dicitur
2029 1430 2071 1462 ad
2088 1430 2223 1471 aliquid.

1455 1515 1686 1568 Objicitur:
1721 1513 1836 1566 Ergo
1869 1513 2094 1562 Memoria,
2126 1514 2428 1567 Intelligentia‚

1400 1589 1440 1626 et
1460 1585 1663 1627 Voluntas
1679 1586 1834 1626 suntin
1853 1585 2182 1638 praedicamento
2199 1587 2428 1628 relationis,

1401 1655 1505 1695 Item
1532 1656 1769 1708 quaeritur:
1803 1666 1934 1707 quare
1963 1666 2082 1694 mens
2115 1655 2269 1695 dicitur
2294 1656 2431 1708 magis

1400 1727 1452 1768 ad
1475 1740 1540 1776 se,
1567 1739 1696 1779 qnam
1718 1726 1945 1775 memoria,
1967 1725 2036 1766 vel
2060 1725 2366 1778 intelligentia?

1454 1798 1577 1851 Resp.
1603 1798 1837 1839 Dicendum
1862 1798 1974 1851 quod
2000 1798 2046 1851 (b)
2084 1798 2237 1838 dicitur
2267 1799 2319 1839 ad
2346 1798 2427 1838 ali-

1399 1870 1501 1922 quid
1522 1869 1766 1922 dupliciter:
1786 1869 1855 1910 vel
1873 1869 2064 1922 proprie,
2085 1872 2125 1909 et
2144 1882 2218 1922 per
2235 1883 2298 1919 se,
2321 1870 2427 1911 sicut

1399 1941 1535 1991 Pater,
1555 1944 1596 1981 et
1613 1940 1763 1991 Filius;
1786 1941 1855 1981 vel
1874 1941 2035 1981 ratione
2052 1941 2233 1994 alicujus
2253 1943 2424 1993 annexi,

1397 2013 1497 2066 qnia
1518 2012 1643 2053 habet
1666 2014 1905 2065 respectum
1928 2024 2166 2064 annexum,
2189 2015 2229 2053 et
2248 2013 2426 2053 inclina-

1396 2084 1556 2125 tionem
1571 2117 1580 2135 ,
1604 2086 1644 2124 et
1671 2084 1730 2124 sic
1755 2083 1961 2124 memoria
1985 2083 2138 2124 dicitur
2161 2084 2213 2124 ad
2240 2084 2423 2137 aliquid,

1395 2156 1497 2208 quia
1528 2157 1726 2196 innatum
1752 2155 1880 2195 hahet
1914 2158 2152 2208 respectum
2184 2156 2235 2195 ad
2263 2168 2425 2199 memo-

1394 2227 1497 2267 riale
1517 2242 1524 2267 :
1550 2227 1744 2268 similiter
1764 2227 2046 2278 intelligentia
2066 2227 2117 2267 ad
2137 2227 2399 2280 intelligibile
2412 2261 2422 2280 ,

1395 2301 1436 2339 et
1451 2299 1647 2340 voluntas
1662 2299 1713 2339 ad
1728 2298 1913 2346 volibile,
1927 2300 1968 2338 et
1978 2298 2071 2339 hacc
2079 2298 2238 2351 objecta
2253 2299 2304 2339 ad
2317 2299 2425 2339 invi-

1394 2383 1483 2411 cem
1510 2370 1668 2411 habent
1686 2373 1941 2423 respectum.
1955 2369 2006 2410 Et
2022 2369 2081 2409 sic
2100 2373 2213 2422 patet
2223 2370 2418 2423 objectio.

1447 2442 1511 2482 Ad
1537 2441 1639 2482 illud
1665 2441 1778 2495 quod
1798 2441 2008 2494 quaeritur
2027 2441 2078 2482 de
2098 2445 2257 2492 mente,
2282 2442 2424 2483 dicen-

1391 2513 1492 2554 dum
1520 2514 1635 2567 quod
1663 2526 1783 2554 mens
1814 2514 1968 2554 dicitur
1987 2514 2039 2554 ab
2064 2517 2162 2555 actu
2186 2515 2421 2556 essentiali:

1389 2589 1611 2638 propterea
1627 2589 1688 2626 est
1702 2585 2028 2637 intelligendum
2043 2586 2155 2638 quod
2174 2586 2237 2639 (c),
2258 2599 2343 2639 quo
2360 2591 2423 2628 est

1391 2660 1527 2710 potest
1554 2657 1734 2710 intelligi
1753 2657 1798 2697 in
1823 2660 2033 2709 quantum
2057 2657 2127 2698 dat
2154 2658 2311 2700 animae
2333 2672 2422 2700 esse

1389 2729 1759 2781 generalissimum
1773 2761 1783 2779 ,
1804 2731 1846 2769 et
1869 2728 1930 2769 sic
1949 2728 2102 2769 dicitnr
2122 2731 2322 2780 essentia;
2353 2732 2420 2772 vel

1388 2801 1433 2841 in
1453 2803 1664 2854 quantum
1686 2800 1756 2840 dat
1773 2812 1862 2840 esse
1889 2800 2086 2852 generale
2099 2833 2108 2849 ,
2131 2804 2172 2841 et
2191 2801 2249 2841 sic
2268 2802 2422 2843 dicitur

1388 2872 1496 2922 vita,
1518 2872 1619 2925 quia
1640 2871 1784 2912 anima
1803 2874 1864 2911 est
1896 2871 1941 2911 in
1969 2884 2126 2924 genere
2155 2873 2418 2925 viventium3

1387 2946 1460 2984 aut
1475 2943 1519 2983 in
1541 2946 1750 2996 quantum
1769 2943 1840 2984 dat
1858 2955 1946 2984 esse
1965 2944 2195 2997 spirituale,
2217 2947 2257 2985 et
2276 2945 2334 2985 sic
2354 2946 2417 2986 di-

1387 3015 1496 3055 citur
1509 3027 1643 3055 mens..
1661 3014 1777 3055 Mens
1793 3015 1908 3055 enim
1922 3027 2010 3055 non
2027 3015 2193 3064 dicitur,
2211 3016 2289 3056 nisi
2305 3018 2417 3069 quod

1390 3087 1495 3127 vivit
1515 3087 1601 3127 vita
1618 3087 1883 3128 intellectiva.
1906 3087 1980 3128 Vel
2008 3088 2152 3128 anima
2171 3088 2215 3129 in
2245 3102 2289 3130 se
2312 3090 2418 3131 dici-

1385 3161 1456 3200 tur
1474 3159 1677 3209 essentia3
1698 3161 1747 3199 ut
1762 3162 1881 3200 actus
1898 3159 2098 3212 eorporis,
2118 3159 2229 3208 vita3
2253 3163 2301 3201 ut
2322 3173 2416 3214 per-

1383 3230 1578 3271 fectibilis
1598 3243 1621 3270 a
1643 3230 1745 3280 Deo,
1771 3242 1906 3271 menS.

1813 3360 1903 3389 DUB.
1934 3359 1978 3388 X.

1578 3437 1616 3468 ln
1635 3436 1690 3469 illa
1709 3446 1791 3470 vero
1813 3446 1946 3469 summa
1963 3437 2137 3479 Trinitate,
2154 3441 2219 3472 etc.

1439 3515 1582 3557 Innuit
1611 3516 1826 3570 Magister,
1856 3518 1970 3572 quod
2000 3520 2085 3560 tres
2114 3532 2306 3573 personae
2325 3532 2412 3562 non

1385 3590 1485 3629 sunt
1506 3589 1635 3630 unius
1654 3589 1741 3631 Dei.
