2570 3986
342 270 426 298 Lxu
802 256 866 296 DE
896 255 1127 297 SCRIPTIS
1160 254 1203 294 S.
1235 249 1642 307 BON.-xVENTURAE
1671 250 1740 290 AT
1782 249 2000 290 {nBUTls

341 347 392 387 ad
413 346 546 398 ipsius
568 346 853 393 latitudinem,
877 344 1210 395 iongitudinem,
1233 339 1366 380 subli-
1440 340 1612 379 ditatem
1641 339 2047 391 imperscrutabilem.
2063 354 2078 380 .·
2097 340 2343 391 infallibilis
2371 353 2464 382 cer-

343 418 610 460 111i12m21u,‹=1
633 417 979 468 pn›tun-litatem,
1000 414 1234 454 secundum
1253 412 1367 450 viam
1440 410 1597 459 titudo,
1636 414 1804 462 propter
1843 423 2083 461 processum
2118 411 2423 462 irrel'ellt'bilem
2453 426 2468 453 .·

343 492 379 528 et
414 488 606 527 ordinem
640 487 851 539 apostotici
885 485 1141 525 documenti.
1175 481 1368 522 Consistit
1442 481 1744 531 ‘e'mwrll'abefle's
1793 481 1989 520 valetudo
2010 513 2018 523 .
2066 487 2237 533 propter
2282 484 2469 523 fructum

342 563 485 598 autem
506 559 635 610 ipsius
655 558 826 597 latitudo
844 560 884 596 iu
904 556 1174 595 multitudiue
1192 564 1368 593 suarum
1443 551 1782 592 ‘e'mcstz'mctbe‘lem
1811 566 1826 592 .·
1854 552 2250 594 incommunicabilis
2284 554 2470 606 pulchri-

342 631 545 682 partium.
580 629 821 681 Longitudo
855 640 979 674 vero,
1015 627 1058 666 in
1094 624 1370 676 ‹h=sc1·iptione
1443 622 1564 670 tudo,
1593 626 1761 674 propter
1788 623 2016 674 puritatem
2043 625 2474 674 z'tnpei'nteoetildlmn.·

342 705 581 753 temporum
603 704 641 740 et
669 703 858 739 aetatum.
882 698 1090 743 Altitudo,
1119 697 1162 735 iu
1185 695 1364 746 descrip-
1444 692 1762 734 incocti-ctabttts
1791 693 2050 745 amplitudo,
2083 697 2254 746 propter
2282 694 2475 735 diffusio—

345 773 456 812 tione
478 771 813 811 hierarchiarum
833 769 1042 821 gradatim
1062 767 1369 807 ordinatarum.
1445 775 1546 804 nem
1565 763 1956 816 vir-rescrtnqz‘bilem,
1980 766 2059 804 eto.
2081 778 2100 801 n

345 842 627 892 profunditas,
641 842 685 881 in
699 840 973 881 multitudine
989 838 1266 892 mysticorum
1281 848 1372 877 sen·
1800 834 1803 837 ’

345 926 492 961 suum,
515 916 592 954 etc..
613 927 632 950 n

399 1056 619 1110 Specimen
638 1056 719 1095 hoc
738 1055 837 1096 satis
857 1058 945 1095 esto
960 1086 969 1103 ,
993 1057 1041 1095 ut
1059 1053 1239 1106 quisque
1258 1053 1424 1092 rectum
1445 1051 1495 1091 de
1515 1053 1698 1103 utroque
1718 1051 1922 1103 opusculo
1938 1049 2153 1102 ‚iudicium
2170 1050 2306 1090 facere
2327 1049 2473 1103 possit.

396 1128 458 1168 Ad
489 1128 670 1167 frontem
695 1127 1003 1179 fipuscuiorum
1031 1125 1282 1177 adjunctum
1313 1122 1468 1176 prodiit
1496 1122 1542 1162 in
1570 1122 1754 1163 editione
1776 1122 2149 1174 Argentoratensi,
2175 1123 2302 1172 1495,
2330 1133 2378 1162 ae
2395 1119 2478 1163 Ve-

345 1203 462 1250 neta,
485 1200 589 1238 1574
609 1201 650 1238 et
668 1200 786 1237 1611.

1277 1274 1546 1301 OBSERVATION.

393 1371 591 1419 Pourquoi
614 1382 661 1406 ne
681 1381 753 1417 pas
774 1370 924 1416 ajouter
945 1379 1022 1417 que
1043 1371 1101 1405 cet
1118 1378 1291 1414 ouvrage
1312 1369 1367 1403 est
1386 1366 1603 1413 egalement
1622 1364 1733 1412 place
1754 1375 1803 1401 en
1823 1364 1897 1400 tete
1918 1363 1965 1400 de
1985 1363 2162 1401 l’edition
2177 1364 2386 1412 entreprise
2404 1374 2477 1412 par

345 1437 487 1474 l'ordre
510 1437 557 1473 de
579 1436 682 1473 Sixte
702 1436 757 1472 V?

554 1594 605 1635 II.
627 1593 971 1635 Illumz'naliones
993 1589 1196 1632 Ecclesia?
1216 1591 1265 1632 in
1283 1590 1577 1631 Hexoemcron.
1601 1588 1686 1630 Inc.
1709 1587 1760 1628 In
1780 1586 1920 1629 medio
1942 1586 2164 1638 Ecclesiae,
2185 1587 2263 1626 ete.

403 1722 561 1762 Auctor
580 1719 692 1760 idem
717 1722 797 1769 est,
819 1731 867 1758 ac
888 1718 943 1768 is,
965 1717 1037 1770 qui
1058 1717 1107 1757 ad
1130 1715 1306 1757 modum
1327 1715 1498 1768 Prologi
1522 1713 1788 1755 concinnavit
1809 1713 2079 1764 Principium
2101 1711 2142 1752 S.
2163 1711 2410 1763 Scripcuroe.
2435 1711 2482 1753 Id

349 1793 476 1833 etiam
499 1791 675 1843 {equalis
700 1789 856 1830 locutio
877 1789 1026 1829 vitiosa
1045 1788 1216 1838 suadet,
1239 1787 1364 1840 idque
1385 1787 1608 1827 confirmat
1630 1785 1735 1826 levis
1754 1797 1899 1825 rerum
1923 1784 2195 1837 comparatio.
2221 1782 2268 1823 In
2295 1783 2481 1823 secundo

351 1863 548 1917 Opuscnii
575 1861 778 1902 Sermone
804 1861 1011 1912 leguntur
1033 1860 1112 1900 ista
1132 1873 1139 1898 :
1165 1876 1183 1897 «
1203 1858 1422 1900 Secundus
1445 1858 1609 1898 fructus
1635 1857 1784 1909 gratiae
1809 1859 1871 1896 est
1895 1856 2114 1908 pienitudo
2141 1854 2371 1907 sapientiae.
2391 1853 2484 1894 Tri-

347 1936 536 1976 furcatur
555 1936 696 1973 autem
717 1932 899 1985 justitia,
924 1931 1156 1971 secundum
1179 1930 1292 1983 qnod
1318 1930 1444 1970 homo
1465 1933 1525 1969 est
1540 1930 1682 1981 justus
1702 1929 1746 1967 in
1767 1940 1830 1976 se,
1850 1929 1993 1980 Justus
2011 1927 2150 1979 quoad
2169 1925 2324 1976 Deum,
2342 1927 2485 1978 justus

348 2006 487 2059 quoad
509 2005 771 2058 proximum.
791 2019 809 2041 υ
832 2003 846 2043 Ι
852 2002 991 2043 ndocti
1009 2015 1174 2052 sumus,
1194 2002 1228 2041 si
1245 2002 1458 2042 arabicam
1476 2012 1623 2040 vocem
1642 2000 1765 2040 istam
1778 2032 1788 2050 ,
1808 1999 2079 2050 crismentur,
2099 1998 2284 2038 tribuere
2302 1996 2485 2037 velimus

345 2078 619 2130 scriptoribus
651 2076 779 2117 seculi
807 2074 914 2115 an.
946 2074 1151 2114 Mittimus
1180 2074 1287 2124 alia,
1315 2076 1364 2113 ut
1389 2072 1615 2112 recitemus
1646 2084 1718 2121 ea,
1746 2083 1845 2124 (111ae
1879 2070 2055 2123 scriptor
2084 2070 2240 2109 harum
2267 2068 2483 2109 visionum

345 2149 397 2189 ad
432 2149 588 2189 calcem
621 2148 760 2200 operis
788 2146 985 2199 adjmixit
1007 2157 1018 2185 z
1039 2161 1055 2182 α
1077 2144 1319 2197 Legebatur
1353 2146 1394 2184 et
1426 2143 1760 2196 componebatur
1789 2142 1870 2182 hoc
1899 2141 2152 2194 opusculum
2189 2139 2379 2187 Parisiis,
2410 2151 2480 2179 an.

346 2219 465 2260 Dom.
493 2223 591 2260 1274
607 2253 617 2270 ,
640 2232 665 2260 a
683 2218 842 2258 Pascha
870 2231 1003 2271 usque
1024 2217 1075 2257 ad
1098 2216 1387 2257 Pentecosten.
1410 2230 1429 2253 »
1451 2215 1586 2264 Quam
1607 2214 1781 2267 quidem
1805 2213 2011 2266 epocham
2032 2224 2179 2252 omnes
2199 2210 2265 2251 vel
2294 2209 2482 2262 antiquae

345 2292 548 2332 editiones
573 2290 850 2342 consignant,
874 2292 921 2329 ut
947 2289 1092 2329 mirari
1118 2289 1293 2336 subeat,
1315 2287 1605 2338 Waddingum
1634 2286 1725 2325 ioco
1752 2286 1852 2325 anni
1874 2287 2002 2335 1274,
2025 2297 2096 2324 an.
2119 2285 2222 2323 <1273
2244 2282 2433 2333 signasse
2451 2282 2479 2322 ¹.

347 2363 391 2404 ld
414 2364 448 2403 si
475 2364 531 2403 ita
550 2367 632 2413 est,
655 2362 722 2402 vel
747 2361 868 2402 nobis
889 2361 1143 2410 tacentibus,
1172 2359 1292 2400 facile
1314 2359 1496 2412 quisque
1523 2357 1741 2410 perspicit,
1765 2357 1873 2396 nihii
1898 2357 1977 2397 hac
1996 2355 2156 2409 epocha
2172 2353 2378 2402 validius,
2397 2365 2483 2406 quo

345 2435 613 2488 suppositum
633 2434 946 2474 Bonaventnrae
963 2445 1070 2485 opus
1091 2444 1180 2472 esse
1200 2431 1406 2471 dicamus.
1428 2429 1508 2471 Per
1525 2429 1567 2470 id
1586 2428 1701 2469 enim
1721 2431 1890 2481 tempus
1908 2429 1960 2469 ad
1979 2428 2128 2468 altiora
2148 2427 2321 2467 evectus
2340 2424 2483 2464 fuerat

346 2505 668 2554 Bonaventura,
691 2509 729 2546 et
749 2505 981 2546 Cardinalis
1002 2503 1207 2556 dignitate
1227 2505 1417 2543 ornatus.

400 2578 694 2631 Expositiones
721 2577 814 2626 hae,
846 2589 952 2629 quas
983 2575 1189 2616 hactenus
1215 2574 1507 2624 laudavimus,
1536 2585 1623 2613 una
1650 2584 1749 2613 cum
1779 2570 2126 2624 Expositionibus
2154 2569 2199 2610 in
2228 2569 2481 2613 psalterium

345 2650 593 2704 prodierunt
615 2648 784 2700 Romae,
806 2650 933 2698 1588,
956 2647 1070 2688 in-8.

1266 2745 1555 2773 OBSERVATIONS.

394 2841 593 2889 Pourquoi
612 2852 661 2877 ne
680 2851 752 2888 pas
773 2839 855 2876 dire
876 2850 953 2886 (sue
974 2842 1033 2875 cet
1047 2849 1221 2885 ouvrage
1241 2838 1304 2874 n’a
1323 2848 1395 2885 pas
1416 2837 1631 2873 seulement
1650 2837 1707 2872 ete
1726 2834 1863 2882 publie
1881 2834 1981 2879 in-S,
2002 2834 2101 2870 mais
2123 2845 2199 2882 que
2219 2834 2268 2871 de
2284 2834 2374 2882 plus
2393 2833 2421 2870 il
2440 2845 2480 2870 se

347 2910 483 2943 trouve
505 2918 598 2942 avcc
618 2905 834 2953 l’opuscule
853 2905 1065 2952 precedent
1084 2915 1132 2940 en
1152 2904 1225 2940 tete
1244 2903 1292 2939 de
1312 2903 1486 2939 l’edition
1506 2901 1640 2939 in—fol.
1662 2901 1777 2937 sortie
1799 2900 1867 2936 des
1888 2910 2039 2947 presses
2060 2900 2114 2935 du
2135 2900 2292 2936 Yatioan
2318 2911 2366 2935 en
2386 2902 2480 2936 cette

348 2974 473 3008 meme
488 2974 609 3008 aunee
634 2973 738 3016 1588,
761 2981 854 3006 sous
874 2970 929 3006 les
945 2970 1123 3017 auspices
1140 2970 1193 3005 du
1213 2980 1316 3017 pape
1337 2969 1438 3005 Sixte
1459 2971 1485 3004 V
1497 2969 1514 3003 ‘3
1536 2967 1734 3015 Pourquoi
1755 2969 1905 3002 surtout
1924 2977 1973 3002 ne
1992 2976 2063 3013 pas
2076 2965 2323 3001 mentionner
2341 2964 2480 3011 l'eloge

349 3039 464 3085 qu'cn
492 3041 559 3073 ont
585 3037 652 3072 t'ait
680 3036 736 3072 les
757 3036 925 3072 editeurs
944 3036 1146 3071 romains'?
1176 3037 1230 3071 En
1254 3034 1358 3071 voiei
1387 3034 1443 3070 les
1464 3034 1660 3075 derniercs
1686 3033 1842 3080 paretes
1864 3045 1873 3068 2
1902 3033 2094 3067 Auctorem
2118 3033 2226 3076 facile
2251 3041 2480 3076 aytzoscamus

348 3104 569 3150 seraphicum
592 3105 774 3138 Rectorem
794 3103 1079 3137 Bmmventuram
1101 3104 1385 3143 sanctissinum,
1415 3103 1478 3146 qui
1502 3100 1655 3136 docendo
1684 3106 1793 3135 movet
1809 3127 1820 3144 ,
1853 3102 1958 3143 atque
1983 3099 2183 3142 inflammat
2205 3098 2342 3131 animos
2363 3097 2479 3142 leyen-

349 3173 454 3206 tz'um.
486 3170 673 3215 Ajoutons
700 3167 933 3203 neanmoins
954 3167 1098 3214 qu’une
1122 3167 1236 3203 etude
1264 3167 1354 3214 plus
1380 3165 1642 3213 approfondic
1670 3165 1718 3201 de
1747 3167 1805 3200 cet
1826 3174 1999 3208 ouvrage
2028 3164 2083 3197 est
2107 3172 2233 3197 vcnuc
2254 3172 2355 3197 nous
2383 3171 2478 3197 con-

348 3235 504 3272 vaincre
534 3244 610 3280 que
637 3243 678 3268 ce
703 3232 796 3268 n'est
816 3233 855 3268 ni
885 3244 936 3268 un
963 3244 1134 3279 ouvrage
1157 3235 1352 3280 suppose,
1386 3235 1408 3268 a
1437 3234 1690 3280 proprement
1710 3230 1857 3278 parler,
1889 3239 2043 3264 comme
2064 3227 2299 3263 voudraient
2321 3227 2357 3263 le
2383 3227 2478 3263 faire

350 3300 520 3337 accroire
546 3299 602 3334 les
622 3297 789 3334 editeurs
810 3298 858 3333 de
885 3299 1016 3334 N'enise
1030 3326 1041 3343 ,
1068 3299 1108 3334 ni
1138 3301 1321 3345 pourtant
1347 3298 1444 3334 dans
1464 3308 1535 3333 son
1556 3296 1754 3333 enscmble
1778 3306 1832 3331 un
1853 3294 1944 3331 ecrit
1962 3295 2214 3341 proprement
2234 3292 2290 3328 dit
2310 3292 2358 3328 de
2379 3293 2478 3328 saint

349 3367 631 3408 Bonaventnre,
648 3373 800 3399 comme
814 3362 910 3399 l'ont
928 3366 1046 3410 pense
1066 3364 1121 3400 les
1141 3364 1311 3400 editeurs
1331 3364 1379 3400 de
1399 3366 1520 3400 Rome
1532 3376 1541 3409 3
1564 3363 1663 3398 mais
1682 3373 1758 3409 que
1775 3362 1865 3398 o’est
1883 3371 1931 3396 en
1951 3358 2099 3406 grande
2119 3358 2242 3406 partie
2261 3358 2297 3394 le
2317 3357 2477 3405 produit

351 3432 419 3468 des
433 3434 542 3467 notes
555 3429 603 3466 de
617 3428 710 3465 trois
731 3427 780 3463 de
792 3439 852 3464 ses
871 3429 1084 3475 auditeurs,
1095 3430 1312 3467 recueillies
1326 3429 1374 3466 de
1389 3428 1577 3465 memoire
1587 3438 1653 3464 sur
1665 3439 1725 3464 ses
1740 3427 1889 3472 leeons,
1905 3426 2079 3462 donnees
2093 3427 2116 3460 a
2135 3424 2239 3460 Paris
2260 3423 2404 3459 devant
2422 3432 2476 3458 un

351 3497 543 3534 auditoire
556 3495 605 3532 de
624 3496 711 3530 cent
724 3494 900 3530 soixante
918 3504 1147 3541 personnes‚
1168 3498 1274 3532 entre
1293 3496 1443 3542 Paques
1463 3496 1500 3531 et
1517 3494 1557 3530 la
1576 3494 1777 3531 Penteoote
1795 3493 1886 3530 1273
1908 3502 1962 3528 ou
1985 3491 2088 3536 1274,
2107 3500 2185 3537 peu
2203 3488 2385 3537 importe.
2405 3489 2478 3525 Par

394 3576 514 3607 ¹Tom.
532 3574 561 3606 11
581 3571 720 3612 Annal.,
740 3571 786 3603 ad
798 3579 881 3604 ann.
900 3573 993 3612 1265,
1012 3581 1049 3604 n.
1063 3580 1135 3614 XIV,
1154 3583 1189 3615 p.
1203 3574 1276 3607 284.
