2613 3990
234 255 310 292 232

235 342 349 394 parte
368 338 563 388 ostendit,
584 338 697 391 quod
717 337 896 390 Spiritus
910 339 1078 377 sanctus
1097 338 1258 389 tempo-

233 411 376 452 raliter
409 410 622 458 mittatur,
655 409 744 449 sive
778 408 973 460 procedat
1013 421 1036 448 a
1069 407 1189 447 Patre
1217 408 1260 448 et

235 483 367 530 Filio;
399 481 582 521 secundo
611 479 840 533 quaeritur,
873 481 1021 519 utrum
1048 478 1256 527 mittatur,

236 553 323 591 sivo
344 552 539 605 procedat
558 563 580 591 a
604 563 660 599 se,
684 550 793 589 infra
813 549 823 570 ¹
849 564 857 589 :
880 550 961 591 Hic
983 548 1259 591 consideran-

236 624 334 665 dum
358 628 432 672 est,
454 633 546 663 cum
573 621 762 673 Spiritus
782 625 958 664 sanctus
977 621 1101 663 detur
1121 620 1259 662 homi-

234 695 375 744 nibus,
397 697 473 734 etc.

291 766 429 807 Prima
449 777 546 818 pars
568 766 629 804 est
650 764 870 816 praesentis
895 764 1175 805 distinctionis
1191 794 1200 811 ‚
1223 766 1264 803 et

238 841 361 880 habet
386 839 490 879 duas
516 839 655 889 partes
677 850 685 876 z
714 836 757 875 in
782 836 921 889 prima
947 836 1126 877 ostendit
1151 835 1263 889 quod

238 909 421 965 procedit
450 907 734 960 temporaliter
767 920 792 947 a
825 906 947 948 Patre
983 910 1023 948 et
1057 907 1185 957 Filio;
1218 907 1265 947 in

239 981 420 1022 secunda
449 979 679 1032 quaeritur,
711 981 859 1019 utrum
891 979 1072 1032 Spiritus
1096 981 1265 1018 sanctus

239 1054 360 1094 detur
389 1065 413 1092 a
437 1050 589 1091 sanctis
614 1049 879 1098 hominibus,
914 1050 971 1090 ibi
1002 1064 1010 1090 ε
1045 1050 1123 1091 Hic
1151 1060 1264 1102 qua?-

241 1126 376 1173 νίτιιν,
408 1127 547 1165 utrum
580 1125 617 1164 et
646 1122 787 1163 sancti
814 1122 902 1163 viri
928 1120 1051 1171 (lent,
1079 1120 1145 1162 vel
1169 1131 1266 1173 pos-

239 1196 352 1246 sint,
375 1197 452 1235 etc.

295 1267 342 1307 ln
372 1266 509 1319 prima
537 1265 691 1305 iterum
714 1266 832 1317 parte
859 1263 940 1304 tria
966 1263 1087 1312 facit,
1117 1275 1268 1304 secun-

241 1340 343 1381 dum
378 1342 462 1378 tres
490 1338 628 1389 partes
659 1350 667 1376 ε
700 1335 745 1375 in
772 1335 909 1388 prima
945 1335 1125 1375 ostendit
1157 1335 1268 1388 quod

242 1411 417 1464 gemina
452 1411 513 1449 est
549 1406 759 1461 processio
805 1406 986 1459 Spiritus
1030 1406 1162 1447 sancti
1177 1421 1186 1457 3
1225 1407 1269 1446 in

242 1482 438 1529 secunda,
461 1479 574 1533 quod
593 1481 774 1531 utraque
792 1478 1003 1531 processio
1024 1481 1085 1519 est
1104 1491 1129 1518 a
1148 1477 1270 1519 Patre

242 1558 281 1595 et
313 1553 438 1600 Filio,
469 1551 526 1592 ibi
558 1566 566 1591 z
601 1551 658 1592 De
692 1551 916 1603 temporali
941 1555 1083 1593 autem
1106 1560 1269 1602 proces-

244 1628 360 1669 sione
387 1624 502 1666 Beda
535 1624 584 1665 in
615 1623 777 1673 homil„
800 1625 903 1673 etc.;
939 1623 982 1663 in
1006 1623 1148 1674 tertia,
1171 1623 1273 1676 quia

245 1697 424 1750 Spiritus
444 1695 575 1736 sancti
594 1694 838 1748 temporalis
861 1694 1071 1747 processio
1100 1696 1192 1746 ejus
1212 1697 1273 1735 est

245 1769 433 1816 donatio,
456 1767 635 1808 ostendit
651 1767 738 1820 ipse
757 1767 870 1819 quod
900 1767 1082 1819 Spiritus
1102 1771 1273 1808 sanctus

246 1842 289 1881 in
312 1841 479 1894 propria
499 1851 677 1893 persona
703 1838 902 1889 donetur,
924 1851 1008 1878 non
1036 1842 1203 1879 tantum
1229 1839 1273 1879 in

246 1912 411 1962 effectu,
425 1911 481 1951 ibi
499 1925 506 1949 ε
525 1910 638 1952 Sunt
652 1909 791 1962 aliqui
804 1910 880 1962 qui
893 1909 1046 1952 dicunt
1061 1909 1274 1963 Spiritum

245 1987 451 2026 sanctum.

301 2055 502 2095 Similiter
525 2052 708 2095 secunda
739 2064 859 2106 pars,
882 2065 979 2106 quae
1005 2053 1153 2106 incipit
1175 2053 1234 2093 ibi
1263 2068 1271 2094 :

248 2129 328 2170 Hic
354 2128 586 2181 (Inseritur,
618 2129 760 2167 utrum
791 2128 828 2167 et
860 2126 1000 2167 sancti
1030 2126 1118 2167 vz'rz'
1147 2124 1274 2174 dent,

248 2200 326 2251 rel,
347 2203 422 2239 etc.
438 2214 446 2245 ;
467 2199 510 2238 in
525 2210 622 2251 qua,
641 2199 808 2237 ostenso
826 2197 939 2250 quod
957 2197 1136 2250 Spiritus
1156 2209 1275 2237 sanc-

249 2274 317 2312 tus
346 2270 538 2324 procedat
572 2268 885 2321 temporaliter,
921 2268 1011 2308 sive
1041 2267 1222 2309 donetur
1253 2280 1278 2308 a

251 2342 370 2383 Patre
399 2344 439 2382 et
474 2341 595 2392 Filio,
617 2340 770 2393 quaerit
798 2339 997 2392 Magister
1022 2341 1168 2381 utrum
1200 2339 1277 2380 do—

250 2416 375 2455 netur
406 2413 458 2453 ab
490 2412 630 2464 aliquo
659 2413 801 2451 sancto
834 2410 947 2459 vir03
988 2413 1029 2451 et
1060 2411 1151 2450 haec
1182 2423 1279 2463 pars

252 2487 379 2527 habet
397 2487 480 2525 tres
498 2485 651 2536 partes,
674 2481 909 2523 secundum
928 2482 1009 2522 tria
1029 2494 1126 2534 quae
1144 2485 1280 2522 osten-

252 2556 324 2597 dit.
350 2555 490 2596 Primo
510 2565 694 2606 namque
712 2553 916 2603 declarat,
935 2555 975 2593 et
1000 2552 1150 2605 probat
1167 2552 1279 2605 quod

253 2628 434 2680 Spiritus
454 2629 625 2667 sanctus
646 2637 733 2665 non
754 2625 875 2665 detur
894 2625 946 2665 ab
964 2625 1109 2677 aliquo
1137 2627 1280 2665 sancto

253 2699 370 2749 viro·,
393 2698 576 2739 secundo
595 2709 696 2739 vero
717 2696 896 2737 ostendit
923 2697 1170 2737 auctoritate
1189 2696 1281 2737 Au—

255 2770 412 2823 gustini
431 2769 543 2824 quod
564 2781 650 2810 non
677 2771 811 2822 potest
839 2768 954 2817 dari,
977 2768 1035 2808 ibi
1058 2783 1066 2809 z
1091 2769 1143 2810 Et
1168 2768 1281 2821 quod

253 2842 349 2894 plus
366 2846 442 2892 est,
463 2853 549 2884 non
564 2851 684 2894 posse
700 2841 829 2883 etiam
842 2839 954 2891 dari,
978 2842 1079 2890 etc.;
1096 2840 1140 2880 in
1160 2839 1281 2881 tertia

257 2913 429 2966 opponit
459 2913 510 2953 ad
539 2912 801 2953 contrarium
816 2943 825 2961 ‚
850 2911 951 2964 quia
972 2911 1141 2953 videtur
1158 2912 1282 2953 datus

256 2997 280 3024 a
306 2983 453 3034 Paulo,
475 2984 533 3024 ibi
559 2999 567 3024 :
593 2983 672 3026 Sed
697 2983 795 3025 huic
821 2982 993 3024 videtur
1018 2984 1281 3025 contrarium

256 3056 368 3108 quod
395 3056 645 3108 Apostolus,
668 3057 773 3107 etc.;
803 3054 878 3095 ubi
907 3054 1031 3095 solvit
1058 3054 1169 3107 quod
1195 3067 1281 3095 non

257 3130 318 3167 est
337 3127 457 3167 datus
476 3127 527 3167 ab
546 3127 652 3180 ipso,
673 3126 745 3167 sed
765 3126 818 3166 ab
836 3127 929 3179 ejus
946 3125 1191 3166 ministerio,

694 3252 784 3281 DUB.
815 3252 844 3280 1.
897 3243 902 3248 ’

587 3329 755 3360 Praeterea
774 3329 963 3371 diligenter.

313 3413 327 3452 1
334 3425 360 3453 n
380 3414 498 3465 parte
522 3412 602 3452 ista
621 3414 720 3452 sunt
739 3412 1019 3453 dubitationes
1038 3413 1149 3453 circa
1173 3413 1283 3454 litte-

259 3495 371 3535 ram;
394 3487 434 3525 et
450 3484 588 3537 primo
605 3483 657 3524 de
672 3483 755 3524 situ
769 3484 900 3537 hujus
917 3485 1061 3537 partis,
1080 3486 1181 3539 quia
1198 3497 1283 3526 non

307 3569 313 3586 ¹
341 3567 421 3599 Dist.
439 3575 494 3600 xv.
510 3586 549 3591 —-
565 3567 604 3608 (α)
626 3567 706 3600 Coet.
729 3567 822 3599 Edit.
850 3567 925 3598 Ven.
943 3570 1031 3609 post.

993 246 1423 312 SENTENTlARUM
1439 250 1536 291 LlB.
1573 250 1601 290 l.

1332 338 1500 380 videtur
1519 340 1631 393 quod
1657 339 1727 381 hic
1752 339 1920 380 deberet
1950 351 2076 391 agere
2105 342 2155 383 de
2185 353 2354 395 proces-

1333 410 1448 451 sione
1474 412 1714 465 temporali,
1748 411 1850 464 quia
1877 411 1921 450 in
1940 411 2018 451 hac
2045 416 2160 464 parte
2189 414 2276 466 agit
2304 413 2354 454 de

1334 481 1399 522 his
1417 495 1514 535 quae
1533 483 1787 524 aeternaliter
1807 483 1888 523 Deo
1905 484 2175 524 conveniunt.
2200 483 2355 524 Praete-

1335 564 1406 592 rea
1422 585 1431 602 ,
1454 566 1551 593 cum
1580 554 1796 606 generatio
1822 553 1908 593 Filii
1932 556 2113 604 (eterna,
2135 556 2175 594 et
2193 557 2357 607 tempo-

1336 623 1450 674 ralis,
1470 623 1513 663 in
1532 624 1628 675 alio,
1644 627 1684 665 et
1703 624 1783 665 alio
1801 625 1906 664 libro
1924 624 2239 675 determinetur,
2258 626 2358 678 quia

1337 697 1495 735 aeterna
1521 695 1565 734 in
1593 696 1749 748 primo,
1779 695 1848 736 sed
1876 694 2116 748 temporalis
2140 695 2184 734 in
2211 696 2355 746 tertio;

1337 777 1470 817 quare
1488 778 1572 806 non
1591 766 1782 807 similiter
1801 766 1897 807 facit
1916 766 1965 806 de
1983 766 2246 819 processione
2265 766 2360 820 Spi-

1338 835 1444 876 ritus
1462 837 1619 877 sancti‘?
1806 835 1808 838 ’

1392 906 1512 959 Resp.
1526 906 1754 947 Dicendum
1765 907 1876 959 quod
1890 907 2096 960 processio
2109 907 2360 960 temporaliS,

1339 978 1627 1027 etaeter11a,ah
1640 978 1787 1019 eodem
1803 979 2008 1031 principio
2023 982 2136 1030 sunt,
2147 979 2254 1019 sicut
2267 979 2364 1019 dicit

1341 1048 1558 1101 Magister,
1587 1052 1627 1089 et
1659 1049 1812 1090 iterum
1845 1052 1906 1090 est
1938 1050 1994 1090 ibi
2027 1051 2212 1102 quodam
2239 1049 2364 1090 modo

1341 1119 1493 1160 modus
1525 1120 1779 1173 producendi
1810 1121 2055 1171 conformis;
2090 1124 2130 1161 et
2160 1121 2252 1161 ideo
2279 1133 2365 1160 una

1340 1191 1436 1231 facit
1455 1191 1506 1231 ad
1527 1191 1848 1232 declarationem
1876 1192 2067 1242 alterius3
2090 1195 2129 1233 et
2150 1192 2242 1233 ideo
2263 1191 2365 1232 inci-

1342 1261 1560 1302 dentaliter
1589 1261 1761 1313 ponitur
1792 1262 1861 1302 hic
1888 1264 2089 1304 tractatus.
2122 1263 2171 1303 de
2197 1274 2367 1316 proces-

1343 1331 1458 1372 sione
1479 1332 1718 1386 temporali,
1737 1333 1787 1373 ad
1808 1333 2186 1375 manifestationem
2202 1347 2366 1388 proces-

1343 1404 1471 1444 sionis
1497 1408 1681 1446 aeternae.
1713 1404 1792 1446 Sed
1824 1405 1882 1446 sic
1910 1418 1996 1446 non
2018 1409 2079 1447 est
2109 1408 2159 1448 de
2188 1419 2369 1459 genera-

1342 1476 1456 1517 tione
1474 1475 1569 1517 Filii
1589 1477 1828 1529 temporali3
1850 1476 1950 1529 quia
1970 1489 2057 1517 non
2071 1481 2131 1518 est
2148 1479 2201 1518 ab
2221 1478 2367 1519 eodem

1345 1548 1548 1602 principio
1565 1581 1574 1599 ,
1596 1549 1682 1589 imo
1708 1561 1733 1589 a
1754 1551 1888 1589 matre
1916 1551 2082 1589 tantum
2097 1581 2107 1599 ,
2132 1553 2173 1589 et
2202 1549 2370 1602 respicit

1345 1620 1451 1660 duas
1466 1624 1653 1672 naturas,
1672 1620 1827 1661 scilicet
1841 1621 2029 1661 divinam
2044 1624 2085 1661 et
2103 1621 2337 1661 humanam
2358 1636 2365 1661 :

1346 1690 1440 1731 ideo
1459 1691 1602 1732 debuit
1623 1692 1672 1732 de
1692 1704 1742 1732 ea
1761 1692 2032 1732 determinari
2053 1694 2144 1744 post
2165 1691 2367 1742 divinam,

1346 1761 1396 1802 de
1409 1775 1494 1815 qua
1506 1763 1649 1815 agitur
1664 1763 1708 1803 in
1725 1763 1885 1816 prim03
1906 1765 1947 1804 et
1963 1763 2200 1804 secundum
2218 1763 2269 1815 (a)
2289 1763 2371 1804 hu-

1347 1845 1519 1874 manam
1538 1837 1751 1885 naturam,
1772 1835 1821 1876 de
1841 1848 1926 1888 qua
1945 1835 1990 1875 in
2009 1835 2206 1876 secundo.

1781 1973 1870 2001 DUB.
1901 1973 1946 2001 ΙΙ.

1352 2050 1390 2081 Et
1409 2049 1616 2090 temporalis,
1637 2059 1702 2091 qua
1717 2059 1736 2081 a
1758 2051 1855 2082 Patre
1877 2052 1909 2082 et
1927 2050 2010 2082 Filio
2036 2051 2078 2083 ad
2098 2051 2375 2083 sanctificandam

1674 2100 1864 2129 creaturam
1884 2098 2050 2139 procedit.

1403 2190 1577 2233 Videtur
1590 2192 1726 2233 dicere
1740 2192 1894 2232 falsum
1910 2211 1919 2242 3
1938 2193 2036 2245 quia
2050 2192 2257 2245 processio
2274 2195 2379 2232 tem-

1351 2263 1506 2316 poralis
1528 2267 1589 2304 est
1605 2265 1698 2317 ejus
1718 2264 1860 2303 missio
1884 2276 1894 2304 ;
1918 2265 1987 2304 sed
2009 2263 2190 2316 Spiritus
2208 2266 2379 2304 sanctus

1351 2338 1413 2376 est
1434 2335 1588 2376 missus
1608 2336 1653 2376 in
1673 2335 1888 2386 columba,
1908 2339 1947 2376 et
1967 2335 2012 2376 in
2035 2335 2195 2388 linguis
2216 2335 2377 2388 igneis,

1352 2420 1457 2460 quas
1475 2420 1562 2448 non
1581 2407 1874 2448 sanctificavit.
2297 2458 2300 2461 ι

1406 2480 1449 2520 Si
1468 2483 1516 2520 tu
1529 2480 1642 2520 dicas
1655 2479 1768 2532 quod
1782 2491 1867 2520 non
1881 2481 1943 2519 est
1958 2478 2110 2519 missus
2124 2478 2176 2518 ad
2190 2478 2376 2530 linguas,

1353 2553 1425 2593 sed
1455 2553 1501 2592 in
1536 2551 1698 2604 linguis
1735 2551 1889 2592 missus
1921 2551 1975 2591 ad
2008 2550 2238 2603 apostolos,
2273 2561 2380 2602 quos

1353 2623 1645 2673 sanctificavit3
1670 2624 1814 2663 contra
1835 2634 1845 2662 :
1868 2622 2018 2663 Missus
2039 2625 2100 2662 est
2120 2622 2164 2661 in
2184 2621 2379 2661 columba

1353 2707 1480 2749 super
1492 2695 1719 2744 Christum,
1738 2707 1816 2735 nec
1830 2693 2107 2734 sanctificavit
2120 2692 2376 2741 columbam,

1354 2780 1432 2808 nec
1452 2767 1679 2808 Christum.

1408 2839 1530 2892 Resp.
1562 2838 1700 2879 Potest
1727 2837 1779 2879 ad
1812 2838 1891 2878 hoc
1920 2837 2001 2878 dici
2033 2836 2146 2890 quod
2178 2836 2378 2889 Magister

1354 2923 1441 2951 non
1478 2909 1730 2962 generaliter
1765 2908 1920 2950 diffinit
1964 2908 2032 2948 hic
2068 2907 2377 2960 processionem

1354 2982 1653 3035 temporalem3
1676 2980 1747 3021 sed
1766 2979 2011 3033 specialiter,
2036 2981 2162 3032 prout
2179 2981 2240 3019 est
2266 2979 2377 3020 idem

1356 3053 1468 3106 quod
1487 3053 1632 3093 missio
1653 3052 1878 3093 invisibilis
1891 3084 1901 3103 ,
1924 3051 1969 3092 in
1989 3063 2074 3104 qua
2093 3051 2216 3092 datur
2243 3051 2378 3105 Spiri-

1355 3127 1424 3164 tus
1458 3127 1652 3174 sanctus,
1683 3126 1723 3164 et
1748 3123 2031 3164 sanctificatur
2063 3126 2267 3163 creatura.
2305 3122 2378 3164 Vel

1356 3197 1491 3249 potest
1517 3195 1596 3236 dici
1616 3195 1729 3248 quod
1748 3195 2000 3247 generaliter
2019 3195 2167 3248 accipit
2192 3195 2380 3235 sanctifi-

1357 3266 1578 3307 cationem.
1602 3265 1870 3307 Sanctificare
1889 3265 2002 3306 enim
2027 3265 2244 3319 tripliciter
2271 3267 2380 3307 acci-

1357 3339 1471 3392 pitur
1487 3350 1497 3378 ε
1513 3350 1602 3378 uno
1617 3338 1755 3389 modo,
1772 3337 2007 3378 secundum
2021 3337 2133 3389 quod
2151 3340 2213 3379 est
2226 3337 2276 3378 de
2293 3349 2380 3378 non

1357 3413 1499 3452 sancto
1523 3413 1716 3451 sanctum
1740 3410 1892 3460 facere;
1915 3410 2098 3450 secundo
2126 3409 2271 3460 modo,
2289 3411 2379 3462 Jan]

1357 3484 1552 3523 sanctum
1594 3482 1638 3522 in
1684 3481 1903 3523 sanctitate
1945 3482 2218 3531 confirmare;
2257 3480 2379 3521 tertio

1359 3554 1483 3595 modo
1497 3585 1507 3605 ,
1528 3555 1618 3607 ‚iam
1638 3556 1829 3595 sanctum
1855 3555 1895 3594 et
1922 3554 2220 3595 confirmatum
2241 3551 2378 3593 mani-
