2613 3990
14 2972 59 3001 Ad
81 2982 150 3009 opp.

667 227 796 269 DIST.
823 227 980 270 XXVII.
1011 227 1162 268 PART.
1195 226 1247 268 Π.
1278 227 1395 268 ΑΡιΤ.
1428 227 1457 269 Ι.
1491 227 1690 277 QUAEST.
1722 230 1776 273 ΙΙ.

169 317 228 358 110
243 319 391 357 utrum
399 315 585 358 Verbum
599 318 807 357 aeternum
824 318 1020 357 connotet
1035 316 1194 369 aliquid

169 400 222 428 ex
232 390 349 440 parte
364 391 581 428 creaturae.
601 387 650 428 Et
663 387 776 440 quod
787 387 858 437 sic,
875 387 1042 427 videtur
1055 386 1193 438 primo

168 460 413 500 auctoritate
433 460 608 500 Psalmi¹
627 474 634 499 :
655 475 674 498 α
692 460 829 507 Dixit,
845 463 883 499 et
898 459 1013 509 facta
1027 463 1127 499 siml
1142 472 1155 496 .·
1170 472 1188 495 »

168 542 285 582 ergo,
317 542 414 570 cum
440 530 579 572 dicere
604 542 691 570 non
720 530 772 569 sit
804 529 917 569 aliud
944 541 1073 581 quam
1093 541 1190 569 ver-

167 601 273 641 bum
291 603 491 654 proferre,
517 605 557 642 et
585 602 636 642 ad
663 601 801 642 elicere
824 603 1026 652 sequatur
1043 602 1191 652 facere,

168 675 208 712 et
227 673 279 713 ad
300 674 436 724 facere
456 674 595 726 ipsum
620 675 796 724 factam,
823 685 926 724 ergo
943 673 993 712 ad
1013 673 1194 712 verbum

168 744 527 796 sequiturfactum
549 760 556 786 :
575 757 678 797 ergo
698 744 862 786 videtur
882 744 995 796 quod
1014 744 1194 786 Verbum

168 819 364 857 connotet
378 817 532 869 aliquid
548 819 752 857 creatum.
770 815 811 856 Si
826 818 875 856 tu
889 816 1001 856 dicas
1015 817 1095 857 hoc
1106 829 1195 856 esse

167 887 327 928 dictum
345 889 395 929 de
413 889 550 931 dicere
575 891 700 941 prout
723 889 926 942 accipitur
956 890 1195 942 temporali-

167 963 246 1009 ter,
274 963 315 1001 et
333 961 555 1014 respondet
583 960 621 1001 ei
648 960 830 1000 verbum
860 964 1073 1009 creatum;
1092 974 1192 1001 con-

166 1033 231 1070 tra
247 1045 256 1070 :
274 1031 541 1083 Augustinus
554 1031 580 1082 ²,
599 1030 650 1071 XI
673 1031 989 1083 Confessionum
1001 1047 1015 1073 .·
1030 1031 1194 1072 «Verbo

166 1101 243 1141 tibi
271 1105 479 1142 coaeterno
508 1102 609 1143 dicis
633 1115 900 1155 quaecunque
933 1103 1048 1154 dicis,
1082 1106 1123 1144 et
1150 1104 1197 1143 fit

167 1172 373 1226 quidquid
400 1173 518 1223 dicis,
540 1176 588 1214 ut
607 1174 694 1223 fiat,
723 1186 799 1214 nec
827 1174 948 1214 aliter
976 1186 1107 1227 quam
1128 1174 1196 1214 di-

167 1244 298 1285 cendo
311 1244 435 1285 facis:
455 1259 474 1283 ›)
501 1257 604 1297 ergo
622 1245 788 1286 videtur
808 1246 920 1298 quod
940 1245 1041 1285 illud
1056 1246 1107 1285 sit
1126 1246 1195 1285 in-

166 1315 443 1367 telligendum
459 1317 509 1357 de
528 1316 664 1357 Verbo
682 1320 855 1358 aeterno.

221 1387 339 1437 Item,
356 1389 626 1441 Augustinus
644 1389 690 1429 in
708 1389 816 1430 libro
835 1388 1029 1430 LXXXIII
1053 1389 1196 1436 Quoes-

167 1460 331 1501 tionum
349 1459 376 1510 ³,
410 1462 594 1501 tractans
612 1460 715 1501 illud
734 1460 970 1513 Evangelii,
995 1461 1048 1501 In
1067 1460 1197 1512 prin-

166 1534 279 1587 cipio
304 1536 394 1574 erat
429 1532 623 1582 Verbum,
653 1532 782 1573 dicit:
816 1548 834 1571 «
867 1532 1017 1573 Melius
1042 1532 1086 1571 in
1117 1531 1198 1571 hoc

165 1605 257 1647 loco
274 1605 462 1647 Verbum
475 1607 818 1659 interpretamur,
834 1608 883 1646 ut
900 1606 1093 1658 signetur
1111 1617 1197 1645 non

166 1678 333 1718 tantum
352 1678 404 1719 ad
421 1677 589 1718 Patrem
601 1681 828 1731 respectus,
847 1677 917 1718 sed
935 1678 1061 1718 etiam
1079 1678 1131 1718 ad
1149 1689 1198 1718 ea

166 1760 264 1801 quae
294 1749 402 1789 facta
429 1752 529 1790 sunt
556 1749 772 1802 operativa
798 1749 998 1802 potentia.
1027 1764 1045 1786 »
1081 1748 1195 1801 Ergo

173 1819 351 1863 Verbum
370 1822 470 1863 dicit
489 1825 725 1876 respectum
741 1821 793 1862 ad
818 1821 924 1862 facta
945 1836 953 1861 :
977 1821 1048 1862 sed
1066 1833 1191 1862 cons-

166 1894 226 1932 tat
244 1892 357 1945 quod
385 1893 435 1934 de
463 1892 601 1935 Verbo
626 1896 785 1934 aeterno
812 1892 1014 1945 loquitur,
1046 1892 1198 1933 scilicet

166 1964 280 2016 quod
299 1966 388 2004 erat
406 1964 452 2004 in
469 1965 689 2018 principio.

220 2035 340 2087 Item,
364 2048 492 2089 super
508 2036 614 2077 illud
634 2035 788 2077 Psalmi
803 2040 815 2061 '⁴
842 2048 852 2076 z
880 2036 1012 2078 Semel
1034 2037 1197 2078 locutus

167 2112 229 2151 est
248 2109 372 2159 Deus,
395 2108 495 2149 dicit
510 2107 780 2159 Augustinus
803 2122 812 2148 ε
841 2123 861 2146 ((
881 2107 924 2148 1(1
943 2110 1018 2159 est,
1043 2107 1197 2149 Filium

166 2179 330 2232 genuit,
363 2179 409 2219 in
438 2191 523 2232 quo
549 2178 694 2219 omnia
717 2178 934 2231 disposuit.
969 2194 987 2217 1)
1020 2179 1063 2220 Si
1093 2192 1197 2232 ergo

172 2251 349 2293 Verbum
364 2263 451 2291 non
464 2253 632 2291 tantum
646 2250 845 2302 importat
858 2250 1195 2302 generationem,

166 2322 254 2363 imo
274 2322 400 2363 etiam
432 2321 748 2374 dispositionem
777 2321 987 2372 omnium,
1021 2334 1123 2374 ergo
1146 2323 1198 2363 ad

167 2395 311 2436 omnia
323 2395 421 2436 dicit
438 2397 690 2448 respectum.

220 2467 327 2507 Item
343 2466 567 2507 Anselmus
586 2466 634 2506 in
652 2466 887 2519 Monoloyz'o
900 2469 912 2491 ⁵
928 2466 1063 2508 :Cum
1079 2480 1198 2508 sum-

167 2551 265 2580 mus
284 2539 455 2592 spiritus
475 2538 660 2591 seipsum
680 2538 798 2589 dicit,
820 2537 918 2579 dicit
931 2538 1075 2578 omnia
1097 2550 1195 2592 quae

166 2611 274 2652 facta
304 2613 404 2651 sunt
435 2625 444 2651 :
469 2625 487 2648 ›)
517 2622 620 2662 ergo
637 2609 793 2650 'eodem
812 2610 942 2650 verbo
961 2609 1060 2650 dicit
1079 2622 1136 2659 se,
1158 2613 1198 2651 et

168 2686 412 2724 creaturas:
444 2682 515 2723 sed
552 2681 733 2723 Verbum
761 2681 860 2721 dicit
877 2684 1114 2734 respectum
1145 2682 1197 2721 ad

167 2755 271 2796 illud
285 2754 398 2808 quod
415 2765 489 2807 per
498 2751 687 2793 Verbum
697 2751 869 2792 dicitur:
886 2764 989 2804 ergo
1001 2765 1086 2793 non
1100 2755 1194 2793 tan-

167 2830 261 2867 tum
280 2826 332 2866 ad
353 2825 536 2876 Patrem,
564 2824 634 2864 sed
660 2823 787 2864 etiam
814 2824 866 2864 ad
896 2836 945 2864 ea
967 2836 1064 2877 quae
1090 2825 1197 2865 facta

169 2900 283 2950 sunt,
302 2898 401 2939 dicit
421 2899 659 2951 respectum
682 2909 690 2936 ε
711 2907 829 2947 ergo,
851 2898 927 2936 etc.

223 2970 398 3011 Contra:
416 2973 435 3010 1
445 3001 454 3010 .
471 2970 604 3010 Omne
619 2966 733 3020 quod
743 2969 939 3007 connotat
951 2968 1195 3021 temporale,

171 3041 325 3095 dicitur
340 3040 628 3094 temporaliter
645 3053 653 3077 :
671 3038 741 3079 sed
758 3038 936 3080 Verbum
946 3051 1032 3080 non
1043 3040 1198 3081 dicitur

171 3111 456 3166 temporaliter
486 3112 533 3152 in
562 3110 738 3160 diviniS,
771 3110 874 3162 quia
899 3111 948 3152 in
978 3112 1196 3163 principio

172 3189 264 3227 erat
299 3183 478 3226 Verbum
503 3197 519 3224 .·
548 3194 651 3234 ergo
684 3181 861 3222 Verbum
886 3193 974 3222 non
1002 3186 1200 3223 connotat

171 3267 246 3299 dist.
258 3273 368 3306 xxvn,
381 3275 432 3306 pr.
455 3273 493 3305 11,
509 3275 542 3306 q.
564 3273 615 3305 1v3
630 3264 803 3304 Richard„
829 3265 840 3296 l
869 3265 973 3306 Sent„
990 3265 1068 3297 dist.
1082 3272 1194 3306 xxvu,

171 3317 233 3347 art.
248 3316 279 3355 2,
301 3323 333 3355 q.
350 3321 424 3354 11113
446 3313 615 3344 Francisc-
632 3313 674 3344 de
693 3313 814 3353 Mayr„
835 3313 847 3343 1
863 3312 967 3352 Sem„
990 3313 1069 3345 dist.
1086 3321 1196 3354 XXVII,

171 3364 234 3394 art.
247 3370 285 3399 11,
301 3371 336 3402 q.
350 3361 522 3401 1113Gabr.
536 3360 619 3402 Biel,
634 3361 644 3391 1
661 3361 765 3399 Sent„
779 3360 856 3391 dist.
872 3369 987 3401 x1x,q.
1005 3369 1057 3402 111,
1071 3361 1150 3393 dub.
1168 3364 1197 3393 l.

215 3417 224 3438 ¹
240 3416 418 3456 PS.XXX11,
430 3415 525 3446 9.--2
541 3416 638 3456 Aug„
653 3414 798 3455 Conse-ss.
812 3414 868 3446 lib.
880 3415 936 3455 XI,
951 3424 980 3446 0.
996 3423 1057 3457 vn,
1070 3424 1105 3447 n.
1121 3417 1196 3447 9.—

2213 239 2290 277 445

1267 317 1510 369 temporale,
1531 319 1630 370 quia
1652 321 1789 360 omnis
1807 325 1998 362 creatura
2016 323 2083 364 vel
2103 327 2290 365 creatum

1267 389 1550 440 temporaliter
1580 391 1740 443 incipit,
1771 392 2011 444 accipiendo
2040 394 2156 446 large
2181 398 2293 435 tem-

1265 469 1343 509 pus
1366 469 1375 496 :
1400 470 1501 510 ergo
1523 458 1703 501 Verbum
1723 461 1830 500 1111111
1848 464 2045 502 connotat
2060 462 2104 502 in
2124 476 2292 516 compa-

1267 527 1427 568 ratione
1447 528 1497 568 ad
1518 533 1744 571 creaturas.
1768 531 1811 571 Si
1838 534 1886 572 tu
1910 532 2022 572 dicas
2051 533 2163 584 quod
2194 546 2293 573 con-

1267 601 1382 639 notat
1412 599 1457 638 in
1483 599 1643 650 habitu,
1666 615 1752 642 11011
1772 606 1882 651 actu,
1906 603 2014 644 sicut
2034 607 2192 644 aeterna
2211 606 2294 645 dis-

1268 669 1416 720 positio
1430 672 1469 710 01
1480 672 1811 723 praeaesslestinatim
1830 678 1976 715 contra
1991 688 2000 715 ε
2018 675 2059 716 Si
2075 688 2295 728 nunquam

1268 741 1425 794 aliquid
1443 744 1574 794 fieret,
1597 746 1663 786 vel
1677 747 1867 787 fiendum
1882 752 2002 799 esset,
2022 749 2158 789 adhuc
2179 748 2298 788 Pater

1268 814 1453 865 seipsum
1468 814 1621 856 diceret.
1639 831 1646 856 :
1667 829 1768 869 ergo
1788 822 1827 858 et
1845 817 2032 859 Verbum
2049 822 2189 859 mente
2203 831 2298 859 con-

1268 885 1444 936 ciperet:
1463 899 1565 938 ergo
1579 886 1767 928 Verbum
1783 892 1903 939 esset,
1923 890 1957 929 si
1971 902 2194 942 nunquam
2212 890 2299 931 ulla

1269 961 1460 997 creatura
1475 961 1580 998 esset
1599 959 1744 999 futura
1762 960 1827 999 vel
1848 972 2033 1012 praesens
2053 975 2061 1000 :
2079 973 2196 1012 ergo,
2219 963 2296 1000 etc.

1324 1031 1361 1067 2².
1394 1028 1519 1078 Item,
1547 1029 1682 1070 dicere
1710 1029 1897 1070 Verbum
1918 1034 1979 1071 est
1998 1032 2297 1080 necessarium,

1269 1101 1487 1152 quoniam,
1509 1101 1616 1141 sicut
1635 1102 1679 1141 in
1701 1103 2056 1154 praecedentibus6
2077 1103 2300 1155 probatum

1269 1170 1364 1221 fuit,
1396 1172 1614 1223 productio
1638 1185 1829 1225 persona}
1851 1177 1912 1213 est
1940 1174 2175 1214 necessaria
2197 1187 2207 1214 z
2229 1174 2301 1213 sed

1270 1243 1490 1294 productio
1522 1246 1726 1284 creaturae
1759 1248 1820 1284 est
1859 1245 2131 1297 contingens3
2164 1245 2297 1296 unde,

1270 1325 1367 1353 cum
1387 1315 1577 1367 producit
1594 1328 1703 1364 eam,
1724 1319 1863 1368 posset
1879 1328 1966 1356 non
1986 1317 2216 1369 producere
2238 1331 2246 1356 ε
2267 1317 2301 1356 si

1270 1396 1373 1436 ergo
1393 1386 1639 1439 simpliciter
1667 1388 1950 1428 necessarium
1971 1400 2057 1428 non
2077 1387 2231 1428 claudit
2257 1388 2302 1428 in

1269 1471 1313 1499 se
1333 1460 1596 1512 contingens,
1626 1461 1806 1502 Verbum
1828 1474 1915 1502 non
1938 1461 2036 1502 dicit
2065 1465 2302 1514 respectum

1270 1530 1454 1583 aliquem
1474 1532 1526 1572 ad
1546 1535 1799 1573 creaturam.

1325 1604 1363 1642 3.
1387 1601 1505 1651 Item,
1530 1602 1697 1643 Creator
1723 1606 1762 1643 et
1787 1606 1993 1643 creaturae
2019 1615 2186 1644 summe
2205 1606 2303 1644 sunt

1271 1672 1488 1723 distantia;
1523 1685 1625 1726 ergo
1656 1673 1700 1713 in
1730 1674 1848 1714 nullo
1880 1674 2198 1715 communicant
2227 1688 2237 1714 :
2266 1674 2302 1714 si

1271 1756 1374 1796 ergo
1404 1744 1590 1785 Verbum
1622 1744 1758 1785 Patris
1789 1748 1849 1785 est
1880 1758 2033 1796 unum,
2066 1748 2106 1786 et
2137 1757 2303 1786 summe

1271 1828 1422 1865 unum,
1448 1828 1551 1868 ergo
1570 1817 1641 1857 illo
1660 1816 1798 1858 Verbo
1814 1829 1914 1857 cum
1931 1817 2093 1858 dicatur
2107 1816 2216 1857 Deus
2228 1815 2303 1858 Pa-

1271 1892 1347 1941 ter,
1370 1890 1627 1943 impossibile
1647 1894 1708 1932 est
1725 1893 1965 1931 creaturam
1989 1891 2071 1931 dici
2095 1905 2103 1931 :
2126 1903 2245 1943 ergo,
2268 1891 2303 1931 si

1271 1964 1465 2002 creatura
1482 1974 1570 2002 non
1588 1963 1743 2003 dieitur
1758 1962 1829 2003 illo
1845 1962 1997 2014 Verbo,
2020 1975 2107 2003 non
2117 1975 2221 2015 ergo
2237 1963 2302 2004 di-

1272 2034 1327 2074 cit
1342 2038 1577 2087 respectum
1597 2035 1648 2075 ad
1669 2038 1922 2076 creaturam.

1324 2109 1363 2145 4.
1378 2105 1496 2156 Item,
1511 2106 1546 2145 si
1565 2106 1746 2148 Verbum
1755 2106 2106 2159 dicitrespectum
2120 2106 2172 2146 ad
2185 2119 2303 2147 crea—

1271 2179 1434 2228 turam,
1454 2189 1557 2229 ergo
1576 2179 1730 2230 poterit
1763 2178 1843 2219 dici
1870 2179 2048 2219 verbum
2066 2181 2271 2219 creaturae
2289 2194 2298 2219 :

1270 2248 1383 2300 quod
1413 2260 1607 2301 expresse
1626 2253 1754 2302 negat
1777 2250 2003 2290 Anselmus
2034 2250 2078 2289 in
2115 2250 2302 2292 Monole-

1272 2320 1362 2373 92'07
1378 2332 1417 2360 z«
1428 2319 1616 2361 Verbum
1634 2333 1721 2373 quo
1743 2326 1981 2362 creaturam
2001 2321 2112 2371 dicit,
2135 2334 2302 2374 nequa-

1271 2402 1401 2443 quam
1412 2395 1473 2431 est
1487 2392 1669 2433 verbum
1680 2396 1900 2433 creaturae.
1915 2408 1933 2430 ›)
1948 2392 2049 2433 Situ
2066 2393 2179 2433 dicas
2194 2393 2301 2432 mibi

1273 2461 1385 2514 quod
1399 2462 1499 2502 dicit
1516 2466 1754 2516 respectum
1774 2464 1826 2504 ad
1844 2464 2050 2504 dicentem
2064 2464 2302 2517 principali-

1272 2535 1349 2583 ter,
1371 2534 1482 2573 unde
1501 2546 1588 2574 non
1600 2538 1733 2587 potest
1751 2535 1832 2576 dici
1846 2535 1927 2575 nisi
1940 2535 2129 2577 Verbum
2145 2535 2298 2585 Patris3

1273 2604 1419 2644 eadem
1436 2605 1612 2656 ratione,
1629 2618 1728 2646 cum
1747 2605 1925 2659 Spiritus
1939 2607 2046 2647 dicat
2064 2610 2301 2659 respectum

1272 2676 1324 2716 ad
1343 2676 1574 2729 spirantem
1599 2678 1902 2731 principaliter,
1927 2691 2015 2720 non
2044 2679 2196 2732 poterit
2221 2679 2302 2720 dici

1272 2747 1442 2799 spiritus
1462 2748 1616 2801 Moysis
1638 2748 1708 2803 (a),
1732 2750 1799 2792 vel
1818 2749 1970 2801 Heliae3
1993 2750 2106 2803 quod
2122 2753 2183 2791 est
2197 2762 2302 2791 con-

1272 2821 1336 2859 tra
1356 2819 1632 2872 Scripturam.

1327 2892 1365 2931 5.
1388 2890 1508 2943 Item,
1535 2892 1569 2932 si
1592 2893 1690 2933 dicit
1720 2896 1957 2947 respectum
1975 2894 2027 2934 ad
2047 2896 2298 2946 creaturam,

1273 2974 1372 3003 cum
1391 2975 1515 3004 omne
1534 2976 1692 3005 nomen
1709 2965 1850 3006 dicens
1868 2968 2106 3018 respectum
2122 2966 2175 3006 ad
2191 2978 2302 3007 crea-

1271 3036 1414 3074 turam
1433 3035 1486 3075 sit
1504 3035 1735 3085 essentiale,
1759 3048 1847 3077 non
1866 3037 2098 3090 personale,
2118 3038 2300 3079 verbum

1272 3105 1390 3146 nullo
1419 3107 1544 3148 modo
1578 3108 1731 3148 dicitur
1760 3109 2055 3161 personaliter3
2092 3110 2205 3162 quod
2239 3112 2300 3149 est

1273 3180 1419 3218 contra
1437 3178 1819 3230 praedeterminata.

1275 3261 1286 3280 ³
1302 3262 1407 3302 Idem,
1427 3262 1484 3295 lib.
1500 3263 1669 3294 LXXXIII
1686 3263 1818 3302 Quaest„
1839 3274 1873 3305 q.
1889 3272 2047 3297 LX111.—
2063 3265 2141 3296 1Ῥε.
2158 3272 2227 3304 LXI,
2247 3266 2297 3296 12,

1273 3326 1313 3332 —
1326 3310 1338 3330 5
1351 3310 1516 3351 Anselm.,
1542 3311 1680 3352 Monol„
1701 3320 1796 3345 c.111.
1811 3330 1850 3336 -
1867 3314 1880 3332 ⁸
1893 3313 1977 3345 Dist.
1995 3321 2042 3347 VI.
2056 3331 2096 3336 —
2109 3313 2121 3335 ⁷
2134 3313 2297 3354 Anselm„

1274 3357 1408 3396 Monol„
1431 3367 1459 3390 c.
1477 3366 1590 3390 XXXII,

1318 3411 1360 3452 (a)
1380 3411 1460 3443 Coet.
1479 3412 1559 3444 edet.
1580 3413 1703 3454 Moysi.
