2570 3986
875 210 1291 253 SENTENTIARUM
1320 209 1608 253 EXPOSITIO.
2258 212 2309 250 23

187 311 288 352 vino
317 308 551 363 adJutori03
590 308 631 348 et
660 301 938 359 praesumptio
973 300 1209 354 superbiae,

188 393 287 435 quae
309 383 370 422 est
397 380 448 422 de
467 378 637 433 proprio
656 374 846 428 ingenio.
877 372 1019 413 Prima
1045 383 1131 412 non
1150 373 1213 412 est

187 454 421 506 peccatum,
437 452 506 493 sed
522 452 583 492 est
597 446 765 490 virtutis
782 444 1010 494 iudicium3
1027 442 1211 483 secunda

185 536 285 566 vero
318 527 379 565 est
403 525 643 578 peccatum,
678 518 749 559 sed
777 517 827 558 de
855 516 993 569 prima
1021 514 1211 568 loquitur

185 594 399 648 Magister.
420 593 495 637 Vel
514 592 632 633 aliter
655 605 662 631 :
685 589 756 630 Est
771 586 1046 642 praesumptio
1062 598 1210 627 secun-

185 666 288 708 dum
305 666 539 715 veritatem,
559 665 599 704 et
612 664 672 703 est
686 659 961 715 praesumptio
974 658 1209 700 secundum

184 738 400 792 propriam
429 733 766 778 aestimationem.
796 731 939 772 Prima
969 732 1031 771 est
1060 742 1208 783 repre-

184 808 422 859 hensibilis,
451 806 554 860 quia
581 803 791 858 superbiae
814 815 824 844 2
851 802 1034 843 secunda
1056 801 1208 842 lauda-

183 881 296 930 bilis,
311 879 411 933 quia
426 876 694 920 humilitatis.
710 875 795 917 Nec
807 876 868 916 est
882 873 1115 927 culpabilis,
1134 873 1208 926 qui

184 952 230 993 in
265 951 463 993 omnibus
503 948 704 1003 operibus
739 947 827 988 suis
862 958 906 987 se
937 947 1108 999 reputat
1141 945 1208 986 in-

183 1023 380 1079 dignum,
403 1024 443 1064 et
462 1021 583 1075 quasi
603 1021 1009 1075 praesumptuosum.

604 1147 694 1176 Due.
726 1145 770 1174 11.

264 1226 405 1261 Prolatis
426 1226 558 1259 duobus
579 1225 736 1265 denariis,
758 1222 1036 1266 supereroganti,
1057 1224 1121 1255 etc.

234 1305 312 1346 Hic
326 1304 551 1359 quaeritur,
577 1316 675 1358 quae
694 1303 747 1344 sit
768 1304 845 1343 ista
870 1301 1203 1355 supererogatio.

180 1377 225 1419 Si
249 1379 297 1418 tu
324 1377 438 1418 dicas
466 1376 580 1430 quod
609 1376 663 1416 sit
687 1375 993 1428 magistrorum
1024 1376 1065 1414 et
1086 1385 1207 1413 sanc-

179 1451 322 1490 torum
352 1448 637 1502 superadditio
657 1446 709 1488 ad
732 1459 894 1488 sacram
915 1445 1175 1498 Scripturam
1192 1457 1201 1495 ;

179 1523 345 1571 contra,
375 1533 450 1574 per
471 1520 778 1561 Damascenum
805 1523 815 1544 ¹
847 1533 856 1558 z
891 1534 909 1556 (ι
929 1516 1030 1567 Quae
1055 1516 1206 1557 tradita

177 1595 279 1633 sunt
306 1593 428 1633 nobis
448 1605 522 1646 per
540 1592 697 1644 Legem
720 1593 760 1631 et
785 1589 1015 1642 Prophetas
1037 1589 1107 1641 (a),
1130 1601 1203 1629 ve-

177 1676 394 1716 neremur,
416 1665 523 1718 nihil
545 1664 655 1705 ultra
676 1662 952 1715 inquirentes.
980 1676 999 1699 »
1031 1661 1135 1701 item
1158 1660 1204 1700 in

177 1736 428 1790 Apocalypsi
446 1737 482 1777 ²:
503 1736 659 1788 Siquis
679 1736 924 1788 apposuerit
943 1733 1112 1785 adhaec,
1132 1743 1204 1786 ap-

173 1812 300 1862 ponet
318 1810 358 1851 ei
378 1809 582 1851 Dominus
598 1808 766 1861 plaqas.

232 1880 353 1934 Resp.
371 1880 602 1922 Dicendum
617 1913 626 1931 ‚
649 1879 763 1933 quod
782 1882 843 1921 est
864 1879 1021 1920 additio
1048 1879 1203 1919 distra-

175 1951 294 2003 hens,
317 1955 357 1994 et
373 1955 434 1994 θεῖ
452 1953 610 1994 additio
627 1952 856 2006 complens.
878 1951 1049 1992 Addens
1064 1951 1202 2005 prImo

174 2024 299 2065 modo
318 2036 405 2065 non
424 2027 715 2078 supererogat,
738 2025 810 2065 sed
830 2024 968 2076 magis
985 2024 1199 2075 diminuit,

173 2098 214 2137 et
232 2096 441 2138 subvertit
459 2111 468 2137 ε
498 2098 539 2137 θῖ
567 2097 670 2138 tales
689 2099 788 2138 sunt
812 2096 1024 2147 haeretici,
1044 2096 1202 2149 quibus

172 2167 295 2210 datur
312 2168 560 2210 maledictio.
585 2169 754 2211 Addens
775 2168 961 2210 secundo
979 2169 1105 2209 modo
1128 2182 1201 2210 su-

171 2242 409 2294 pererogat,
430 2240 547 2294 quia,
565 2240 682 2282 salvo
699 2253 841 2292 sensu,
859 2240 1121 2294 Scripturam
1140 2241 1202 2295 ip-

170 2324 261 2353 sam
279 2312 494 2355 dilucidat.
510 2312 590 2354 Per
610 2313 716 2354 duos
730 2313 865 2366 igitur
882 2312 1093 2364 denarios,
1115 2313 1200 2354 duo

169 2383 359 2437 intelligo
405 2384 690 2435 Testamenta;
736 2397 812 2438 per
857 2383 1197 2434 Samaritanum,

171 2455 404 2507 Christum;
433 2469 508 2510 per
533 2456 818 2508 semivivum,
849 2457 1069 2498 hominem
1097 2469 1200 2509 gra-

169 2528 286 2570 tuitis
303 2528 580 2583 expoliatum,
604 2532 645 2570 et
657 2528 933 2571 vulneratum
953 2528 999 2569 in
1020 2531 1200 2570 natura-

168 2599 299 2652 libus;
327 2603 367 2642 et
388 2601 810 2655 supererogationem
834 2601 1026 2654 intelligo
1056 2602 1199 2642 docto-

168 2684 260 2713 rem
277 2675 576 2727 exponentem.
598 2672 673 2715 Vel
689 2673 809 2714 aliter
826 2673 1066 2726 dicendum,
1082 2674 1198 2727 quod

169 2746 230 2786 est
247 2745 402 2787 additio
415 2777 426 2797 ,
444 2745 494 2799 vin
513 2757 598 2798 qua
616 2745 807 2786 additum
825 2748 887 2786 est
908 2747 1168 2788 contrarium
1183 2762 1194 2798 ;

169 2818 210 2858 et
226 2819 310 2870 est,
331 2817 376 2858 in
395 2830 481 2872 qua
496 2817 688 2859 additum
708 2820 770 2859 est
791 2818 1029 2871 diversum3
1049 2822 1089 2860 et
1108 2823 1169 2861 θεῖ
1183 2852 1194 2871 ,

168 2887 213 2929 in
231 2901 316 2943 qua
334 2889 524 2932 additum
541 2891 602 2930 est
617 2901 868 2931 consonum.
888 2889 1030 2932 Prima
1041 2891 1197 2933 additio

170 2962 231 3001 θεῖ
261 2961 440 3012 erroris3
474 2961 658 3003 secunda
690 2963 1060 3017 praesumptionis,
1096 2964 1197 3019 quia

170 3034 443 3087 praesumptio
480 3036 542 3075 θεῖ
576 3033 713 3075 dicere
747 3034 794 3076 in
827 3048 945 3077 sacra
979 3036 1198 3091 Scriptura

170 3103 339 3158 aliquod
357 3105 531 3147 omnino
554 3106 775 3148 diversum
800 3107 853 3148 ab
876 3108 942 3149 his
966 3121 1064 3162 quae
1083 3109 1128 3151 in
1147 3122 1197 3152 ea

173 3187 367 3230 expressa
400 3179 523 3229 sunt;
556 3178 679 3220 tertia
708 3178 844 3220 fidelis
877 3179 1192 3236 instructioniS,

172 3247 287 3301 quia,
307 3249 421 3302 quod
440 3249 697 3305 implicitum
716 3252 792 3303 est,
814 3252 1007 3306 explicat.

216 3379 228 3401 ¹
244 3381 411 3423 Damaso„
422 3383 460 3414 de
473 3383 553 3415 Fide
563 3384 651 3417 orta.
665 3384 724 3416 lib.
739 3386 762 3423 1,
776 3395 805 3417 c.
821 3393 887 3418 1.-
899 3386 1036 3429 2Apoc„
1051 3397 1134 3431 xxn,
1147 3392 1196 3422 18.

174 3443 214 3449 —
228 3427 242 3448 ⁵
255 3428 293 3458 ln
307 3428 395 3461 hunc
407 3430 519 3463 locum
538 3435 644 3473 Joan.,
668 3441 711 3473 Π,
730 3435 765 3464 17
781 3443 788 3464 :
812 3433 910 3465 Zelus
925 3434 1041 3467 domus
1062 3439 1126 3469 tuce
1144 3448 1197 3470 co-

177 3474 278 3506 medit
293 3485 356 3508 me.
373 3493 411 3500 —
428 3478 441 3500 ‘0
455 3478 581 3519 Galat„
602 3487 634 3521 V,
657 3483 707 3513 10.
720 3498 761 3504 -
775 3481 787 3503 ὅ
801 3480 923 3521 Εσε·ῖθ.,
944 3490 992 3523 lx,
1013 3486 1042 3516 1.

1709 335 1798 364 DUB.
1828 333 1888 362 111.

1522 424 1619 463 Quod
1635 424 1739 457 vincit
1758 424 1848 456 zelus
1863 423 1984 455 domus
2005 422 2077 455 Dei.

1340 514 1415 555 Hic
1434 514 1641 568 quaeritur
1659 514 1754 567 quis
1771 513 1824 554 sit
1850 513 1927 554 iste
1954 513 2066 554 zelus
2081 545 2091 564 ,
2122 514 2162 553 et
2181 525 2312 566 quare

1285 586 1424 639 magis
1443 586 1523 626 hoc
1540 585 1627 626 zelo
1648 585 1889 626 accenditur
1912 584 1959 637 (b)
1981 586 2128 625 contra
2147 584 2313 625 anima-

1283 658 1343 699 les
1378 660 1418 698 et
1449 657 1663 708 carnales,
1695 668 1826 710 quam
1857 658 2002 697 contra
2033 655 2236 709 superbos
2272 658 2313 697 et

1283 729 1388 770 alios
1405 730 1641 786 peccatores
1663 740 1672 768 :
1696 731 1736 769 et
1759 740 1859 769 cum
1876 727 1990 768 zelus
2008 727 2061 768 sit
2086 739 2206 768 amor
2223 727 2311 780 pri—

1284 803 1431 852 vatus,
1464 812 1551 842 non
1575 799 1768 851 videtur,
1790 799 1904 853 quod
1932 799 2101 840 deberet
2128 798 2216 840 zelo
2241 811 2312 840 ac-

1283 872 1417 914 cendi.

1337 944 1463 995 Item,
1483 956 1582 985 cum
1604 944 1745 996 majus
1767 943 1822 983 sit
1845 945 2064 996 peccatum
2089 942 2308 996 superbia,

1282 1017 1452 1060 videtur
1480 1016 1595 1070 quod
1616 1015 1755 1068 magis
1779 1015 1949 1056 deberet
1976 1015 2147 1057 accendi
2166 1017 2311 1056 contra

1280 1090 1499 1143 superbos.

1334 1162 1456 1215 Resp.
1478 1162 1542 1203 Ad
1563 1161 1752 1215 primum
1781 1160 2007 1201 dicendum
2022 1191 2033 1211 ,
2057 1159 2170 1213 quod
2198 1159 2312 1201 zelus

1281 1237 1342 1275 est
1356 1246 1475 1275 amor
1490 1233 1637 1274 nolens
1651 1233 1807 1273 habere
1822 1232 2081 1273 consortium
2094 1231 2140 1271 in
2154 1234 2308 1273 amato.

1281 1306 1400 1347 Zelus
1411 1306 1547 1346 malus
1560 1306 1666 1347 vitat
1678 1317 1803 1345 omne
1816 1304 2095 1355 consortium3
2112 1304 2184 1345 sed
2197 1304 2311 1345 zelus

1280 1378 1421 1419 bonus
1439 1378 1544 1419 vitat
1569 1379 1737 1417 tantum
1762 1376 1910 1417 malos.
1933 1375 2051 1417 Unde
2078 1376 2170 1417 veri
2197 1376 2310 1416 zela-

1279 1452 1390 1490 tores
1415 1450 1567 1490 domus
1587 1449 1659 1489 Dei
1688 1461 1776 1489 non
1806 1450 1983 1501 possunt
2002 1447 2147 1489 videre
2166 1448 2212 1488 in
2230 1447 2310 1489 Ec-

1280 1521 1403 1561 clesia
1433 1521 1560 1572 vitia,
1592 1532 1688 1573 quas
1716 1520 1949 1572 insurgunt
1980 1522 2125 1560 contra
2156 1519 2306 1573 ipsam.

1280 1592 1396 1633 Unde
1431 1592 1529 1633 dicit
1560 1593 1701 1644 glossa
1727 1595 1740 1616 ³
1772 1605 1781 1631 :
1813 1590 1934 1632 Zelus
1964 1591 2101 1632 bonus
2130 1593 2192 1632 est
2224 1603 2309 1644 quo

1280 1664 1464 1713 animus,
1483 1665 1644 1717 abjecto
1660 1664 1851 1704 humano
1865 1664 2033 1715 timore,
2049 1663 2306 1715 accenditur,

1278 1740 1319 1777 et
1342 1749 1390 1778 eo
1411 1737 1542 1778 tendit
1561 1740 1608 1777 ut
1629 1736 1829 1790 quaelibet
1850 1748 2002 1789 prava,
2019 1748 2116 1789 quae
2134 1733 2306 1788 viderit,

1280 1809 1495 1862 corrigere
1509 1810 1693 1861 satagat3
1717 1810 1757 1849 et
1770 1807 1804 1848 si
1823 1807 2082 1861 nequiverit,
2103 1807 2250 1849 toleret
2269 1810 2309 1849 et

1276 1884 1435 1934 gemat.

1331 1954 1395 1995 Ad
1426 1954 1659 1995 secundum
1686 1953 1935 2005 dicendum,
1965 1953 2080 2007 quod
2108 1952 2308 2006 Magister

1277 2026 1512 2079 specialiter
1532 2026 1577 2066 in
1597 2025 1778 2066 Ecclesia
1796 2026 1955 2067 zelabat
1973 2026 2124 2076 fidem,
2155 2028 2196 2066 et
2214 2025 2307 2066 ideo

1278 2097 1478 2150 Magister
1497 2098 1806 2139 accendebatur
1832 2100 1978 2140 contra
2001 2098 2101 2139 fidei
2129 2110 2308 2151 corrup-

1274 2173 1400 2212 tores.
1432 2170 1661 2224 Dupliciter
1689 2172 1833 2211 autem
1865 2170 2098 2224 corrumpit
2128 2169 2224 2223 quis
2254 2170 2306 2210 fi-

1275 2243 1373 2285 dem
1394 2255 1404 2284 :
1426 2245 1500 2283 aut
1527 2244 1669 2283 motus
1694 2243 1969 2296 perversitate
1992 2241 2243 2294 voluntatis,
2265 2244 2306 2283 et

1274 2315 1507 2356 allectionis
1522 2330 1531 2365 3
1555 2317 1595 2355 et
1608 2314 1676 2356 hic
1694 2315 1848 2356 dicitur
1863 2315 2043 2356 carnalis
2061 2327 2070 2356 :
2088 2327 2189 2355 nam
2207 2326 2303 2356 caro

1274 2387 1503 2429 diciturhic
1515 2387 1694 2428 carnalis
1705 2387 1884 2438 affectio,
1899 2387 2134 2429 secundum
2147 2386 2251 2428 illud
2262 2386 2275 2408 ⁰
2289 2399 2299 2428 :

1275 2460 1513 2512 Manifesta
1531 2463 1630 2502 stent
1648 2470 1775 2513 opera
1788 2461 1947 2510 carnis,
1968 2461 2045 2500 etc.
2065 2459 2158 2500 Alio
2177 2459 2302 2500 modo

1273 2532 1507 2585 corrumpit
1526 2532 1645 2585 quis,
1668 2534 1808 2573 motus
1833 2532 2105 2586 perversitate
2126 2531 2299 2585 judicii3

1273 2607 1314 2645 θῖ
1340 2605 1409 2646 hic
1432 2605 1587 2646 dicitur
1613 2604 1809 2645 animalis
1837 2604 1959 2658 quasi
1986 2603 2299 2658 phantasticus,

1273 2677 1374 2732 quia
1381 2676 1616 2731 phantasiae
1630 2679 1880 2731 pervertunt
1888 2676 2098 2730 Judicium
2111 2675 2299 2718 rationis.

1696 2805 1785 2834 DUB.
1817 2804 1876 2835 lv.

1377 2883 1467 2922 Quas
1481 2882 1577 2926 bigas
1595 2883 1699 2926 agitat
1717 2884 1752 2916 in
1770 2883 1870 2917 nobis
1890 2882 2013 2916 Christi
2031 2881 2188 2917 charitas.

1327 2966 1479 3009 Contra
1506 2980 1581 3022 per
1606 2968 1881 3010 Ecclesiasten
1904 2968 1918 2991 ⁵
1947 2982 1957 3010 z
1988 2967 2117 3012 Nemo
2142 2969 2225 3013 scit
2244 2979 2302 3012 αη

1272 3039 1386 3091 odio,
1409 3051 1467 3082 cm
1487 3051 1626 3083 amore
1647 3041 1804 3094 aliquus
1824 3042 1899 3084 sic.

1326 3112 1449 3167 Resp.
1472 3113 1718 3165 Dicendum,
1739 3113 1850 3167 quod
1871 3113 2052 3156 charitas
2069 3126 2158 3155 uno
2174 3115 2301 3156 modo

1272 3183 1373 3226 dicit
1404 3187 1608 3227 virtutem
1645 3186 1904 3239 gratuitam3
1937 3186 2019 3228 alio
2051 3186 2177 3228 modo
2204 3186 2303 3228 dicit

1271 3257 1392 3310 large
1411 3270 1602 3300 amorem
1630 3258 1816 3300 multum
1843 3259 2149 3314 appretiantem
2178 3271 2301 3301 ama-

1270 3332 1364 3371 tum
1386 3345 1396 3372 :
1420 3330 1532 3371 unde
1550 3330 1730 3372 charitas
1748 3331 1903 3373 dicitur
1922 3332 2044 3386 quasi
2062 3344 2182 3374 amor
2199 3332 2301 3374 cha-

1317 3461 1359 3502 (ιι)
1375 3461 1429 3493 Sic
1445 3463 1574 3504 corrz'gye
1587 3472 1598 3494 .·
1613 3463 1730 3496 Omnia
1745 3473 1820 3505 quae
1838 3465 1948 3505 nobis,
1967 3468 2035 3497 tam
2047 3474 2108 3505 per
2124 3466 2249 3506 Legem
2267 3467 2300 3497 et

1274 3509 1474 3551 Prophetas,
1490 3520 1591 3552 quam
1607 3521 1668 3552 per
1690 3512 1869 3553 Apostolos
1884 3514 1917 3544 et
1936 3512 2166 3554 Evangelistas
2178 3512 2301 3545 tradita

1274 3560 1364 3598 sunt,
1385 3559 1450 3590 etc.
1464 3576 1504 3581 —
1522 3558 1565 3600 (h)
1588 3559 1719 3602 Corrz'gr.
1741 3560 1958 3593 accendatur.
