2613 3990
124 2467 168 2494 Ad
182 2476 233 2503 op-

96 2519 158 2546 pos.

270 229 348 267 296

267 329 372 356 num
388 316 668 365 diversarum,
689 318 838 367 utputa
854 314 1024 367 quando
1042 314 1167 367 plura
1192 318 1294 355 sunt

265 386 446 427 lucentia
468 399 477 427 :
500 399 585 427 non
613 386 671 425 sic
697 389 758 426 est
783 387 825 425 in
850 386 987 437 gratia
1009 399 1019 426 z
1044 390 1080 426 et
1109 386 1202 426 ideo
1230 387 1292 426 di-

265 457 462 508 cendum,
483 458 595 510 quod
617 470 669 497 ex
689 457 748 497 eis
770 458 814 496 tlt
835 469 988 496 unum.

319 532 356 569 ΐὶ.
382 530 442 569 Ad
475 530 576 570 illud
605 529 715 581 quod
747 528 963 580 objicitur,
992 528 1103 581 quod
1138 540 1180 568 se
1205 540 1292 568 non

263 601 389 641 habet
407 601 449 640 in
471 601 629 640 ratione
650 599 899 649 materialis3
928 599 1155 640 dicendum
1178 600 1291 652 quod

264 673 655 725 augmentationem
689 670 913 723 dupliciter
940 671 1149 722 contingit
1168 672 1288 712 sieri:

264 748 335 785 aut
367 757 439 797 per
468 744 671 783 virtutem
703 742 835 795 ipsius
862 742 1214 794 augmentabilis,
1246 745 1293 782 ut

267 819 375 867 patet
393 816 434 854 in
454 813 640 863 animali,
662 816 702 853 et
715 816 816 854 tunc
835 813 1151 864 augment-abile
1165 813 1293 854 habet

263 898 304 925 se
322 886 366 925 in
387 885 547 925 ratione
564 884 764 934 formalis,
780 887 820 924 et
838 884 986 934 activi3
1005 887 1292 936 augmentans

265 958 305 996 in
335 956 495 996 ratione
528 955 772 1004 materialis,
805 958 845 995 et.
872 955 1042 1008 passivi.
1075 955 1292 1007 Contingit

262 1030 301 1067 et
319 1029 603 1078 augmentum
634 1026 726 1067 fieri
756 1038 831 1079 per
856 1027 1058 1067 virtutem
1077 1027 1291 1067 extrinse—

262 1110 368 1148 cam,
394 1097 665 1150 possibilitate
691 1098 798 1147 sola,
824 1100 864 1138 et
883 1097 1140 1146 unibilitate,
1176 1098 1290 1138 exis—

264 1171 372 1209 tente
384 1169 427 1208 in
442 1169 770 1221 augmentabili3
788 1171 828 1209 et
841 1173 944 1209 tune
954 1170 1288 1221 augmentabile,

263 1241 362 1293 quia
384 1241 679 1294 imperfectum
694 1274 703 1292 ,
726 1253 769 1281 se
789 1240 917 1281 habet
936 1241 981 1281 in
1002 1241 1164 1282 ratione
1192 1255 1291 1295 pas-

260 1312 359 1362 sivi;
376 1316 676 1365 augmentans,
698 1313 799 1366 quia
818 1313 1055 1366 perficiens,
1072 1313 1115 1353 in
1128 1314 1291 1355 ratione

260 1384 447 1424 formalis
465 1387 505 1425 et
525 1384 781 1437 eompletivi,
802 1384 902 1438 quia
921 1384 992 1425 dat
1011 1385 1290 1437 quantitatem

260 1456 501 1507 perfectam.
520 1455 638 1505 Quod
659 1468 762 1508 ergo
782 1456 994 1509 objicitur,
1016 1457 1129 1509 quod
1152 1469 1290 1498 unum

260 1538 347 1566 non
366 1531 427 1567 est
444 1527 488 1567 in
508 1527 692 1580 potentia
711 1528 763 1569 ad
779 1528 911 1578 aliud,
930 1528 1157 1569 dicendum
1175 1530 1290 1582 quod

259 1609 346 1638 non
364 1600 425 1638 est
442 1598 486 1638 in
505 1599 693 1651 potentia
705 1599 757 1639 ad
777 1599 1100 1640 conversionem
1114 1632 1123 1649 ,
1139 1600 1210 1640 sed
1230 1602 1292 1640 est

261 1669 305 1708 in
323 1670 511 1722 potentia
529 1670 581 1711 ad
607 1671 813 1711 unionem
835 1685 842 1711 :
867 1674 908 1712 et
927 1671 1114 1725 potentia
1132 1671 1211 1712 ista
1229 1674 1290 1712 est

261 1739 305 1779 in
343 1740 545 1782 charitate
565 1774 574 1790 ,
610 1742 772 1783 ratione
813 1755 902 1783 suae
934 1742 1287 1796 imperfectionis3

259 1811 359 1864 quia
372 1812 487 1852 enim
501 1812 744 1865 imperfecta
758 1816 832 1863 est,
855 1814 949 1854 ideo
967 1814 1175 1865 possibilis
1193 1828 1291 1868 per-

258 1883 340 1933 fici,
365 1886 405 1923 et
424 1883 516 1924 ideo
533 1884 706 1924 unibilis
719 1885 779 1924 rei
799 1885 1049 1937 perficienti.
1071 1884 1188 1926 Unde
1202 1898 1291 1927 non

258 1954 386 1995 hahet
402 1955 719 2008 possibilitatem
733 1956 785 1996 ad
799 1955 902 1996 illud
916 1956 1030 2009 quod
1045 1957 1228 2008 additur,
1246 1958 1291 1997 in

258 2029 467 2078 quantum
498 2027 680 2067 charitas
690 2041 700 2077 3
734 2027 805 2067 sed
824 2027 870 2067 in
895 2029 1105 2080 quantum
1130 2028 1291 2082 imper-

258 2097 363 2138 fecta
383 2112 391 2138 :
415 2100 456 2138 et
476 2098 534 2138 sic
551 2100 664 2151 patet
684 2098 804 2138 illud.

591 2258 826 2308 QUAESTIO
857 2259 928 2300 III.

490 2363 551 2398 An
574 2362 741 2398 Charitas
758 2364 877 2399 minua·
890 2364 1006 2410 possit
1027 2366 1051 2399 ¹.

315 2458 468 2499 Utrum
499 2458 679 2499 charitas
709 2459 837 2512 possit
867 2459 1071 2510 diminui3
1108 2462 1148 2501 et
1176 2460 1290 2513 quod

259 2531 330 2580 sic,
353 2530 521 2571 videtur
544 2543 618 2584 per
638 2534 837 2571 naturam
869 2532 935 2572 sui
962 2532 1145 2585 oppositi
1170 2545 1179 2572 :
1203 2532 1287 2584 sic,

257 2602 361 2643 sicut
388 2603 495 2643 dixit
517 2602 785 2655 Augustinus
802 2608 814 2628 Ξ
832 2618 839 2644 :
868 2619 886 2642 α
907 2603 1129 2645 Venenum
1150 2605 1289 2645 chari-

256 2675 351 2715 tatis
381 2678 443 2715 est
474 2675 680 2727 cupiditas
711 2689 759 2715 z»
796 2675 908 2715 unde
940 2675 1038 2716 dicit
1066 2677 1179 2729 quod
1212 2678 1287 2718 ubi

256 2759 414 2799 magna
440 2746 665 2799 cupiditas,
697 2746 756 2787 ibi
787 2759 918 2800 parva
945 2747 1146 2798 charitas3
1178 2751 1218 2788 et
1242 2749 1287 2788 in

255 2817 361 2858 libro
393 2817 715 2870 confessionum
733 2821 746 2842 ³
768 2832 781 2858 .·
807 2817 981 2858 «Minus
1001 2821 1040 2859 te
1060 2822 1189 2870 amat,
1211 2820 1285 2873 qui

256 2889 412 2940 aliquid
450 2892 591 2929 tecum
623 2891 738 2929 amat
766 2889 879 2941 quod
914 2901 1000 2929 non
1033 2892 1206 2943 propter
1245 2894 1285 2932 te

255 2962 419 2999 amat.»
455 2960 496 3001 Si
529 2972 632 3013 ergo
658 2960 867 3012 contingit
892 2961 1165 3014 cupiditatem
1198 2975 1285 3003 non

256 3033 421 3071 tantum
436 3031 607 3080 remitti,
627 3032 698 3073 sed
718 3032 845 3072 etiam
872 3032 1045 3084 augeri3
1080 3045 1154 3086 per
1177 3045 1283 3074 con-

255 3102 435 3141 trarium
457 3103 663 3155 contingit
680 3103 928 3143 charitatem
948 3103 1145 3144 diminui.

314 3175 353 3212 2.
379 3173 502 3223 Item,
526 3174 687 3214 veniale
715 3179 775 3214 est
801 3174 964 3215 malum
988 3187 997 3215 :
1021 3175 1090 3215 sed
1110 3187 1196 3215 non
1223 3177 1284 3215 est

255 3244 432 3293 malum,
457 3245 536 3284 nisi
561 3246 672 3297 quod
699 3246 847 3287 adimit
874 3245 1033 3299 aliquid
1053 3246 1104 3287 de
1135 3247 1246 3288 bono
1271 3262 1279 3288 :

299 3352 374 3392 ¹('f.
400 3351 491 3382 Alex.
509 3351 651 3392 Alensis,
673 3352 705 3383 in
726 3353 920 3386 Continuat.
950 3364 982 3394 p.
1002 3355 1043 3385 III
1059 3379 1067 3394 ,
1090 3355 1167 3386 coll.
1190 3364 1279 3396 Lxx,

254 3403 314 3430 art.
337 3403 344 3430 ι
367 3402 397 3429 et
414 3402 450 3438 2,·
473 3400 507 3431 S.
522 3399 656 3438 Thone,
676 3401 765 3439 ll-lt,
783 3411 815 3440 ¹1-
832 3409 926 3441 xxiv,
941 3404 1002 3432 art.
1022 3404 1079 3441 v103
1098 3405 1131 3433 et
1147 3403 1155 3433 I
1174 3404 1279 3442 ΗΜΛ,

255 3446 330 3477 dist.
352 3455 434 3487 xvii,
455 3456 487 3487 q.
504 3454 541 3486 11,
557 3449 618 3477 art.
634 3449 673 3487 {53
696 3450 727 3478 et
747 3448 785 3476 tle
803 3448 904 3486 Malo,
925 3457 1032 3489 q.v11,
1050 3452 1112 3480 art.
1129 3452 1168 3490 23
1190 3451 1282 3491 AEgi-

255 3493 329 3523 (tius
347 3495 460 3534 Rom„
481 3495 488 3525 Ι
508 3495 612 3532 Seni„
631 3494 706 3526 dist.
722 3503 807 3535 XVH,
823 3496 929 3535 princ.
950 3505 985 3536 11,
1003 3506 1035 3537 q.
1053 3505 1088 3537 vg
1107 3499 1278 3539 Riehard„

289 3542 392 3581 Sent.,
412 3542 489 3573 dist.
507 3550 576 3574 xvn
591 3567 601 3583 ,
622 3545 683 3573 art.
705 3545 741 3580 2,
771 3552 803 3583 q.
823 3551 862 3583 v3
897 3544 1066 3575 Francise.
1093 3545 1133 3577 de
1156 3547 1276 3588 Mayr.‚

1333 2880 1699 2941 'magnitudinem
1747 2890 1905 2930 divinae
1950 2889 2184 2931 intluentiae
2232 2901 2241 2928 ε

1029 225 1443 268 SENTENTIARUM
1473 228 1572 270 LIB.
1606 230 1635 269 I.

1369 311 1473 370 ergo
1487 319 1652 360 veniale
1665 319 1811 359 adimit
1821 319 1992 372 aliquid.
2007 320 2086 361 Sed
2099 323 2303 364 naturalis
2316 324 2395 365 ha-

1368 388 1506 428 bilitas
1531 393 1591 429 est
1612 390 1745 430 multo
1762 390 1936 443 majoris
1959 390 2239 443 inhaerentiae‚
2263 408 2392 448 quam

1368 459 1572 500 charitas:
1592 474 1710 513 erge,
1731 474 1830 501 cum
1857 461 2022 502 veniale
2040 462 2198 504 adimat
2210 465 2259 505 de
2272 467 2394 506 boni-

1367 530 1449 568 tate
1463 531 1662 580 naturali,
1681 544 1785 584 ergo
1798 532 1899 572 etde
1914 532 2115 573 charitate
2140 548 2147 573 :
2171 546 2289 586 ergo,
2312 540 2391 578 etc.

1423 602 1460 639 3.
1485 599 1586 641 Item
1604 602 1683 643 hoc
1703 603 1843 655 ipsum
1858 603 2096 644 ostenditur
2110 617 2183 657 per
2198 609 2394 648 naturam

1368 671 1435 710 sui
1456 671 1651 723 sthecti3
1671 674 1770 726 quia
1786 706 1795 724 ,
1823 674 1931 714 sicut
1946 674 2167 715 hominem
2188 677 2396 729 contingit

1367 743 1585 794 proficere,
1602 744 1659 784 ita
1675 746 1934 786 retrocedere
1956 759 1965 786 ε
1988 746 2056 786 sed
2071 759 2144 799 per
2161 748 2394 800 profectum

1366 813 1487 853 liberi
1509 815 1669 855 arbitrii
1693 817 1900 869 contingit
1930 818 1972 858 in
2005 818 2128 859 nohis
2148 819 2394 861 charitatem

1367 885 1534 936 augeri,
1563 886 1666 926 dum
1702 889 1941 929 ascenditur
1972 889 2023 929 ad
2055 890 2351 942 perfectionem
2385 906 2392 932 :

1367 968 1486 1009 ergo,
1509 970 1607 998 cum
1624 961 1848 1001 conveniat
1865 961 2021 1003 eisdem
2037 963 2239 1014 gradihus
2258 965 2395 1006 redire

1366 1028 1415 1068 ad
1440 1029 1819 1083 imperfectionem,
1840 1034 2041 1074 convenit
2063 1034 2309 1075 charitatem
2331 1036 2395 1076 di-

1367 1099 1518 1140 minui.

1420 1174 1459 1212 4.
1480 1171 1604 1223 Item,
1629 1185 1757 1214 omne
1789 1174 1894 1215 illud
1916 1177 2027 1228 quod
2048 1177 2112 1217 sui
2145 1177 2396 1218 dehabilita-

1366 1239 1479 1281 tione
1497 1241 1540 1280 in
1561 1241 1741 1283 termino
1759 1245 1821 1283 est
1840 1256 1967 1284 eausa
1990 1246 2292 1299 corruptionis,
2322 1259 2396 1300 per

1365 1312 1431 1352 sui
1443 1312 1829 1355 dehabilitationem
1846 1315 2187 1358 citraterminum
2199 1321 2260 1358 cst
2270 1331 2396 1359 causa

1366 1384 1662 1425 diminutionis
1691 1400 1699 1426 z
1723 1386 1795 1425 sed
1822 1385 2003 1427 liberum
2023 1389 2247 1429 arbitrium
2272 1390 2395 1430 delia-

1366 1455 1578 1496 hilitatum
1620 1470 1695 1510 per
1729 1458 1995 1499 aversionem
2039 1462 2100 1499 est
2138 1473 2264 1502 causa
2298 1474 2395 1502 cor-

1366 1527 1575 1579 ruptionis
1591 1528 1803 1569 charitatis
1830 1544 1838 1570 ε
1862 1542 1965 1582 ergo
1991 1531 2276 1572 dehahilitatio
2303 1534 2396 1584 ejus

1366 1599 1444 1639 suh
1467 1602 1548 1640 Deo
1566 1603 1627 1641 est
1648 1614 1775 1642 causa
1795 1602 2102 1643 diminutionis.

1420 1673 1457 1711 5.
1480 1671 1585 1712 Item
1603 1672 1683 1713 hoc
1698 1673 1840 1726 ipsum
1859 1674 2094 1715 ostenditur
2111 1687 2186 1727 per
2197 1678 2394 1716 naturam

1365 1742 1497 1795 ipsius
1514 1743 1729 1785 eharitatis
1748 1745 1805 1785 sic
1825 1758 1835 1786 ι
1860 1746 2055 1799 Opposita
2074 1749 2173 1786 nata
2194 1750 2293 1787 sunt
2304 1748 2394 1788 fieri

1366 1814 1475 1854 eirca
1498 1815 1609 1855 idem
1633 1831 1642 1855 .·
1663 1817 1733 1857 sed
1753 1821 2038 1870 augmentum
2052 1850 2061 1868 ,
2095 1821 2136 1858 et
2169 1818 2395 1859 diminutio

1366 1888 1464 1925 sunt
1487 1887 1677 1939 opposita
1690 1887 1725 1926 ¹⁴:
1744 1900 1863 1941 ergo,
1878 1889 1911 1928 si
1932 1889 2129 1929 convenit
2147 1888 2394 1930 charitatem

1365 1957 1532 2008 augeri,
1556 1959 1757 2000 convenit
1776 1962 1816 2000 et
1831 1960 2031 2001 diminui.

1419 2029 1458 2069 6.
1481 2028 1600 2078 Item,
1622 2031 1734 2083 quod
1752 2033 1886 2084 potest
1907 2031 2061 2072 salvari
2078 2031 2167 2071 sine
2188 2033 2395 2084 conjunc-

1366 2100 1478 2142 tione
1498 2102 1565 2142 sui
1587 2103 1639 2143 ad
1661 2102 1835 2156 aliquid,
1855 2105 1990 2156 potest
2010 2102 2115 2142 illud
2139 2103 2191 2142 ab
2211 2102 2282 2144 illo
2303 2106 2396 2156 post

1366 2175 1709 2227 conjunctionem
1735 2175 1920 2229 separari
1948 2190 1956 2216 :
1983 2175 2055 2216 sed
2086 2175 2268 2215 charitas
2298 2178 2395 2216 ante

1365 2245 1622 2286 additionem
1657 2247 1784 2288 hahet
1823 2259 1911 2287 esse
1942 2246 2032 2287 sine
2070 2246 2354 2287 additamento
2384 2260 2392 2286 :

1365 2329 1469 2369 ergo
1490 2321 1622 2369 potest
1648 2319 1833 2372 separari
1856 2333 1865 2360 :
1897 2321 1937 2359 et
1956 2319 1990 2358 si
2009 2318 2113 2369 hoc,
2137 2329 2242 2370 ergo
2268 2320 2310 2358 et
2328 2317 2395 2357 di-

1366 2389 1502 2428 minui
1521 2404 1529 2429 :
1554 2401 1677 2441 ergo,
1699 2393 1776 2430 etc.

1419 2459 1571 2500 Contra
1605 2475 1612 2501 :
1648 2460 1835 2501 Charitas
1865 2463 1927 2502 est
1954 2461 2090 2502 forma
2113 2461 2293 2514 simplex
2313 2493 2323 2512 ,
2354 2465 2395 2502 et

1364 2531 1589 2573 uniformis
1614 2545 1688 2586 per
1712 2536 1849 2574 totum
1870 2544 1879 2573 ι
1902 2545 2006 2585 ergo
2032 2533 2145 2586 quod
2167 2532 2313 2573 adimit
2343 2532 2393 2573 de

1362 2602 1578 2652 charitate,
1599 2617 1682 2656 qua
1702 2604 1864 2644 ratione
1882 2603 2030 2644 adimit
2048 2615 2182 2644 unam
2199 2607 2361 2656 partem
2378 2634 2388 2653 ,

1362 2675 1511 2715 adimit
1530 2677 1570 2716 et
1592 2678 1730 2716 totum
1754 2689 1762 2715 :
1789 2677 1829 2715 et
1853 2675 1886 2714 si
1906 2675 2011 2725 hoc,
2035 2687 2139 2727 ergo
2168 2686 2391 2726 nunquam

1361 2746 1629 2788 diminuitur.

1414 2818 1518 2858 Item
1538 2850 1547 2867 ,
1568 2818 1819 2870 magnitudo
1840 2817 2057 2859 charitatis
2074 2820 2134 2858 est
2155 2817 2391 2858 secundum

2288 2901 2391 2941 ergo

1358 2962 1587 3003 diminutio
1622 2964 1716 3015 ejus
1758 2966 1819 3003 est
1862 2975 1937 3015 per
1973 2962 2302 3003 diminutionem
2323 2962 2390 3002 in-

1356 3034 1543 3075 fluentiae
1566 3047 1575 3074 :
1598 3034 1667 3074 sed
1707 3034 1815 3075 Deus
1850 3046 1936 3074 non
1967 3032 2176 3073 subtrahit
2206 3033 2391 3073 intluen-

1356 3105 1460 3146 tiam
1492 3118 1613 3146 suam
1638 3106 1718 3146 nisi
1750 3106 1960 3154 offensus,
1980 3107 2021 3145 et
2051 3116 2138 3144 non
2161 3104 2390 3144 offenditur

1356 3177 1439 3217 nisi
1469 3190 1543 3230 per
1573 3179 1838 3219 aversionem
1872 3177 1924 3216 ab
1954 3176 2044 3229 ipso
2087 3179 2127 3215 et
2167 3178 2389 3228 contemp-

1355 3251 1448 3289 tum
1480 3261 1490 3288 :
1535 3261 1639 3301 ergo
1676 3261 1762 3289 non
1801 3248 2060 3289 diminuitur
2096 3248 2277 3288 charitas
2308 3248 2389 3288 nisi

1355 3358 1365 3388 I
1386 3356 1490 3393 Sciet..
1507 3356 1584 3387 dist.
1599 3363 1670 3396 Xlx,
1690 3365 1723 3396 q.
1740 3363 1786 3396 113
1808 3355 1926 3386 Thom.
1944 3355 2038 3395 Arg„
2056 3355 2065 3385 I
2083 3355 2188 3394 Seni„
2207 3353 2285 3385 dist.
2300 3361 2386 3395 XVII,

1355 3414 1388 3444 q.
1403 3412 1440 3444 ιι,
1455 3406 1517 3434 art.
1532 3405 1570 3443 45
1591 3404 1708 3434 Petrus
1723 3403 1763 3433 de
1781 3403 1929 3441 Tarant.,
1947 3403 1954 3431 1
1973 3402 2076 3440 Seni„
2093 3402 2169 3432 dist.
2192 3409 2276 3440 xvn,
2292 3410 2325 3441 q.
2337 3409 2386 3433 xt.

1353 3452 1532 3491 —2Aug.,
1557 3450 1595 3481 (le
1624 3450 1693 3482 div.
1727 3451 1847 3489 Quaest.
1873 3449 2055 3488 LXXXIII,
2082 3459 2114 3490 q.
2136 3457 2186 3480 ιιι.
2202 3466 2242 3470 —-
2260 3449 2272 3469 ³
2287 3451 2384 3489 Aug„

1355 3499 1499 3538 Confess.
1521 3497 1579 3528 lib.
1602 3499 1629 3529 X
1644 3523 1653 3538 ,
1676 3507 1705 3529 e.
1722 3505 1818 3537 xxm,
1839 3507 1873 3527 ιι.
1896 3499 1942 3527 it).
1967 3515 2006 3520 -—
2037 3498 2050 3519 Ι*
2066 3498 2180 3538 Arist„
2201 3495 2384 3536 Melaplzys.

1352 3547 1409 3578 lib.
1429 3547 1467 3586 V,
1489 3548 1580 3578 cont.
1600 3549 1652 3577 210.

2440 2484 2552 2512 Funda-

2414 2530 2517 2554 menta.
