2613 3990
340 232 418 269 350

338 329 457 370 ergo,
491 317 525 358 si
554 317 626 359 Dei
656 316 843 369 cognitio
874 318 914 356 et
941 316 1064 357 dictio
1091 316 1179 357 sive
1201 316 1356 359 locutio

335 400 422 428 non
451 392 512 430 est
531 388 737 438 accidens,
765 387 835 427 sed
855 387 987 427 multo
1007 387 1188 427 nobilius
1206 390 1246 428 et
1266 388 1356 428 vir-

331 459 491 500 tuosius
511 471 640 512 quam
657 458 793 499 omnis
809 461 1014 507 creatura,
1036 458 1161 498 habet
1176 459 1354 498 verbum

333 529 636 583 intelligentia),
666 542 751 570 non
776 532 942 570 tantum
965 530 1091 571 simul
1116 530 1351 582 duratione,

330 601 400 642 sed
417 602 542 642 etiam
562 605 713 642 natura
733 615 741 642 ε
764 613 881 653 erga,
902 604 978 642 etc.

690 802 985 845 CONCLUSIO.

332 928 473 962 Dz'rinoe
490 937 648 973 persona?
665 928 795 963 habent
814 927 971 963 ordinem
992 931 1153 970 ozatzzroe,
1173 938 1241 963 non
1263 928 1354 974 quod

376 987 492 1021 altera
522 988 570 1021 sit
599 988 776 1032 posterior
801 988 917 1022 altera
930 999 940 1029 ,·
959 987 1018 1023 sed
1035 986 1085 1034 (a)
1108 987 1266 1023 ordinem
1286 998 1351 1022 mz-

375 1050 481 1091 turoe,
504 1046 543 1081 z'd
560 1050 630 1089 est,
658 1047 840 1082 naturalis
862 1049 1027 1091 originis.

378 1176 499 1229 Resp.
532 1177 584 1217 ad
616 1180 944 1229 argumentum,
974 1177 1201 1218 dicendum
1233 1180 1347 1232 quod

327 1248 428 1289 ordo
462 1248 612 1289 dicitur
642 1261 731 1289 esse
765 1249 945 1302 alicujus
981 1249 1201 1302 dupliciter
1234 1265 1242 1291 :
1274 1254 1348 1292 aut

323 1319 431 1360 sicut
451 1319 657 1369 ordinati,
687 1323 761 1360 aut
781 1320 885 1360 sieut
915 1321 1091 1361 rationis
1109 1322 1344 1364 ordinandi.

324 1390 432 1432 Ordo
455 1391 500 1430 in
526 1391 696 1440 divinis,
719 1391 826 1432 sicut
847 1392 1050 1443 ordinati,
1073 1392 1227 1434 dicitur
1246 1406 1345 1447 per-

321 1474 437 1503 sonae
459 1461 591 1502 Patris
610 1465 651 1503 et
677 1462 770 1503 Filii
795 1466 834 1503 et
855 1463 1035 1516 Spiritus
1059 1465 1214 1515 sancti3
1237 1465 1346 1506 sicut

322 1534 497 1574 rationis
521 1534 767 1585 ordinandi,
796 1534 948 1575 dicitur
972 1538 1136 1576 naturae
1161 1551 1169 1576 :
1192 1540 1345 1578 natura

320 1606 432 1645 enim
447 1605 546 1645 dicit
561 1605 646 1645 vim
661 1605 968 1658 productivum,
982 1608 1215 1648 secundum
1229 1609 1342 1661 quod

318 1676 419 1717 dicit
440 1675 757 1730 Philosophus1,
772 1677 882 1730 quod
898 1681 959 1718 est
978 1679 1043 1718 vis
1063 1678 1187 1719 insita
1200 1680 1339 1731 rebus,

319 1760 373 1788 ex
400 1748 609 1789 similibus
646 1748 798 1789 similia
832 1761 1071 1801 procreans.
1107 1750 1153 1790 ln
1188 1751 1342 1791 divinis

318 1822 461 1859 autem
493 1822 553 1859 est
581 1820 681 1860 ordo
708 1820 943 1861 secundum
975 1821 1296 1873 productionem
1329 1837 1337 1863 :

321 1889 413 1930 ideo
435 1889 586 1930 dicitur
602 1889 661 1929 ibi
676 1891 778 1931 ordo
796 1894 976 1940 naturae,
993 1892 1035 1932 id
1052 1894 1126 1943 est,
1140 1892 1343 1933 naturalis

317 1960 510 2012 originis.
528 1960 644 2002 [nde
664 1962 880 2014 genitivus
892 1962 960 2002 ille
978 1975 1064 2003 non
1084 1964 1342 2004 construitur

317 2031 556 2084 subiective
575 2032 683 2072 sicut
702 2045 799 2073 eum
819 2033 969 2074 dicitur
989 2034 1136 2075 albedo
1153 2035 1336 2088 parietis,

318 2102 391 2142 sed
410 2115 463 2143 ex
482 2103 526 2143 vi
549 2103 838 2145 declarationis
860 2106 1072 2157 essentiae,
1092 2109 1140 2146 ut
1157 2119 1255 2147 cum
1275 2107 1337 2148 di-

316 2172 426 2214 citur
455 2173 600 2215 albedo
627 2175 839 2216 claritatis.
867 2175 917 2216 Et
936 2177 1029 2218 ideo
1050 2177 1275 2219 resolvitur
1293 2178 1337 2219 in

310 2244 432 2297 duos,
452 2248 500 2287 ut
516 2246 570 2287 sit
588 2259 734 2288 sensus
751 2262 758 2288 :
775 2248 876 2289 ordo
899 2251 1076 2301 naturae,
1099 2249 1142 2291 id
1161 2253 1236 2302 est,
1259 2263 1336 2291 na—

310 2317 458 2357 turalis
477 2318 669 2370 originis.

368 2392 386 2428 11
416 2392 456 2429 et
478 2392 516 2430 2.
539 2389 602 2430 Ex
629 2390 709 2431 1100
737 2393 849 2444 patet
874 2391 1062 2444 primum
1084 2392 1197 2445 quod
1222 2393 1334 2446 obji-

311 2461 441 2512 citur;
471 2461 571 2514 quia
598 2462 741 2515 objicit
761 2476 809 2503 ac
837 2463 871 2503 si
896 2463 1105 2504 diceretur
1123 2464 1225 2506 ordo
1245 2477 1334 2507 esse

308 2536 492 2582 naturae,
511 2537 559 2574 ut
580 2534 640 2574 rei
660 2534 879 2575 ordinatae.
906 2534 1021 2576 Patet
1040 2536 1167 2576 etiam
1187 2549 1334 2578 secun-

309 2604 412 2645 dum
443 2605 557 2658 quod
584 2606 763 2646 essentia
798 2606 950 2647 dicitur
985 2607 1031 2648 in
1068 2608 1332 2649 absolutione

309 2676 570 2729 omnimoda,
592 2690 679 2718 non
697 2680 745 2719 ut
761 2678 932 2719 alterius
951 2680 1231 2733 principium3
1254 2693 1333 2722 na-

310 2749 407 2788 tura
430 2761 532 2789 vero
557 2749 654 2790 dicit
672 2753 720 2790 ut
735 2750 907 2791 alterius
925 2751 1182 2804 principium
1205 2766 1214 2793 t
1236 2752 1330 2794 ideo

307 2818 405 2859 dicit
438 2821 797 2874 comparationem
827 2821 878 2862 ad
902 2822 1223 2871 productionem
1242 2824 1329 2866 sive

306 2895 617 2936 emanationem
642 2896 893 2937 naturalem.
921 2896 1037 2938 Unde
1066 2898 1243 2939 ulterius
1261 2902 1329 2940 at·-

308 2962 579 3014 tendendum,
593 2965 703 3018 quod
720 2965 822 3006 ordo
835 2966 1068 3008 secundum
1088 2968 1327 3010 naturalem

350 3046 491 3088 ¹Arist.,
512 3049 762 3090 .i!a9n.]i102·al.
783 3050 841 3082 lib.
858 3051 893 3091 1,
914 3059 943 3081 c.
962 3058 996 3082 x.

349 3099 389 3140 (a)
410 3100 491 3132 Caet.
518 3102 597 3133 edit.
619 3103 681 3135 rel.

1097 226 1510 271 SEN'I‘ENTIARUM
1539 230 1636 272 LlB.
1669 230 1699 272 l.

1429 305 1645 372 *originem
1667 320 1711 360 in
1727 319 1792 360 his
1812 319 2079 362 inferioribus
2098 322 2182 365 duo
2201 324 2313 377 dicit,
2332 325 2448 367 scili-

1433 393 1494 430 cet
1510 390 1834 439 emanationem,
1857 393 1896 431 et
1915 392 2243 434 antecessionem
2261 407 2271 435 ε
2289 398 2330 436 et
2343 397 2448 438 ratio

1432 458 1563 512 hujus
1583 464 1667 513 est,
1689 462 1789 515 quia
1808 463 2017 503 emanatio
2037 464 2079 503 in
2099 464 2165 504 his
2183 465 2450 508 inferioribus

1432 531 1550 583 ponit
1601 532 1886 574 diversitatem
1946 534 2279 576 substantialem.
2333 536 2450 579 Unde

1431 613 1556 642 omne
1585 604 1698 656 quod
1723 607 1892 645 emanat
1918 605 1962 645 in
1988 605 2053 645 his
2080 605 2368 659 inferioribus,
2390 612 2451 650 est

1432 672 1632 724 essectus3
1663 678 1702 716 et
1732 677 1845 729 quod
1883 676 2093 729 producit,
2127 680 2188 718 est
2218 689 2343 718 causa
2369 690 2378 719 :
2410 682 2450 719 et

1432 742 1525 784 ideo
1555 744 1706 786 dicitur
1733 759 1881 798 causa,
1906 747 1957 788 ad
1988 749 2110 800 cujus
2141 760 2229 788 esse
2259 748 2450 801 sequitur

1430 814 1543 854 aliud
1568 830 1576 855 z
1597 819 1637 856 et
1649 818 1749 869 quia
1765 818 1877 859 aliud
1891 819 1935 858 in
1949 821 2117 868 natura,
2133 818 2226 859 ideo
2241 820 2450 872 posterius

1430 885 1476 925 in
1495 889 1661 928 natura.
1685 888 1734 928 In
1748 889 1902 930 divinis
1924 894 2066 931 autem
2087 892 2148 931 est
2167 891 2376 932 emanatio
2397 891 2448 932 ad

1429 970 1560 1010 quam
1587 972 1673 1000 non
1694 963 1962 1015 consequitur
1990 963 2180 1004 essentiae
2213 963 2446 1015 diversitas,

1426 1029 1494 1069 vel
1526 1033 1689 1071 naturae
1717 1045 1725 1071 :
1759 1031 1851 1073 ideo
1878 1045 1953 1073 nec
1981 1034 2099 1087 prius
2128 1046 2209 1074 nec
2241 1034 2448 1087 posterius

1425 1102 1592 1151 natura,
1615 1101 1687 1142 sed
1707 1101 1835 1142 simul
1859 1106 2035 1145 natura:
2053 1107 2094 1145 et
2112 1104 2204 1145 ideo
2227 1104 2272 1144 in
2293 1104 2448 1147 divinis

1424 1183 1511 1211 non
1537 1172 1740 1225 accipitur
1761 1173 1868 1214 ratio
1893 1187 2053 1227 eausae,
2074 1176 2141 1217 vel
2161 1176 2355 1227 effectus,
2378 1188 2447 1216 se-

1423 1243 1611 1284 cundum
1654 1243 1822 1285 Latinos
1839 1278 1850 1297 ,
1902 1246 1973 1287 sed
2013 1259 2170 1288 nomen
2211 1247 2403 1301 principii
2433 1260 2443 1298 ;

1423 1313 1619 1364 quamvis
1650 1313 1811 1366 Graeci,
1842 1317 2015 1356 extenso
2045 1316 2242 1366 nomine,
2269 1319 2447 1357 utantur

1421 1383 1594 1425 nomine
1628 1397 1768 1425 causae
1806 1398 1883 1438 pro
1918 1386 2090 1427 nomine
2125 1387 2323 1441 principii
2359 1402 2367 1428 :
2405 1390 2447 1428 et

1420 1455 1513 1496 ideo
1542 1456 1584 1495 in
1619 1456 1772 1497 divinis
1809 1460 1870 1497 est
1899 1457 2001 1498 ordo
2031 1459 2220 1510 naturae,
2251 1471 2338 1500 non
2359 1471 2444 1512 quo

1420 1527 1525 1568 alter
1552 1527 1606 1567 sit
1635 1528 1842 1581 posterior
1873 1529 2028 1580 altero,
2050 1530 2120 1570 sed
2147 1542 2232 1583 quo
2260 1530 2364 1571 alter
2391 1543 2444 1571 ex

1418 1599 1563 1640 altero.
1590 1599 1639 1640 Et
1664 1600 1744 1641 1100
1767 1603 1827 1641 051
1851 1601 1964 1654 quod
1985 1601 2084 1642 dicit
2111 1601 2379 1653 Augustinus
2398 1602 2443 1643 in

1416 1670 1568 1712 littera.

1472 1745 1509 1782 3.
1549 1741 1612 1782 Ex
1645 1743 1725 1784 hoc
1754 1746 1867 1797 patet
1895 1745 2009 1798 quod
2050 1744 2173 1786 tertio
2204 1743 2401 1797 objicitur
2429 1756 2439 1784 :

1416 1814 1616 1866 quamvis
1648 1815 1762 1855 enim
1783 1815 1827 1855 in
1847 1816 2049 1856 creaturis
2070 1815 2171 1857 ordo
2196 1815 2441 1869 posteriori-

1417 1887 1546 1926 tatem
1566 1890 1709 1939 ponat,
1732 1900 1819 1928 non
1839 1890 1981 1928 tamen
2000 1887 2045 1928 in
2065 1887 2163 1928 Deo.
2183 1886 2233 1928 Et
2246 1887 2441 1940 quamvis

1417 1970 1503 1998 nou
1525 1958 1578 1998 sit
1594 1958 1651 1999 ibi
1672 1959 1955 2012 posterioritas
1971 1991 1980 2009 ,
2007 1972 2094 2000 non
2117 1958 2309 2012 sequitur
2334 1958 2438 2011 quin

1414 2028 1520 2069 bene
1546 2029 1598 2070 sit
1624 2030 1681 2070 ibi
1710 2030 1827 2071 ordo.
1858 2030 1921 2071 Ex
1949 2030 2016 2071 his
2045 2033 2188 2084 patent
2206 2030 2367 2083 objecta
2385 2029 2437 2070 ad

1413 2102 1642 2154 utramque
1676 2105 1853 2155 partem.
1889 2102 2210 2144 Concedendum
2239 2103 2300 2142 est
2331 2112 2435 2153 ergo

1413 2172 1524 2226 quod
1544 2173 1688 2227 aliquo
1709 2174 1834 2215 modo
1854 2174 2063 2227 reperitur
2085 2174 2129 2214 in
2149 2173 2303 2228 divinis
2331 2172 2434 2214 ordo

1413 2248 1579 2286 natnrae
1599 2278 1608 2296 ,
1639 2245 1745 2287 sicut
1780 2246 2004 2287 ostendunt
2039 2246 2188 2299 primae
2222 2244 2430 2295 rationes3

1410 2317 1533 2357 tertia
1550 2319 1691 2358 tamen
1712 2317 1820 2358 ratio
1841 2317 1993 2369 deficit,
2011 2317 2112 2371 quia
2124 2329 2281 2358 nomen
2295 2327 2434 2357 eausae

1409 2404 1497 2432 non
1510 2392 1718 2445 reperitur
1737 2393 1782 2432 in
1802 2392 1972 2441 divinis,
1995 2392 2229 2433 secundum
2246 2390 2429 2439 Latinos,

1409 2464 1592 2517 proprie.
1631 2463 1750 2514 Quod
1780 2465 1978 2518 objicitur
2010 2465 2062 2506 ad
2087 2463 2327 2518 oppositum
2355 2475 2432 2515 pa-

1408 2539 1492 2588 tet,
1518 2536 1620 2590 quia
1641 2537 1744 2578 ordo
1766 2549 1854 2578 non
1878 2539 1938 2578 est
1958 2539 2138 2587 naturae,
2163 2538 2212 2577 ut
2231 2534 2291 2577 rei
2313 2534 2429 2575 ordi-

1407 2610 1534 2648 natae.

1460 2683 1499 2721 4.
1529 2679 1645 2721 Patet
1674 2680 1801 2721 etiam.
1836 2680 1950 2734 quod
1978 2680 2172 2734 objicitur
2202 2678 2252 2720 de
2286 2677 2429 2719 divina

1406 2752 1610 2801 essentia,
1639 2752 1740 2805 quia
1774 2755 1835 2793 est
1870 2764 2025 2793 nomen
2056 2751 2324 2802 absolutum,
2352 2762 2430 2790 nec

1405 2823 1604 2876 importat
1623 2823 1830 2864 rationem
1849 2823 2042 2876 originis.

1459 2898 1497 2937 5.
1530 2895 1735 2936 Ultimum
1757 2899 1883 2949 patet,
1908 2896 2007 2949 quia
2032 2907 2118 2936 non
2147 2896 2211 2935 est
2235 2893 2292 2935 ibi
2324 2894 2426 2936 ordo

1403 2970 1583 3018 naturae,
1605 2979 1689 3020 quo
1706 2967 1810 3009 alter
1828 2967 1943 3022 prior
1959 2967 2103 3018 altero,
2124 2965 2196 3007 sed
2216 2977 2301 3020 quo
2321 2965 2426 3007 alter

1403 3052 1455 3081 ex
1478 3039 1622 3080 altero.
