2613 3990
1057 257 1307 299 DISTINCT.
1338 257 1441 299 XIX.
2230 259 2305 296 317

192 356 416 406 naturam3
448 350 521 394 sed
553 364 629 409 per
657 354 821 393 naturae
848 348 1018 391 unitam
1049 347 1406 401 similitudinem,
1441 360 1517 405 per
1544 345 1815 388 nativitatem
1848 343 2032 386 viventis
2061 358 2112 386 ex
2132 344 2306 387 vivente

192 433 378 473 natura:
401 427 506 470 dum
537 442 605 470 res
631 442 720 470 non
747 425 915 478 differt,
947 424 1053 467 dum
1083 429 1286 467 naturam
1322 424 1396 467 Dei
1432 437 1520 466 non
1553 422 1783 477 degenerat
1820 420 2048 473 nativitas,
2084 420 2188 462 dum
2218 436 2304 463 non

193 505 313 549 aliud
346 505 513 563 aliquid
552 520 602 548 ex
637 505 725 547 Deo
755 517 889 561 quam
920 501 1036 544 Deus
1062 501 1283 544 nascitur:
1307 501 1414 544 dum
1451 499 1562 542 nihil
1590 499 1637 542 in
1668 498 1735 541 his
1767 512 1932 540 novum
1966 501 2048 549 θεῖ,
2071 496 2182 538 nibil
2204 497 2306 538 alie-

194 599 327 638 num,
358 583 469 626 nihil
498 581 750 641 separabile.
775 598 796 621 »
821 579 924 622 Ecce
956 578 1023 621 his
1050 578 1218 632 verbis,
1242 583 1370 636 prout
1398 578 1591 621 humana
1608 575 1815 635 permittit
1831 574 2078 628 infirmitas,
2097 573 2305 632 aperitur,

194 676 247 704 ex
281 675 368 719 quo
394 675 520 703 sensu
551 658 747 702 Christus
779 656 937 699 dixerit
965 671 1007 698 se
1034 671 1122 698 esse
1143 655 1187 698 in
1209 656 1353 711 Patre,
1377 661 1417 699 et
1436 655 1609 697 Patrem
1630 653 1676 696 in
1694 669 1752 696 se.
1775 653 1839 695 Ex
1860 652 2010 696 eodem
2031 651 2161 694 etiam
2182 665 2308 693 sensu

193 736 457 794 intelligitur
485 735 672 795 Spiritus
705 739 878 776 sanetus
906 748 994 776 esse
1026 733 1072 776 in
1102 738 1314 791 utroque,
1337 739 1378 776 et
1398 731 1572 789 singula
1591 746 1877 790 personarum
1897 730 1943 773 in
1963 729 2148 786 singulis
2173 745 2182 766 τ
2207 728 2310 787 qnia

194 815 354 858 scilicet
372 814 418 857 in
437 812 622 870 singulis
641 816 703 854 est
725 810 873 855 eadem
896 810 1122 869 plenitudo
1144 810 1402 864 divinitatis,
1425 815 1465 852 et
1486 809 1610 852 unita
1630 808 1872 851 similitudo
1892 812 2077 862 naturae,
2100 806 2204 865 quia
2223 820 2309 847 non

195 897 258 935 est
276 892 415 951 major
433 891 581 936 divina
600 895 758 933 natura
779 889 821 932 in
851 889 1001 948 aliqua
1022 888 1179 932 harum
1201 902 1504 946 personarum,
1527 886 1600 930 sed
1620 886 1753 929 unius
1773 891 1813 929 et
1834 883 2122 928 indifferentis
2144 888 2312 926 naturae

195 974 297 1013 sunt
325 969 391 1013 hae
422 974 506 1012 tres
535 981 746 1026 personae.
780 966 970 1025 Ideoque
1000 966 1135 1009 altera
1167 965 1213 1008 in
1241 965 1376 1008 altera
1408 979 1498 1008 esse
1528 963 1704 1018 dicitur,
1735 967 1784 1005 nt
1807 962 2065 1021 praedictum
2087 965 2164 1003 est.
2188 959 2314 1003 Unde

194 1045 490 1100 Ambrosius¹,
517 1045 822 1104 praedictorum
850 1044 1085 1087 verborum
1117 1043 1374 1087 sententiam
1405 1041 1531 1085 nobis
1565 1041 1762 1100 aperiens
1791 1055 1920 1098 super
1939 1039 2177 1098 Epistolam
2196 1038 2236 1081 II
2258 1037 2317 1080 ad

199 1122 462 1176 Corinthios,
488 1137 530 1177 v,
554 1122 614 1166 ait
642 1139 650 1165 :
681 1139 704 1164 «
727 1122 810 1165 Per
834 1122 915 1165 boc
947 1120 1209 1177 intelligitur
1234 1120 1363 1163 Pater
1391 1135 1480 1163 esse
1512 1119 1559 1161 in
1587 1118 1724 1172 Filio,
1757 1122 1797 1160 et
1822 1116 1962 1159 Filius
1980 1116 2027 1158 in
2046 1116 2189 1168 Patre,
2213 1115 2317 1172 quia

195 1215 285 1243 una
315 1204 376 1243 est
406 1214 559 1243 eorum
591 1199 846 1243 substantia.
886 1199 951 1241 Ibi
983 1198 1099 1242 enim
1135 1203 1198 1241 est
1234 1198 1402 1253 unitas,
1435 1196 1513 1240 ubi
1545 1196 1670 1239 nulla
1703 1194 1947 1238 diversitas.
1984 1210 2006 1234 »
2039 1193 2145 1235 Ecce
2178 1191 2318 1234 tribus

194 1276 433 1320 illustrium
465 1276 661 1321 virorum
692 1276 972 1331 testimoniis,
1008 1275 1167 1318 scilicet
1191 1274 1434 1332 Augustini
1454 1309 1463 1329 ,
1488 1272 1673 1328 Hilarii,
1696 1278 1827 1331 atque
1848 1270 2068 1314 Ambrosii
2092 1270 2138 1312 in
2165 1268 2316 1312 eodem

195 1353 552 1397 concurrentibus
572 1354 835 1398 revelatione
859 1353 1048 1412 Spiritus
1067 1353 1201 1396 sancti
1222 1353 1266 1395 in
1287 1352 1346 1395 eis
1367 1351 1604 1411 loquentis,
1623 1350 1691 1409 pie
1715 1349 1888 1393 credere
1908 1347 2159 1393 volentibus
2175 1351 2318 1389 osten—

196 1432 315 1476 ditur
338 1426 507 1490 (tamen
528 1432 748 1491 quasiper
766 1432 986 1492 speculum
1007 1440 1047 1475 et
1066 1432 1114 1474 in
1134 1431 1374 1490 oenz'qmate
1392 1430 1430 1488 2)
1468 1429 1655 1488 qualiter
1687 1426 1986 1486 accipiendum
2020 1425 2100 1479 sit,
2123 1438 2222 1467 cum
2250 1422 2316 1465 di-

195 1509 308 1553 citur
325 1509 454 1553 Pater
473 1510 519 1553 in
538 1510 650 1553 Filio
674 1526 784 1566 esse,
809 1510 877 1553 vel
896 1509 1034 1553 Filius
1054 1510 1099 1552 in
1119 1509 1268 1563 Patre,
1293 1508 1362 1552 vel
1384 1507 1572 1566 Spiritus
1594 1510 1766 1549 sanctus
1788 1504 1834 1547 in
1856 1510 2060 1562 utroque.

256 1586 341 1631 Sed
355 1587 446 1646 jam
466 1603 584 1631 nunc
604 1588 655 1631 ad
676 1588 946 1647 propositum
967 1587 1212 1642 redeamus,
1235 1591 1461 1645 coeptoque
1480 1585 1756 1635 insistamus,
1783 1581 2054 1625 ostendentes
2079 1579 2196 1638 quod
2227 1594 2316 1621 ma-

199 1665 428 1722 gnitudine
463 1666 587 1709 nulla
616 1665 750 1710 trium
778 1681 1062 1725 personarum
1088 1665 1219 1708 aliam
1245 1670 1444 1722 superat3
1468 1663 1573 1722 quia
1594 1661 1732 1720 major
1754 1660 1866 1715 aliis,
1889 1673 1967 1702 nec.
1987 1656 2128 1715 majus
2150 1655 2314 1714 aliquid

199 1748 301 1785 sunt
331 1742 428 1786 duae
456 1758 587 1802 quam
621 1759 730 1799 una,
752 1758 830 1786 nec
860 1748 945 1786 tres
970 1758 1103 1802 quam
1123 1742 1248 1797 duee,
1273 1756 1350 1784 nec
1371 1741 1512 1798 major
1531 1740 1646 1783 Deus
1667 1753 1801 1798 quam
1821 1735 1984 1793 singuli
2006 1735 2166 1778 horum
2182 1768 2192 1788 ‚
2215 1732 2319 1792 quia

200 1819 402 1877 singulus
420 1820 578 1864 horum
599 1821 812 1880 perfectus
831 1827 914 1876 est,
937 1835 1015 1863 nec
1035 1825 1097 1864 est
1116 1835 1203 1878 quo
1223 1824 1385 1862 crescat
1402 1818 1479 1861 illa
1502 1817 1722 1876 perfectio.

259 1896 346 1941 Nec
365 1903 428 1941 est
445 1898 594 1957 aliqua
612 1899 747 1942 trium
768 1913 1052 1958 personarum
1077 1912 1175 1956 pars
1200 1897 1303 1951 Dei,
1327 1896 1398 1941 vel
1418 1895 1580 1939 divinae
1601 1893 1814 1948 essentiae,
1837 1892 1940 1951 quia
1965 1890 2142 1947 singula
2163 1889 2322 1932 harum

200 1989 331 2019 verus
345 1980 387 2018 et
399 1975 554 2034 plenus
568 1976 682 2019 Deus
709 1981 786 2032 est,
802 1981 842 2018 et
862 1981 951 2019 tota
971 1981 1012 2018 et
1030 1975 1158 2034 plena
1177 1974 1327 2017 divina
1347 1973 1531 2017 essentia
1552 1978 1630 2026 est,
1650 1977 1691 2015 et
1710 1970 1806 2014 ideo
1829 1969 1955 2013 nulla
1976 1968 2158 2010 istarum
2174 1964 2323 2008 inTri-

201 2052 335 2095 nitate
350 2067 449 2111 pars
466 2058 542 2096 est.
566 2053 690 2096 Unde
712 2052 987 2110 Augustinus
1006 2052 1051 2094 in
1073 2052 1185 2095 libro
1207 2052 1331 2095 tertio
1355 2053 1521 2095 Contra
1541 2049 1841 2094 Maximinum
1865 2045 2114 2090 haereticum
2134 2043 2192 2086 sic
2208 2043 2268 2085 ait
2313 2059 2319 2084 :

208 2129 382 2174 «Putas
415 2129 554 2174 Deum
579 2130 754 2173 Patrem
781 2145 881 2173 cum
909 2130 1018 2173 Filio
1039 2135 1081 2173 et
1100 2129 1266 2188 Spiritu
1287 2135 1450 2183 sancto,
1472 2143 1614 2171 unum
1633 2127 1777 2169 Deum
1800 2139 1888 2168 esse
1909 2138 1998 2167 non
2018 2136 2155 2181 posse.
2180 2120 2326 2163 Times

204 2207 321 2250 enim
342 2222 397 2250 ne
416 2207 545 2251 Pater
563 2208 618 2250 sit
638 2222 736 2267 pars
755 2207 887 2251 unius
909 2207 1002 2260 Dei,
1024 2207 1101 2266 qui
1120 2212 1282 2250 constet
1311 2222 1363 2249 ex
1399 2205 1554 2248 tribus.
1589 2203 1690 2247 Noli
1718 2203 1798 2246 hoc
1829 2201 1980 2244 timere
2017 2217 2025 2242 :
2061 2198 2184 2242 nulla
2210 2197 2325 2240 enini

203 2283 255 2327 fit
273 2284 463 2344 partium
479 2285 526 2328 in
546 2285 724 2328 Deitatis
743 2285 909 2329 unitate
928 2284 1083 2328 divisio
1107 2301 1116 2327 :
1142 2299 1256 2327 unus
1277 2289 1339 2328 θεῖ
1358 2283 1472 2327 Deus
1491 2283 1622 2326 Pater
1638 2318 1648 2337 ,
1673 2287 1714 2325 et
1733 2280 1897 2334 Filius,
1930 2283 1971 2321 et
1991 2276 2182 2336 Spiritus
2209 2289 2328 2318 sane-

205 2366 300 2418 tus,
323 2361 369 2405 id
386 2368 450 2406 est
465 2397 476 2418 ‚
498 2362 590 2421 ipsa
611 2362 803 2405 Trinitas
824 2378 939 2406 unus
959 2368 1020 2405 est
1039 2362 1155 2405 Deus
1175 2363 1208 2405 4.
1230 2362 1362 2419 Ergo,
1383 2361 1547 2420 inquis,
1573 2361 1688 2403 Deus
1712 2360 1840 2402 Pater
1860 2362 1922 2400 est
1942 2370 2040 2415 pars
2061 2353 2154 2397 Dei.
2185 2352 2323 2395 Absit.

205 2439 311 2483 Tres
330 2439 448 2482 enim
467 2454 660 2498 personas
679 2445 781 2483 sunt
799 2440 942 2494 Pater,
966 2445 1006 2483 et
1021 2439 1177 2494 Filius,
1201 2444 1242 2482 et
1261 2438 1450 2498 Spiritus
1464 2443 1639 2481 sanctus
1665 2453 1673 2479 :
1697 2441 1738 2479 et
1758 2435 1805 2479 hi
1825 2440 1926 2489 tres,
1952 2432 2056 2492 quia
2076 2430 2208 2474 unius
2228 2429 2328 2471 sub-

207 2516 376 2560 stantiae
395 2523 522 2572 sunt,
543 2532 684 2560 unum
704 2522 830 2572 sunt,
854 2521 895 2559 et
913 2532 1083 2560 summe
1106 2532 1247 2560 unum
1267 2522 1385 2572 sunt,
1409 2515 1485 2559 ubi
1506 2514 1632 2558 nulla
1653 2519 1913 2557 naturarum
1927 2546 1937 2566 ‚
1960 2509 2086 2553 nulla
2104 2513 2166 2551 θεῖ
2185 2507 2329 2549 diver-

207 2594 310 2638 sitas
328 2594 621 2638 voluntatum.
651 2594 698 2639 Si
729 2595 845 2637 enim
877 2599 1035 2638 natura
1066 2610 1207 2638 unum
1237 2599 1394 2649 essent,
1420 2599 1461 2637 et
1479 2591 1766 2636 consensione
1786 2605 1928 2634 unum
1948 2603 2036 2631 non
2056 2590 2216 2639 essent,
2241 2598 2330 2627 non

209 2687 378 2715 summe
407 2687 547 2715 unum
567 2677 722 2715 essent.
746 2671 793 2715 Si
812 2687 915 2716 vero
937 2677 1095 2715 natura
1113 2672 1305 2730 dispares
1327 2675 1483 2725 essent,
1506 2685 1595 2713 non
1616 2683 1786 2713 summe
1806 2681 1947 2710 unum
1972 2668 2124 2708 essent.
2148 2661 2206 2704 Hi
2226 2675 2329 2717 ergo

209 2755 311 2805 tres,
336 2749 441 2809 quia
460 2764 601 2810 unum
621 2754 722 2792 sunt
742 2755 915 2808 propter
937 2749 1203 2793 ineffabilem
1222 2748 1578 2807 conjunctionem
1597 2746 1785 2800 deitatis,
1798 2759 1886 2803 qua
1900 2740 2179 2786 ineffabiliter
2197 2753 2330 2797 copu-

210 2827 500 2883 lantur,unus
513 2826 629 2870 Deus
647 2831 723 2870 est.
744 2827 850 2870 Pars
870 2842 972 2884 ergo
992 2827 1217 2870 Trinitatis
1240 2841 1328 2870 esse
1349 2841 1437 2869 non
1451 2829 1591 2884 potest
1610 2823 1879 2882 quicumque
1897 2834 2014 2863 unus
2027 2822 2089 2860 est
2102 2817 2148 2859 in
2167 2816 2324 2859 tribus.

212 2904 263 2947 In
281 2904 493 2948 Trinitate
512 2919 614 2961 ergo
632 2919 731 2963 quae
749 2903 864 2947 Deus
884 2909 961 2959 est,
984 2909 1025 2948 et
1045 2904 1173 2948 Pater
1188 2904 1303 2947 Deus
1323 2909 1400 2958 est,
1424 2907 1466 2946 et
1484 2901 1625 2945 Filius
1645 2900 1764 2943 Deus
1784 2904 1863 2952 est,
1883 2903 1923 2940 et
1943 2895 2134 2954 Spiritus
2160 2899 2333 2937 sanctus

213 2980 329 3025 Deus
347 2987 425 3037 est,
448 2987 489 3025 et
507 2981 638 3024 simul
659 2981 703 3024 hi
726 2986 807 3024 tres
826 2996 940 3025 unus
959 2981 1090 3025 Deus.
1110 2981 1197 3025 Nec
1220 2981 1353 3040 hujus
1374 2979 1602 3023 Trinitatis
1622 2977 1750 3021 tertia
1770 2990 1868 3035 pars
1894 2979 1956 3016 est
1979 2987 2094 3015 unus
2112 3006 2122 3027 ‚
2146 2986 2224 3014 nec
2244 2987 2334 3014 ma-

209 3057 282 3117 jus
300 3057 467 3116 aliquid
485 3058 589 3114 duo,
613 3074 744 3118 quam
766 3073 881 3102 nnus
901 3064 964 3102 est
982 3059 1042 3102 ihi
1065 3076 1074 3102 z
1097 3075 1174 3103 nec
1195 3059 1337 3117 majus
1357 3057 1526 3117 aliquid
1547 3061 1648 3099 sunt
1670 3067 1836 3107 omnes,
1858 3065 1991 3110 quam
2011 3048 2174 3106 singuli
2198 3064 2206 3091 :
2230 3048 2334 3107 quia

215 3134 446 3194 spiritalis,
478 3150 566 3180 non
589 3136 824 3195 corporalis
856 3141 918 3179 est
947 3136 1219 3194 magnitudo.
1256 3136 1341 3190 Qui
1358 3142 1505 3194 potest
1540 3147 1710 3192 capere,
1739 3129 1920 3188 capiat
1943 3145 1953 3184 ;
1976 3127 2053 3186 qui
2079 3130 2225 3169 autem
2246 3140 2334 3168 non

216 3217 371 3270 potest,
392 3212 556 3267 credat,
579 3219 620 3257 et
643 3219 735 3257 oret
766 3218 814 3257 ut
843 3214 961 3272 quod
988 3214 1122 3258 credit
1137 3249 1148 3270 ‚
1171 3213 1405 3270 intelligat.
1430 3212 1598 3257 Verum
1622 3214 1684 3253 est
1703 3207 1819 3251 enim
1841 3205 1957 3265 quod
1977 3219 2053 3263 per
2071 3203 2335 3262 Prophetam

218 3288 396 3332 diciturss
409 3307 418 3333 :
431 3290 530 3336 Nisi
544 3290 829 3343 credideritis,
847 3306 935 3334 non
950 3292 1218 3350 intellc'qetis.
1237 3309 1258 3332 ))
1279 3290 1356 3333 His
1370 3289 1515 3333 verbis
1532 3292 1679 3346 aperte
1702 3283 1892 3329 ostendit
1905 3282 2227 3326 indifferentem
2248 3294 2337 3322 ma-

220 3366 495 3423 gnitudinem
514 3367 646 3411 trium
668 3383 966 3427 personarum.
989 3369 1097 3412 Item
1118 3369 1164 3412 in
1185 3368 1336 3413 eodem
1356 3366 1526 3425 capite⁷:
1553 3383 1575 3407 «
1596 3367 1659 3408 Tu
1686 3376 1844 3421 nempe
1863 3360 2011 3404 dixisti
2031 3374 2169 3403 unum
2198 3357 2338 3399 Deum

266 3487 277 3507 ¹
292 3485 463 3527 Ambros.,
480 3486 534 3517 vel
553 3487 665 3527 potius
683 3487 828 3519 Hilarius
849 3486 987 3527 Sardus,
1007 3487 1041 3518 in
1058 3488 1167 3528 Epist.
1185 3487 1218 3518 ΙΙ
1226 3486 1271 3518 ad
1289 3486 1385 3523 Cor„
1403 3494 1432 3516 c.
1449 3492 1480 3525 V,
1497 3483 1556 3515 ubi
1572 3482 1731 3523 explanat
1748 3481 1849 3513 illud:
1863 3481 1950 3512 Deus
1965 3481 2038 3510 erat
2056 3478 2090 3507 z'n
2107 3475 2250 3511 Christo,
2272 3476 2336 3507 ete.

221 3534 313 3564 —21
336 3533 425 3573 Corn,
442 3536 586 3574 xm,12.
600 3534 777 3576 —ssAug.‚
799 3535 892 3566 Cont.
914 3534 1104 3574 Maaez'mz'n„
1126 3535 1184 3566 lib.
1205 3535 1270 3575 ΙΙΙ,
1292 3533 1332 3565 al.
1355 3534 1404 3573 11,
1426 3542 1455 3563 c.
1472 3540 1505 3571 X,
1526 3541 1560 3562 n.
1578 3533 1608 3562 1.
1627 3548 1662 3553 —
1679 3530 1692 3548 ι’
1708 3528 1806 3570 Ιόίά.,
1826 3537 1862 3559 n.
1891 3529 1922 3560 2.
1943 3544 1984 3550 —
2005 3526 2018 3547 ⁵
2039 3523 2174 3563 Matth„
2192 3529 2262 3561 XIX,
2287 3523 2340 3555 12·

223 3581 282 3603 —ss
292 3581 372 3621 lsa.‚
386 3588 447 3622 vn,
459 3580 595 3622 9‚juxta
610 3582 869 3623 Lxx.—⁷Aug.‚
888 3581 943 3613 loc
960 3581 1016 3613 cit.
1034 3590 1069 3614 n.
1085 3583 1117 3613 3.

2337 1595 2405 1621 Pars
2436 1593 2480 1621 II.

2349 1635 2390 1662 Dc
2426 1643 2482 1661 ma-

2359 1677 2482 1711 guitudi-

2338 1719 2482 1751 nisaequa-

2353 1760 2430 1785 litate
2455 1760 2481 1784 in

2353 1801 2467 1828 divinis.

2344 1843 2427 1871 Redit
2449 1843 2483 1869 ad

2352 1885 2481 1920 explica-

2362 1928 2465 1953 tionem

2356 1968 2472 1995 conclu-

2356 2010 2452 2036 sionis.

2384 2441 2466 2474 Quod

2380 2484 2459 2511 nulla

2348 2534 2487 2562 persona-

2349 2576 2410 2594 rum
2425 2574 2489 2602 pars

2377 2610 2419 2633 est
2444 2607 2471 2633 in

2350 2649 2487 2676 Trinitate
