2613 3990
810 316 938 358 DIST.
967 317 1038 357 111.
1069 315 1205 357 PARS
1235 315 1286 355 lI.
1317 314 1436 356 ART.
1468 314 1518 355 II.
1552 312 1748 362 QUAEST.
1778 316 1828 355 ll.
2333 324 2383 362 87

138 407 184 435 Ad
197 416 246 444 op·
317 408 336 445 1
346 435 355 445 .
371 404 453 446 Sed
466 405 664 459 objicitur
674 408 818 448 contra
827 405 908 446 hoc
918 419 927 446 :
939 404 1097 456 Primo,
1114 404 1282 446 videtur

262 476 376 529 quod
390 476 436 517 in
454 477 520 517 his
538 490 625 519 non
643 478 693 519 sit
706 479 821 528 ordo,
836 477 906 517 vel
918 477 1056 529 origo.
1069 477 1154 517 Aut
1166 476 1281 516 enim

261 547 524 601 accipiuntur
539 561 616 602 pro
632 549 843 590 habitibus
860 548 1031 597 innatis,
1047 551 1121 589 aut
1137 547 1281 600 acqui-

259 618 350 659 sitis
371 632 381 660 :
402 620 437 660 si
464 632 540 673 pro
558 620 711 661 innatis
726 652 737 670 ,
760 619 903 660 nullus
931 622 992 660 est
1020 619 1121 660 ordo
1138 651 1148 668 ,
1179 619 1281 672 quia

259 689 386 732 51111111
399 694 498 732 50111
512 704 609 732 cum
622 692 711 744 ipsa
721 690 864 731 anima
878 703 887 741 ;
907 691 941 730 si
957 703 1034 743 pro
1051 690 1277 743 acquisitis,

258 762 318 803 sic
336 775 456 804 amor
472 763 668 817 praecedit
685 762 892 813 notitiam,
911 762 1055 803 nullus
1073 762 1188 803 enim
1205 774 1279 802 ac-

258 834 388 886 quirit
405 834 473 875 vel
490 834 626 875 studet
644 833 803 885 aliquid
822 833 1049 884 addiscere,
1069 833 1151 873 nisi
1167 836 1280 874 amet

257 904 376 946 scire.
399 904 515 946 Unde
530 904 813 956 August-inus,
832 904 877 944 in
895 905 979 945 fine
995 904 1098 945 noni
1115 904 1166 946 de
1191 905 1279 947 Trz'-

257 977 391 1019 nitate
401 980 413 1002 1
427 988 437 1016 :
452 991 472 1014 (1
481 975 653 1016 Partum
664 975 817 1015 mentis
830 975 1035 1016 antecedit
1045 976 1254 1028 appetitus
1265 1008 1274 1026 ,

256 1059 341 1100 quo
354 1046 397 1087 id
417 1045 464 1100 (b)
474 1078 484 1096 ‚
499 1045 613 1099 quod
629 1057 803 1086 noscere
815 1046 1029 1097 volumus,
1049 1047 1277 1099 quaerendo

255 1121 296 1159 et
314 1117 566 1160 inveniendo
579 1149 590 1168 ,
607 1117 795 1158 nascitur
812 1117 970 1170 proles,
991 1129 1088 1171 quae
1108 1121 1169 1158 est
1187 1118 1278 1171 ipsa

254 1189 415 1230 notitia.
433 1202 452 1226 1)
475 1188 562 1229 Αο1
578 1200 683 1241 ergo
702 1200 790 1230 non
803 1191 864 1229 est
882 1189 998 1240 ordo,
1020 1193 1093 1230 aut
1112 1202 1198 1230 non
1217 1193 1279 1230 est

254 1262 348 1304 talis
362 1262 480 1304 ordo.

309 1336 348 1375 2.
364 1333 469 1375 Item
482 1334 650 1376 videtur
663 1334 776 1387 quod
795 1346 881 1375 non
901 1335 953 1375 sit
965 1335 1024 1375 ibi
1040 1336 1273 1388 aequalitas.

254 1406 342 1447 Aut
369 1406 483 1447 enim
511 1407 658 1447 notitia
692 1410 732 1448 et
762 1419 881 1448 amor
909 1408 1173 1460 accipiuntur
1203 1420 1278 1460 per

253 1478 609 1531 comparationem
629 1479 680 1519 ad
697 1491 763 1519 res
781 1479 1013 1528 inferiores,
1030 1480 1169 1520 autad
1188 1480 1276 1519 ani-

253 1561 368 1590 mam
389 1563 400 1590 :
422 1550 456 1590 si
484 1550 536 1590 ad
566 1562 633 1590 res
655 1550 872 1590 inferiores
886 1582 895 1600 ,
917 1550 1187 1591 manifestum
1215 1554 1277 1591 est

252 1622 364 1675 quod
384 1634 472 1663 non
494 1625 554 1662 est
572 1622 631 1662 ibi
652 1622 886 1675 aequalitas,
907 1623 1042 1662 multa
1061 1623 1175 1663 enim
1197 1635 1274 1664 no-

251 1692 394 1734 vimus
411 1705 508 1746 quae
525 1705 613 1734 non
629 1706 837 1744 amamus,
854 1694 888 1734 si
907 1706 981 1746 per
995 1695 1274 1747 comparatio-

251 1776 350 1805 nem
364 1764 414 1804 ad
432 1765 638 1815 animam3
655 1768 728 1805 aut
746 1769 806 1806 est
824 1765 1044 1818 aequalitas
1063 1770 1274 1819 quantum

250 1835 303 1876 ad
322 1835 603 1877 intensionem
621 1869 632 1887 ,
662 1840 736 1877 aut
763 1839 972 1889 quantum
993 1837 1045 1878 ad
1064 1838 1275 1879 extensio-

250 1919 350 1948 nem
371 1921 380 1948 :
401 1910 610 1960 quantum
635 1908 686 1948 ad
716 1909 1008 1949 extensionem
1024 1940 1034 1958 ,
1056 1921 1142 1949 non
1170 1909 1275 1950 illud

250 1982 430 2030 constat3
465 1980 566 2033 quia
597 1992 735 2021 unum
758 1983 926 2020 tantum
957 1984 1018 2021 est
1042 1981 1100 2021 ibi
1129 1996 1138 2022 :
1169 1994 1273 2034 ergo

249 2053 456 2103 quantum
486 2050 538 2091 ad
565 2050 868 2100 intensionem3
900 2051 971 2091 sed
991 2052 1105 2104 quod
1123 2052 1203 2093 hoc
1223 2053 1277 2093 sit

246 2120 399 2161 falsum
413 2120 594 2172 videtur,
616 2121 716 2174 quia
732 2153 742 2170 ‚
765 2133 863 2161 cum
883 2121 1067 2162 sciamus
1085 2124 1274 2164 animam

247 2192 454 2233 minorem
471 2192 569 2243 Deo,
585 2196 625 2234 et
642 2194 723 2246 maj
731 2205 848 2234 orem
863 2205 1051 2246 corpore,
1068 2195 1277 2248 contingit

245 2263 499 2317 quandoque
519 2265 632 2318 quod
651 2277 746 2306 eam
773 2277 968 2306 amamus
987 2267 1124 2319 magis
1143 2279 1274 2320 quam

247 2334 398 2384 Deum,
420 2338 461 2376 et
478 2336 621 2377 minus
636 2348 767 2389 quani
789 2348 941 2389 corpus
961 2351 970 2377 ;
994 2340 1034 2378 01
1053 2338 1111 2378 ita
1136 2351 1274 2391 quan-

247 2406 345 2447 titas
364 2407 522 2448 amoris
540 2420 628 2449 non
649 2409 840 2462 sequitur
861 2409 1140 2462 quantitatem
1159 2411 1273 2452 noti-

242 2479 330 2521 tiae.

299 2555 338 2594 3.
363 2551 470 2594 Item
486 2584 497 2602 ‚
517 2553 631 2606 quod
660 2565 748 2595 non
770 2554 824 2594 sit
854 2554 914 2595 ibi
939 2556 1274 2597 consubstantia-

246 2624 356 2676 litas,
371 2624 555 2676 videtur,
571 2624 674 2678 quia
685 2637 806 2666 amor
819 2628 860 2666 et
872 2626 1021 2667 notitia
1036 2630 1137 2667 sunt
1153 2627 1274 2668 habi-

245 2697 318 2737 tus
345 2698 386 2736 et
407 2695 658 2749 qualitates:
681 2709 785 2749 ergo
811 2697 980 2739 videtur
997 2699 1112 2751 quod
1131 2711 1274 2740 essen-

245 2767 399 2809 tialiter
418 2766 615 2808 differant
633 2768 686 2809 ab
706 2768 798 2821 ipsa
817 2771 973 2811 mente.

298 2841 339 2879 4.
358 2838 485 2890 Item,
511 2838 618 2880 ratio
647 2839 881 2891 Augustini
902 2841 916 2863 ²
936 2843 1020 2892 est,
1053 2842 1166 2894 quod
1184 2854 1273 2884 non

244 2909 328 2951 sint
343 2909 389 2950 in
408 2910 552 2951 anima
567 2909 677 2951 sicut
688 2911 932 2963 accidentia,
948 2913 1049 2966 quia
1067 2926 1111 2955 se
1130 2917 1272 2955 exten-

244 2980 352 3022 dunt
365 2983 482 3023 extra
498 2981 594 3023 :sed
608 2981 690 3023 1100
702 2982 812 3023 nihil
823 2986 903 3035 est;
918 2985 1147 3027 accidentia
1157 2987 1272 3027 enim

244 3063 288 3092 se
309 3052 546 3094 extendunt
560 3055 693 3105 extra,
714 3056 763 3094 ut
781 3054 894 3096 calor
912 3056 1209 3109 calefaciendo,
1231 3062 1272 3099 et

245 3122 359 3164 color
387 3124 654 3166 immutando
681 3125 838 3166 visum.
873 3125 1081 3169 Praeterea
1097 3160 1108 3180 ,
1141 3129 1271 3171 homo

245 3195 463 3246 cognoscit
491 3195 635 3249 aliqua
663 3197 962 3250 cognoscibilia
993 3200 1168 3242 scientia
1197 3213 1271 3242 ac-

245 3264 416 3318 quisita,
429 3278 529 3320 quae
547 3269 611 3309 est
625 3268 817 3310 accidens
828 3283 840 3320 ;
851 3272 894 3311 et
908 3269 967 3312 ita
977 3282 1023 3312 se
1037 3272 1272 3314 extendunt

243 3335 377 3377 extra.

292 3429 305 3450 ¹
333 3430 384 3462 De
403 3431 536 3472 Trina„
555 3434 615 3467 nh.
645 3436 708 3477 ix,
729 3445 759 3468 e.
789 3443 861 3478 xn,
880 3445 916 3470 n.
943 3439 995 3470 18.
1017 3455 1057 3462 —
1076 3457 1117 3464 -
1135 3441 1149 3462 2
1171 3440 1271 3482 thia,

249 3485 282 3509 0.
303 3484 351 3519 IV,
363 3487 400 3510 n.
412 3480 508 3510 5.-·8
520 3481 621 3522 laid„
634 3492 664 3515 c.
677 3491 741 3525 ΧΗ,
758 3493 794 3516 11.
815 3486 865 3526 18,
877 3487 914 3517 ut
926 3484 962 3517 in
977 3485 1089 3520 littera
1104 3488 1270 3530 Magistri.

244 3525 311 3548 -δ
326 3524 426 3566 Ιὸίᾱ.,
446 3536 475 3559 0.
492 3536 538 3570 lv,
558 3538 594 3561 n.
612 3532 643 3562 4.

287 3584 335 3626 (a)
355 3585 436 3618 Caet.
451 3586 529 3620 edit.
551 3597 618 3629 quo
633 3590 676 3622 ad
695 3590 741 3623 id.
760 3608 802 3615 —
821 3591 866 3633 (b)
886 3594 966 3625 Caet.
987 3593 1068 3625 edit.
1089 3596 1181 3636 quod
1198 3605 1270 3629 non

250 3634 330 3664 sunt
349 3632 504 3677 qualitas,
518 3635 575 3667 sed
590 3637 750 3671 mendose.
769 3639 810 3682 (c)
831 3640 912 3673 Caet.
929 3640 1010 3673 edit.
1028 3641 1117 3675 deest
1134 3643 1227 3677 illud.

1698 436 2043 481 CONCLUSIO.

1354 528 1464 569 Mens,
1485 529 1641 572 notitia,
1663 538 1762 563 amor
1780 528 1912 564 liabent
1934 529 2117 573 ordinem,
2138 532 2383 576 (equalitatem

1402 591 1436 622 ct
1456 587 1863 623 0071311051οηίίαῖίΐαΐθῃὶ
1881 601 1890 623 :
1913 599 1997 623 nam
2018 592 2266 626 connaturales
2280 592 2383 628 liabi-

1403 650 1475 687 tus,
1497 648 1538 681 in
1554 649 1821 692 comparatione
1840 648 1888 683 ad
1901 650 2020 689 actus,
2043 648 2176 684 habent
2195 650 2381 695 ordinem,-

1401 708 1435 740 et
1467 705 1653 741 secundum
1681 706 1774 751 quand
1802 711 1885 742 sunt
1913 708 2068 753 perfecti
2095 709 2266 755 habitas,
2299 715 2383 747 sant

1401 765 1575 810 oeqzlales;
1595 766 1953 803 consubstantialitas
1966 778 2101 813 quoque
2121 772 2289 816 apparet,
2305 782 2382 807 cam

1401 827 1527 860 anima
1545 835 1658 871 supra
1671 836 1705 861 se
1722 829 1952 863 convertitur.

1406 919 1527 973 Resp.
1540 920 1592 961 ad
1600 921 1705 973 Arg.
1718 920 1949 963 Dicendum
1957 923 2084 976 quod,
2098 923 2206 964 sicut
2213 923 2383 977 Augus-

1351 990 1467 1031 tinus
1480 992 1494 1013 3
1508 992 1709 1044 assignat,
1730 992 1778 1033 in
1796 993 1863 1033 his
1882 996 1944 1034 est
1963 995 2078 1045 ordo,
2102 995 2323 1048 aequalitas
2342 998 2384 1037 et

1352 1063 1774 1104 consubstantialitas.
1798 1063 1907 1105 Ordo
1927 1067 2070 1106 autem
2088 1066 2321 1107 attenditur
2337 1066 2382 1107 in

1351 1133 1417 1174 his
1434 1134 1649 1175 habitibus
1664 1135 1819 1176 animae
1833 1137 2193 1186 connaturalibus,
2210 1137 2256 1178 in
2270 1150 2383 1179 com-

1351 1205 1566 1258 paratione
1581 1206 1633 1247 ad
1646 1210 1782 1257 actus3
1800 1207 1907 1248 51001
1920 1208 2093 1260 ponitur
2109 1208 2211 1249 ordo
2225 1209 2270 1249 in
2282 1210 2380 1261 fide,

1351 1279 1390 1316 et
1409 1289 1496 1329 spe,
1512 1279 1552 1317 et
1571 1278 1786 1330 charitate,
1809 1279 1905 1319 licet
1921 1279 2048 1320 simul
2067 1279 2348 1321 infundantur
2370 1295 2379 1322 :

1350 1350 1390 1388 01
1420 1348 1478 1388 sic
1506 1350 1617 1400 patet
1645 1350 1757 1402 quod
1787 1350 1987 1403 objicitur
2018 1350 2064 1390 in
2096 1352 2378 1404 contrarium3

1350 1420 1450 1472 quia
1469 1432 1555 1460 non
1575 1423 1635 1461 est
1653 1421 1754 1461 ordo
1777 1421 1822 1461 in
1839 1421 1940 1474 ipsis
1958 1421 2174 1462 habitibus
2190 1423 2382 1465 absolute

1350 1491 1621 1532 consideratis
1633 1524 1642 1540 ,
1660 1492 1730 1532 sed
1747 1504 1821 1545 per
1839 1492 2087 1533 relationem
2098 1494 2148 1534 ad
2161 1497 2292 1535 actus.
2315 1494 2383 1536 Si·-

1350 1562 1504 1603 militer
1516 1566 1576 1602 est
1588 1563 1644 1602 ibi
1659 1563 1878 1616 {equalitas
1893 1564 2130 1605 secundum
2145 1567 2384 1608 conversio-

1348 1645 1446 1673 nem
1467 1634 1621 1675 animae
1648 1647 1776 1687 supra
1795 1647 1858 1685 50,
1879 1637 1919 1675 01
1938 1636 2239 1688 praedictorum
2257 1637 2382 1678 habi-

1348 1708 1472 1745 tuum
1492 1706 1809 1758 pei‘sectioiien13
1825 1707 1936 1747 unde
1950 1707 2049 1747 dicit
2065 1707 2336 1760 Augustinus
2349 1709 2378 1761 '⁴,

1349 1777 1461 1830 quod
1482 1789 1570 1817 non
1583 1778 1705 1818 estin
1725 1778 1790 1818 his
1808 1778 2023 1818 habitibus
2043 1779 2276 1832 aequalitas,
2298 1780 2381 1822 nisi

1348 1848 1584 1888 secundum
1603 1849 1716 1902 quod
1733 1849 1904 1902 perfecti
1918 1852 2030 1890 sunt.

1402 1926 1440 1974 11,
1467 1927 1490 1964 ⁶.)
1511 1927 1551 1964 et
1570 1928 1608 1964 3.
1631 1924 1681 1964 Et
1694 1925 1751 1965 sic
1767 1927 1881 1978 patet
1899 1925 2051 1966 solutio
2069 1925 2121 1965 ad
2140 1926 2247 1967 illud
2265 1926 2379 1979 quod

1348 1994 1398 2035 de
1417 2007 1562 2036 amore
1587 1996 1802 2048 objicitur3
1833 1996 1934 2049 quia
1963 1996 2032 2036 ille
2062 2009 2181 2038 amor
2200 2010 2289 2038 non
2318 2000 2380 2039 051

1347 2067 1555 2119 perfectus
1573 2080 1711 2118 amor,
1738 2068 1809 2108 sed
1829 2068 2077 2109 libidinosus
2097 2072 2137 2109 et
2156 2069 2378 2110 inordina—

1347 2140 1430 2178 tus.
1459 2137 1534 2179 Vel
1552 2139 1775 2180 dicendum
1790 2172 1800 2190 ,
1829 2140 1941 2192 quod
1962 2140 2146 2193 aequales
2165 2143 2286 2191 sunt,
2308 2153 2379 2182 se—

1348 2210 1536 2250 cundum
1560 2211 1673 2263 quod
1694 2215 1792 2252 sunt
1816 2212 2110 2252 connaturales
2134 2228 2142 2252 :
2165 2214 2378 2265 quantum

1347 2281 1461 2321 enim
1481 2284 1542 2322 est
1558 2283 1651 2335 quis
1670 2282 1835 2331 habilis,
1859 2283 1926 2323 vel
1946 2283 2077 2323 facilis
2091 2315 2100 2332 ‚
2125 2283 2178 2324 ad
2197 2295 2377 2335 cognos-

1347 2353 1528 2393 cendum
1549 2366 1612 2403 se,
1632 2357 1799 2394 tantum
1819 2355 1870 2395 ad
1891 2367 1933 2395 se
1954 2355 2202 2396 amandum.
2226 2355 2282 2396 De
2300 2355 2377 2396 ha-

1346 2424 1504 2465 bitibus
1524 2437 1625 2466 vero
1645 2426 1859 2478 acquisitis
1874 2458 1883 2476 ,
1907 2426 2029 2466 malis
2047 2427 2115 2467 vel
2131 2427 2267 2478 bonis,
2289 2440 2377 2468 non

1347 2498 1408 2536 051
1426 2508 1594 2544 verum,
1618 2499 1658 2537 et
1677 2497 1728 2537 de
1748 2497 1814 2537 1115
1832 2510 1920 2538 non
1936 2497 2202 2550 intelligitur.
2223 2498 2375 2539 Simili-

1346 2569 1410 2607 ter
1423 2570 1485 2608 est
1497 2568 1555 2608 ibi
1569 2568 1758 2619 tertium,
1775 2568 1930 2609 scilicet
1943 2569 2372 2621 consubstantialitas;

1346 2638 1445 2691 quia
1464 2639 1699 2680 secundum
1716 2640 1831 2693 quod
1845 2640 2006 2681 dictum
2020 2643 2082 2681 051
2098 2653 2239 2694 supra,
2255 2654 2376 2683 amor

1346 2713 1387 2750 et
1405 2710 1552 2751 notitia
1570 2711 1728 2752 animae
1757 2712 2051 2753 connaturales
2077 2715 2198 2764 sunt,
2220 2725 2374 2754 secun-

1345 2780 1448 2821 dum
1477 2782 1589 2834 quod
1608 2795 1736 2836 supra
1752 2795 1796 2824 se
1814 2784 2089 2834 convertitur,
2122 2786 2162 2824 et
2189 2784 2247 2824 sic
2266 2784 2376 2825 nibil

1345 2852 1521 2893 omnino
1553 2854 1715 2894 addunt
1743 2867 1872 2908 super
1906 2855 2016 2908 ipsas
2044 2855 2264 2907 potentias.
2294 2854 2374 2896 Per

1344 2924 1425 2965 hoc
1438 2924 1553 2965 enim
1568 2926 1681 2978 quod
1697 2926 1840 2966 anima
1853 2926 1933 2966 sibi
1947 2938 2135 2979 praesens
2150 2929 2225 2975 est,
2246 2926 2374 2968 habet

1343 2996 1556 3047 notitiam;
1578 3009 1653 3050 per
1670 2997 1751 3038 1100
1769 2997 1884 3050 quod
1903 3000 1964 3037 est
1979 3009 2117 3037 unum
2136 2997 2229 3049 sibi,
2246 2997 2373 3039 habet

1343 3066 1539 3108 habitum
1561 3068 1716 3109 amoris
1731 3081 1741 3109 :
1761 3071 1801 3109 01
1814 3068 1922 3117 ideo,
1937 3068 2045 3108 510111
2059 3069 2260 3121 potentiae
2273 3072 2374 3110 sunt

1344 3139 1719 3181 consubstantiales
1729 3140 1900 3189 animae,
1912 3141 1961 3180 ut
1978 3151 2110 3192 supra
2125 3140 2272 3181 visum
2288 3143 2369 3192 est,

1342 3209 1401 3251 ita
1417 3214 1458 3251 et
1472 3211 1721 3264 huJusmodi
1739 3210 1924 3251 habitus,
1942 3209 2060 3252 Unde
2071 3242 2081 3260 ,
2101 3211 2178 3252 etsi
2195 3211 2372 3253 videan-

1343 3283 1413 3322 tur
1436 3281 1574 3323 dicere
1604 3282 1781 3323 modum
1811 3281 1982 3323 habitus
1995 3313 2006 3332 ,
2039 3282 2108 3324 vel
2133 3282 2367 3336 qualitatis3

1342 3351 1512 3393 realiter
1531 3355 1674 3394 tamen
1689 3352 1795 3393 nibil
1807 3365 1936 3406 supra
1953 3353 2161 3407 potentias
2176 3353 2340 3395 addunt
2355 3367 2365 3394 :

1342 3424 1384 3464 et
1405 3422 1464 3464 sic
1479 3426 1594 3477 patet
1609 3424 1829 3478 responsio
1847 3424 1900 3466 ad
1918 3425 2132 3478 obiectum
2150 3424 2266 3478 quod
2282 3435 2371 3465 non

1345 3493 1399 3534 sit
1415 3495 1635 3547 aequalitas
1656 3495 1704 3549 (b)
1730 3495 1810 3537 isto
1828 3496 1969 3538 modo.

1397 3568 1436 3605 4.
1449 3565 1515 3607 Ad
1526 3566 1629 3608 illud
1646 3567 1692 3621 (0)
1707 3567 1823 3621 quod
1835 3567 2035 3621 objicitur
2045 3567 2095 3609 de
2108 3566 2270 3608 ratione
2285 3566 2371 3607 Au-

1344 3637 1527 3690 gustini;
1548 3637 1791 3691 dicendum,
1807 3639 1921 3694 quod
1946 3639 2018 3680 illa
2038 3638 2146 3681 ratio
2163 3650 2250 3680 non
2271 3649 2373 3681 con-
