2613 3990
292 246 369 284 346

636 355 981 399 CONCLUSIO.

292 465 333 499 In
360 462 498 498 dz'rim's
517 464 567 497 est.
585 459 749 506 ponenda
772 460 898 504 potent
910 459 954 493 icr
974 458 1174 493 essentialis
1193 467 1316 493 secun—

428 521 508 556 dum
529 530 707 556 numerum
729 518 956 563 possz'bz'lz'wn
979 517 1196 563 adoequutio.

347 616 469 670 Resp.
502 615 553 656 ad
588 615 770 665 Argum.
807 612 1038 653 Dicendum
1079 611 1189 665 quod
1207 644 1216 662 ,
1253 611 1315 652 lo-

291 688 457 742 quendo
487 687 535 727 de
557 685 741 738 potentia
761 684 990 735 essentiali,
1015 696 1111 736 quae
1143 686 1205 724 est
1228 695 1314 723 res-

289 763 410 814 pectu
430 760 546 798 actus
570 756 800 797 essentialis
826 756 913 796 sive
934 755 1240 808 productionis,
1263 755 1312 795 ad

290 831 399 872 nihil
425 842 467 869 se
493 827 677 868 extendit
698 827 741 867 in
771 826 911 875 Patre,
941 827 989 867 ad
1022 827 1135 880 quod
1159 827 1314 879 pariter

286 914 372 942 non
397 899 593 941 extendat
611 912 653 939 se
670 899 714 938 in
729 898 831 939 Filio
848 912 856 938 :
873 901 911 939 et
930 898 1036 949 ideo,
1054 898 1152 950 quia
1168 911 1313 951 atqua-

286 972 383 1013 ]itas
403 982 679 1024 personarum
710 969 896 1010 consistit¹
924 972 1132 1022 quantum
1157 968 1208 1008 ad
1236 981 1312 1022 po-

289 1044 465 1084 tentiam
485 1042 744 1083 essentialem
762 1074 772 1092 ,
791 1041 1104 1082 concedendum
1132 1043 1192 1080 θεῖ
1219 1040 1310 1082 ε111θ

289 1114 501 1156 calumnia
518 1113 630 1166 quod
651 1112 773 1153 Pater
789 1115 831 1153 et
848 1112 979 1153 Filius
993 1111 1212 1164 aequaliter
1228 1112 1311 1152 sint

285 1189 476 1239 potentes
501 1188 708 1239 quantum
738 1185 789 1225 ad
817 1183 1108 1225 extensionem
1133 1184 1306 1236 possibi-

279 1257 395 1298 lium.

336 1333 372 1370 1.
398 1329 459 1370 Ad
480 1328 582 1369 illud
603 1340 706 1381 ergo
727 1328 838 1382 quod
858 1327 1054 1381 objicitur
1073 1328 1118 1368 in
1137 1330 1305 1369 contra-

281 1401 413 1451 rium,
436 1401 547 1454 quod
568 1400 690 1441 latior
709 1403 769 1441 est
787 1400 971 1454 potentia
991 1412 1088 1453 quae
1108 1403 1243 1453 potest
1261 1400 1308 1440 in

282 1472 424 1525 magis
449 1471 664 1523 distantia3
698 1472 925 1513 dicendum
957 1472 1066 1525 quod
1094 1471 1206 1512 istud
1235 1485 1308 1514 ve-

282 1557 383 1585 rum
404 1546 465 1584 est
495 1544 545 1585 de
574 1544 761 1597 potentia
784 1543 932 1584 eodem
958 1543 1082 1584 modo
1107 1543 1240 1594 dicta,
1269 1547 1309 1585 θῖ

279 1618 490 1669 quantum
502 1615 550 1656 ad
565 1615 825 1656 consimilem
840 1615 1015 1656 modum
1028 1615 1305 1669 producendi:

285 1687 356 1729 sed
381 1687 547 1728 Patrem
576 1699 696 1740 posse
720 1687 952 1741 producere
976 1687 1077 1740 quid
1097 1690 1306 1737 creatum,

286 1762 347 1800 est
369 1759 567 1812 potentiae
588 1759 818 1799 essentialis
841 1761 882 1799 et
906 1760 1044 1812 operis
1062 1759 1305 1810 creationis3

290 1830 457 1871 Patrem
489 1842 590 1871 vero
621 1842 739 1883 posse
769 1829 1002 1883 producere
1032 1830 1214 1882 Filium,
1249 1834 1311 1872 est

287 1903 488 1956 potentiae
503 1902 610 1943 utin
626 1914 818 1955 persona,
835 1904 873 1942 et
889 1902 1196 1954 generationis:
1217 1903 1308 1944 ideo

278 1974 350 2015 illa
370 1974 477 2015 ratio
497 1986 584 2014 non
600 1973 712 2015 valet
731 1980 759 2014 ¹.

332 2049 370 2086 2.
394 2045 459 2087 Ad
482 2045 586 2086 illud
612 2045 725 2099 quod
751 2045 950 2099 objicitur
975 2046 1089 2099 quod
1115 2050 1309 2089 creatura

279 2120 320 2159 et
339 2117 470 2158 Filius
486 2121 586 2158 sunt
604 2117 750 2170 plura,
772 2117 1000 2159 dicendum
1023 2119 1137 2172 quod
1155 2131 1306 2160 verum

277 2193 337 2232 est
362 2190 473 2244 quod
501 2192 598 2231 sunt.
625 2189 766 2242 plura,
788 2193 930 2231 tamen
950 2204 1037 2232 non
1063 2192 1186 2245 plura
1205 2204 1307 2245 pro-

275 2263 402 2304 ducta
423 2275 432 2302 :
461 2262 657 2316 quamvis
679 2262 795 2303 enim
822 2262 955 2304 Filius
973 2264 1025 2304 sit
1043 2264 1156 2304 aliud
1176 2276 1307 2317 quam

273 2338 488 2384 creatura,
511 2337 654 2375 tamen
680 2346 768 2375 non
793 2338 855 2375 cst
878 2335 992 2376 aliud
1017 2336 1270 2389 productum
1293 2348 1302 2377 :

275 2405 410 2446 Filius
424 2405 539 2446 enim
557 2408 617 2446 est
635 2407 812 2446 essentia
829 2409 869 2447 et
885 2409 1052 2456 natura,
1074 2408 1144 2449 sed
1163 2410 1305 2449 tamen

274 2489 362 2518 non
381 2477 559 2519 essentia
579 2477 647 2518 vel
667 2481 819 2519 natura
838 2479 1056 2532 producta,
1082 2480 1183 2533 quia
1203 2493 1304 2534 pro-

274 2548 427 2590 ducere
458 2548 617 2589 Filium
650 2561 738 2590 non
767 2551 828 2590 est
858 2549 1090 2603 producere
1118 2550 1302 2604 aliquid,

275 2620 347 2661 sed
367 2620 578 2674 aliquem:
598 2623 638 2661 et
655 2620 747 2661 ideo
765 2633 850 2661 non
868 2622 1062 2675 sequitur
1078 2623 1191 2676 quod
1210 2635 1306 2676 pro-

275 2690 428 2732 ducere
448 2690 606 2731 Filium
625 2693 665 2732 et
685 2696 922 2734 creaturam
938 2693 991 2734 sit
1007 2706 1126 2747 posse
1146 2695 1305 2748 produ-

275 2774 368 2803 cere
386 2762 531 2816 plura,
554 2775 683 2816 quam
709 2776 828 2817 posse
855 2765 1086 2818 producere
1105 2767 1299 2810 alterum.

327 2836 366 2874 3.
389 2834 453 2875 Ad
473 2834 577 2875 illud
605 2835 717 2888 quod
745 2836 941 2889 oincitur
968 2838 1081 2891 quod
1110 2839 1305 2892 producit

277 2918 501 2959 personam
519 2906 608 2948 sine
626 2906 747 2960 Filio,
766 2908 991 2950 dicendum
1009 2912 1120 2963 quod
1137 2924 1223 2952 non
1244 2916 1304 2953 est

279 2976 433 3028 simile,
459 2978 579 3031 quia,
602 2991 699 3019 cum
724 2980 956 3033 producere
989 2985 1225 3023 creaturam
1252 2984 1305 3024 sit

273 3049 504 3101 producere
533 3052 781 3103 essentiam,
811 3055 899 3093 tam
927 3054 1146 3107 productio
1173 3067 1303 3108 quam

277 3121 464 3172 potentia
491 3125 551 3162 est
572 3124 827 3165 essentialis:
851 3128 891 3166 et
916 3125 1016 3178 quia
1043 3127 1224 3168 essentia
1243 3131 1304 3169 θεῖ

276 3190 498 3232 individua
516 3192 560 3233 in
581 3192 701 3235 Patre
721 3198 761 3236 et
786 3196 912 3247 Filio,
939 3197 1034 3238 ideo
1053 3200 1093 3239 et
1119 3199 1304 3251 potentia

280 3264 321 3302 et
339 3261 470 3303 actio:
492 3264 667 3316 proinde
683 3270 723 3307 et
736 3267 807 3308 illa
821 3268 1040 3322 productio
1057 3284 1064 3310 :
1082 3270 1183 3324 quia
1200 3283 1302 3312 vero

321 3370 331 3391 ¹
348 3370 419 3401 Hac
439 3369 570 3402 ratione
591 3396 600 3412 ‚
621 3372 729 3414 inquit
751 3376 785 3407 S.
806 3375 969 3416 Thomas,
999 3379 1084 3418 part.
1104 3377 1138 3418 1,
1158 3388 1190 3419 q.
1208 3387 1301 3419 XLII,

279 3420 341 3449 art.
361 3419 400 3458 6,
421 3418 464 3449 ad
484 3419 501 3449 3
515 3443 524 3458 ,
545 3420 636 3460 quod
656 3422 903 3462 omnipotentia
929 3424 1142 3465 simpliciter,
1164 3428 1213 3457 est
1229 3435 1301 3458 res-

280 3467 381 3506 pectu
402 3466 579 3507 cujuslibet
597 3467 766 3509 absolute-33
786 3480 947 3511 generare
968 3481 1063 3512 vero,
1079 3482 1155 3504 cum
1173 3474 1215 3505 sit
1228 3483 1300 3506 res-

278 3514 470 3555 pectit-um,
490 3524 561 3547 non
581 3516 746 3548 clauditur
771 3519 833 3550 suh
852 3520 1110 3561 omnipotentia.
1139 3523 1302 3554 Concedit

275 3564 392 3594 tamen
413 3562 446 3594 in
460 3565 578 3605 qumst.
593 3564 632 3596 cle
646 3565 808 3606 Potentia,
824 3575 857 3609 q.
874 3574 910 3608 11,
927 3570 989 3600 art.
1006 3570 1037 3611 5,
1051 3570 1140 3613 quod
1156 3570 1299 3612 pertinet

1045 234 1456 278 SENTENTIARUM
1487 235 1584 277 LIB.
1619 236 1651 277 1.

1391 326 1620 379 producere
1642 325 1798 366 Filium
1827 326 1887 364 est
1915 325 2146 377 producere
2173 339 2409 380 personam,

1390 396 1481 437 ideo
1502 397 1717 450 productio
1734 396 1803 436 illa
1824 398 1864 436 et
1882 396 2068 449 potentia
2085 397 2182 438 dicit
2201 399 2302 452 quid
2317 411 2410 453 per-

1390 469 1553 510 sonale:
1577 471 1616 510 et
1633 468 1835 521 quoniam
1859 466 1979 508 Pater
1997 470 2037 508 et
2056 467 2189 509 Filius
2211 482 2298 510 non
2315 483 2413 512 con-

1389 539 1566 580 veniunt
1584 540 1626 580 in
1647 551 1844 593 persona,
1866 539 1936 579 sed
1956 539 2134 579 essentia
2148 572 2158 589 ,
2181 543 2307 593 patet,
2329 544 2410 583 etc.

1442 612 1480 648 1.
1505 609 1566 649 Ad
1592 610 1692 650 illud
1725 609 1836 662 quod
1865 609 2061 662 objicitur
2089 610 2202 662 quod
2223 609 2353 651 Filius
2373 615 2413 653 et

1389 679 1569 732 Spiritus
1587 683 1754 721 sanctus
1774 682 1871 720 sunt
1889 680 2045 733 plures,
2068 683 2165 731 etc.,
2185 680 2410 722 dicendum

1387 751 1500 804 quod
1521 764 1670 792 verum
1688 752 1877 805 estquod
1896 755 2029 805 potest
2042 752 2168 793 etiam
2187 752 2230 793 in
2245 753 2409 806 plures:

1386 821 1457 862 sed
1477 825 1686 874 quantum
1707 823 1756 863 ad
1777 824 1856 863 hoc
1878 835 1962 864 non
1983 823 2212 864 attenditur
2232 824 2413 877 aequali-

1386 895 1464 944 tas,
1487 893 1554 934 vel
1574 893 1853 947 iliaequalitaS,
1875 896 1923 935 ut
1945 897 2085 935 visum
2106 896 2180 935 θεῖ.

1729 1069 1967 1120 QUAESTIO
1998 1071 2068 1113 IlI.

1384 1172 1444 1208 An
1461 1175 1499 1208 in
1515 1173 1651 1208 divinis
1663 1173 1854 1218 (equalitas
1870 1173 1988 1218 quoad
1992 1176 2163 1220 potentiae
2178 1175 2409 1210 intensionem

1753 1233 1919 1279 ponenda
1937 1235 1985 1269 sit
2003 1236 2029 1269 ².

1438 1338 1589 1379 Utrum
1617 1338 1663 1378 in
1690 1338 1846 1379 divinis
1877 1339 1930 1380 sit
1960 1340 2178 1393 {equalitas
2197 1344 2405 1394 quantum

1383 1411 1435 1452 ad
1451 1410 1734 1452 intensionem
1749 1411 1967 1464 potentiae3
1990 1414 2029 1452 et
2048 1411 2161 1464 quod
2179 1412 2250 1464 sic,
2267 1414 2406 1452 osten-

1384 1483 1499 1524 ditur
1513 1481 1593 1523 hoc
1612 1482 1736 1523 modo
1753 1496 1762 1523 ε
1786 1481 1901 1522 Ν11111
1921 1485 1982 1523 θεῖ
2000 1483 2211 1536 potentius
2232 1496 2309 1524 sua
2327 1483 2412 1525 vir-

1384 1556 1496 1594 tute:
1519 1553 1591 1594 sed
1610 1553 1799 1595 Christus
1816 1555 1877 1594 θεῖ
1893 1553 1963 1594 Dei
1984 1553 2148 1595 virtus:
2168 1566 2271 1607 ergo
2289 1553 2411 1595 Pater

1381 1638 1470 1667 non
1498 1628 1560 1666 est
1583 1625 1794 1679 potentior
1820 1625 1952 1666 Filio:
1983 1626 2190 1677 similiter,
2217 1626 2309 1680 pari
2336 1638 2408 1667 ra-

1382 1695 1519 1746 tione,
1541 1707 1620 1735 nec
1638 1693 1769 1736 Filius
1790 1694 1949 1748 Spiritu
1969 1694 2135 1736 Sancto.

1447 1767 1552 1808 Item
1584 1766 1830 1807 substantia}
1865 1778 1987 1820 aeque
2016 1766 2169 1807 nobilis
2201 1766 2252 1820 (a)
2286 1778 2408 1820 aeque

1382 1838 1537 1880 nobilis
1555 1841 1595 1879 et
1612 1838 1821 1879 excellens
1837 1841 1898 1880 est
1917 1839 2103 1892 potentia.
2124 1839 2170 1893 (b)
2190 1854 2199 1880 ι
2222 1839 2294 1880 sed
2313 1839 2411 1880 sub-

1383 1911 1535 1952 stantia
1552 1923 1674 1963 aeque
1699 1910 1851 1952 nobilis
1876 1914 1938 1952 est
1961 1911 2007 1952 in
2035 1911 2160 1963 Filio,
2188 1913 2238 1952 ut
2264 1911 2310 1951 in
2331 1910 2410 1952 Pa-

1382 1986 1446 2024 tre
1469 1997 1478 2023 :
1512 1994 1616 2035 ergo
1649 1985 1690 2023 et
1721 1983 1909 2036 potentia
1933 1995 2055 2036 aeque
2083 1982 2237 2024 nobilis
2264 1995 2274 2023 :
2305 1994 2409 2036 ergo

1382 2055 1489 2095 nihil
1508 2054 1719 2108 potentius
1737 2057 1872 2108 potest
1890 2054 2011 2096 Pater
2030 2067 2160 2108 quam
2179 2054 2325 2096 Filius.

1436 2124 1540 2165 Item
1570 2137 1619 2165 ea
1646 2125 1852 2178 potentia,
1885 2138 1971 2179 qua
2001 2127 2097 2179 quis
2124 2127 2258 2179 potest
2281 2137 2410 2179 supra

1382 2196 1598 2236 infinitam
1623 2199 1663 2237 et
1683 2209 1899 2238 summam
1924 2197 2188 2249 distantiam,
2215 2197 2323 2238 nihil
2350 2201 2411 2238 est

1382 2268 1594 2322 potentius
1615 2280 1624 2308 :
1647 2268 1717 2309 sed
1746 2268 1933 2322 potentia
1962 2267 2088 2309 Verbi
2120 2271 2254 2322 potest
2279 2281 2406 2322 super

1381 2340 1591 2381 infinitam
1617 2343 1658 2381 et
1688 2353 1903 2381 summam
1929 2340 2192 2389 distantiam,
2219 2352 2317 2394 quae
2346 2343 2408 2382 est

1382 2412 1493 2453 inter
1511 2424 1585 2452 ens
1598 2415 1638 2452 et
1654 2424 1740 2452 non
1757 2423 1845 2463 ens,
1864 2412 1964 2465 quia
1979 2412 1990 2434 ³
2007 2423 2084 2465 per
2099 2412 2243 2466 ipsum
2261 2413 2408 2455 omnia

1383 2485 1501 2536 facta
1519 2488 1620 2526 sunt
1637 2498 1650 2529 ;
1672 2496 1791 2536 ergo,
1814 2487 1892 2525 etc.

1435 2556 1540 2596 Item
1560 2568 1608 2596 ea
1636 2555 1842 2609 potentia,
1861 2555 1930 2596 cui
1957 2555 2017 2595 nil
2042 2557 2177 2609 potest
2193 2555 2405 2608 resistere,

1380 2640 1458 2669 nec
1483 2627 1641 2681 aliquid
1671 2630 1806 2681 potest
1833 2639 1928 2672 eam
1953 2627 2187 2679 retardare,
2208 2628 2317 2668 nihil
2346 2632 2408 2669 est

1380 2700 1624 2754 potentius:
1658 2699 1729 2740 sed
1754 2698 1985 2753 potentiam
2015 2697 2110 2739 Filii
2137 2699 2243 2740 nihil
2270 2701 2405 2753 potest

2430 1354 2572 1382 Fundam.

1379 2772 1612 2823 retardare,
1650 2783 1727 2812 nec
1761 2770 1921 2824 aliquid
1951 2772 2086 2824 potest
2113 2770 2152 2811 ei
2184 2770 2401 2824 resistere,
2422 2822 2431 2828 „

1380 2843 1480 2897 quia
1494 2843 1634 2884 subito
1647 2842 1744 2883 facit
1757 2845 1796 2883 et
1808 2842 1958 2893 libere3
1976 2844 2102 2896 patet,
2121 2842 2222 2895 quia
2235 2842 2248 2863 ⁶
2267 2841 2401 2895 dz'oez‘t,

1381 2919 1419 2958 et
1439 2916 1552 2967 facta
1572 2918 1673 2956 sunt
1687 2929 1701 2956 .·
1723 2925 1842 2967 ergo,
1864 2915 1942 2954 etc.

1434 2986 1608 3027 Contra:
1629 2990 1666 3027 1.
1681 2986 1895 3028 Potentior
1914 2989 1976 3028 θεῖ
1993 2985 2178 3040 potentia
2194 2985 2239 3026 in
2260 2998 2310 3028 eo
2328 2987 2405 3040 qui

1379 3058 1515 3099 solum
1537 3060 1673 3111 potest
1688 3071 1830 3111 agere,
1850 3071 1979 3113 quam
1999 3059 2042 3098 in
2061 3069 2110 3099 eo
2126 3058 2200 3111 qui
2218 3071 2345 3111 agere
2364 3062 2405 3100 et

1378 3129 1465 3183 pati
1487 3142 1496 3169 :
1519 3129 1589 3169 sed
1607 3129 1651 3170 in
1675 3129 1796 3171 Patre
1815 3133 1877 3171 est
1899 3130 2036 3171 solum
2059 3141 2208 3183 agere,
2233 3130 2278 3171 in
2298 3129 2401 3171 Filio

1378 3213 1506 3254 agere
1525 3203 1567 3242 et
1584 3201 1669 3255 pati
1689 3214 1698 3242 ε
1721 3214 1839 3255 ergo,
1861 3204 1938 3242 etc.

1379 3309 1421 3341 ad
1435 3309 1717 3350 omnipotentiam
1737 3310 1922 3342 Patris—2
1934 3309 1987 3350 Cf.
2003 3309 2116 3351 AEgid.
2130 3311 2244 3351 Rom.,
2264 3311 2275 3342 Ι
2296 3311 2401 3349 Seni„

1379 3357 1456 3390 dist.
1472 3366 1531 3398 xx,
1547 3367 1580 3399 q.
1596 3366 1640 3398 113
1663 3359 1834 3399 Ricliard.,
1852 3359 1863 3390 1
1880 3358 1986 3398 Sent„
2002 3358 2079 3390 dist.
2093 3366 2151 3400 xx,
2170 3368 2203 3400 q.
2219 3367 2260 3400 115
2281 3359 2400 3392 Thom.

1377 3407 1472 3447 Arg„
1496 3406 1504 3436 l
1527 3405 1632 3444 Sent„
1652 3406 1727 3438 dist.
1741 3414 1800 3448 XX,
1821 3416 1853 3448 q.
1869 3414 1893 3446 1,
1914 3408 1976 3437 art.
1995 3409 2032 3446 13
2055 3406 2140 3437 Gab.
2156 3406 2246 3447 Biel,
2267 3407 2278 3438 1
2297 3406 2400 3446 Sent„

1378 3453 1455 3485 dist.
1467 3461 1527 3494 xx,
1542 3463 1575 3495 q.
1587 3454 1693 3496 unic„
1708 3455 1788 3486 dub.
1803 3454 2016 3493 3.—⁸Joan.,
2035 3463 2060 3495 1,
2074 3455 2232 3486 3.-¹·Ps.
2245 3462 2358 3495 xxxu,
2370 3456 2401 3487 9.

1421 3523 1464 3565 (a)
1488 3525 1568 3577 Qoet.
1589 3525 1669 3558 edit.
1697 3525 1817 3559 nobili.
1837 3543 1877 3550 —-
1899 3525 1939 3567 (b)
1966 3525 2055 3557 Edit.
2090 3526 2166 3558 Ven.
2198 3528 2272 3560 1751
2305 3525 2402 3558 habet

1376 3574 1569 3616 potenuaes

2439 3020 2483 3048 Ad
2497 3029 2565 3057 opp.
