2613 3990
221 213 298 249 <2110

217 298 372 338 iterum
393 301 455 338 est
481 298 583 338 falsa
615 313 622 338 :
660 312 678 335 «
708 297 913 337 Processit
934 310 1018 339 non
1048 303 1145 339 nato
1175 299 1240 339 Ei-

214 368 294 418 lio;
318 384 337 405 »
367 369 465 422 quia
485 372 654 410 notatur
679 369 791 421 quod
811 369 1008 409 nativitas
1038 370 1130 410 Filii
1152 382 1238 410 non

214 438 341 480 fuerit
355 440 481 480 51111111
501 453 596 481 cuni
616 440 879 493 processione
894 440 1076 493 Spiritus
1089 441 1234 481 sancti.

213 507 291 549 Sed
323 509 414 550 hccc
446 514 505 551 est
538 523 667 551 vera:
702 510 921 564 «Spiritus
951 516 1119 553 sanctus
1151 526 1234 553 non

212 582 411 632 processit
432 585 530 622 nato
550 583 666 634 prius
685 581 813 632 Filio;
835 597 853 619 »
881 583 981 636 quia
1005 584 1129 624 simul
1160 584 1238 624 i'uit

209 651 407 692 nativitas
438 652 553 703 Filii,
582 655 621 693 et
649 653 858 705 processio
886 653 1066 707 Spiritus
1087 655 1232 695 sancti.

638 782 728 811 DUB.
760 782 803 810 11.

387 857 554 899 Quidquid
574 859 746 901 unigenito
767 861 880 892 Verbo
898 861 1000 902 dedit,
1021 864 1083 893 etc.

258 939 434 980 Videtur
461 941 570 982 male
598 942 755 994 dicere,
787 944 914 996 quia,
949 944 982 984 si
1016 944 1097 984 hoc
1128 947 1235 985 essct

205 1022 377 1061 verum,
411 1012 525 1053 dedit
563 1013 600 1054 ei
632 1014 905 1067 spirationem
945 1030 952 1055 :
987 1027 1089 1067 ergo
1122 1015 1233 1056 (101111

204 1095 296 1122 eain
328 1084 546 1136 gignendo
578 1100 585 1125 :
621 1098 724 1138 ergo
753 1087 925 1140 spiratio
953 1090 1013 1128 est
1041 1088 1186 1140 genita
1221 1103 1228 1129 z

202 1154 272 1194 sed
312 1155 517 1209 quidquid
553 1157 706 1199 dicitur
741 1159 786 1199 in
823 1160 981 1200 divinis
1015 1164 1229 1211 concrete,

201 1225 354 1267 dicitur
381 1231 422 1268 et
451 1228 681 1281 abstracte,
717 1230 788 1272 sed
814 1243 900 1272 non
923 1233 1186 1273 convertitur
1219 1248 1227 1274 :

200 1309 304 1350 ergo
320 1298 353 1338 si
373 1299 547 1352 spiratio
568 1304 630 1341 est
646 1302 806 1354 genita,
829 1303 999 1356 spiratio
1019 1307 1081 1344 est
1098 1316 1232 1356 gene-

199 1369 322 1420 ratio,
345 1371 458 1423 quod
474 1376 535 1412 est
554 1375 700 1413 contra
718 1374 941 1415 modernos
958 1387 1120 1416 omnes.

252 1440 374 1494 Resp.
422 1442 652 1485 Dicendum
696 1446 809 1498 quod
849 1446 1036 1487 defectus
1081 1450 1143 1488 est
1186 1447 1231 1488 in

200 1514 379 1566 utroque
406 1519 661 1567 argumento
684 1531 691 1556 :
714 1530 813 1557 nam
843 1517 943 1559 illud
973 1531 1060 1559 non
1080 1519 1192 1560 valet.
1217 1532 1227 1560 ε

204 1600 223 1621 α
244 1584 361 1625 Dedit
380 1588 624 1638 generando
645 1588 918 1642 spirationem
933 1622 942 1640 ,
968 1603 1072 1642 ergo
1092 1603 1230 1643 gene-

198 1656 310 1696 ravit
329 1657 573 1710 spiratione,
597 1674 616 1697 »
640 1660 745 1701 sicut
763 1673 850 1702 non
870 1662 1062 1715 sequitur
1083 1675 1093 1703 ε
1121 1679 1138 1702 «
1156 1663 1230 1704 Ge·

197 1729 384 1770 nerando
407 1730 518 1772 dedit
536 1731 643 1772 Filio
665 1734 904 1785 essentiam,
926 1747 1029 1787 ergo
1050 1738 1230 1777 essentia

197 1802 257 1840 cst
275 1801 433 1852 genita.
459 1817 477 1840 »
502 1803 656 1857 Aliqua
676 1805 791 1845 enim
813 1818 889 1859 per
908 1807 1228 1859 generationem

195 1871 397 1913 dicuntur
415 1873 531 1926 dari,
554 1887 651 1928 quae
678 1889 765 1917 non
791 1877 992 1919 dicuntur
1012 1880 1226 1931 generari.

195 1941 245 1982 Et
262 1943 419 1985 iterum
436 1945 518 1986 alia
538 1947 646 1988 ratio
662 1960 749 1989 non
768 1949 906 1990 valet:
929 1966 948 1988 «
968 1949 1152 2003 Spiratio
1167 1953 1228 1991 est

194 2015 340 2065 genita
371 2028 380 2056 t
412 2029 515 2070 ergo
535 2019 708 2071 spiratio
726 2022 788 2060 est
808 2021 1042 2072 generatio.
1064 2035 1083 2057 »
1112 2019 1230 2061 Sicut

195 2086 311 2126 enim
347 2087 458 2129 infra
492 2090 651 2142 patebit
694 2090 744 2132 de
779 2091 945 2132 duabus
980 2093 1229 2133 notionibus

197 2158 326 2199 unius
344 2172 557 2212 personae‚
590 2174 743 2203 verum
767 2166 828 2204 est
846 2164 983 2205 dicere
1009 2164 1121 2217 quod
1142 2176 1229 2205 una

194 2230 449 2282 praedicatur
469 2233 519 2274 de
550 2234 682 2275 altera
700 2235 1017 2278 denominative
1035 2269 1045 2286 ,
1076 2249 1162 2278 non
1184 2237 1229 2277 in

194 2302 492 2354 abstractione3
528 2309 568 2345 et
602 2306 696 2346 ideo
728 2319 815 2347 non
848 2307 959 2348 valet
991 2307 1062 2347 illa
1090 2308 1226 2360 ratio,

193 2373 326 2415 immo
350 2379 411 2416 est
440 2377 497 2416 ibi
526 2378 735 2419 accidens.
761 2378 881 2428 Quod
911 2392 1015 2431 ergo
1035 2380 1194 2421 dicitur
1217 2396 1225 2422 2

196 2446 417 2500 Quidquid
430 2448 693 2500 praedicatur
710 2450 1052 2501 denominative,
1077 2457 1114 2494 ei
1134 2453 1228 2494 abs-

194 2522 351 2570 lraci6,·
378 2532 529 2561 verum
557 2525 618 2562 est
640 2523 691 2563 de
718 2523 919 2575 essentia3
948 2524 1021 2565 sed
1051 2537 1139 2565 non
1169 2528 1230 2566 est

193 2602 346 2631 verum
366 2592 416 2633 de
441 2594 698 2646 proprietate
716 2607 932 2648 personae,
956 2599 997 2637 et
1022 2595 1101 2637 hoc
1119 2597 1230 2638 infra

193 2663 364 2713 patebit.

619 2732 710 2762 DUB.
740 2734 800 2762 111.

183 2835 186 2838 Δ
224 2798 398 2832 Credimus
413 2801 446 2833 in
468 2802 631 2844 Spiritum
651 2807 824 2846 sanctum,
844 2806 901 2847 qui
920 2806 961 2838 de
983 2808 1093 2848 Patre,
1117 2810 1182 2839 etc.

248 2877 421 2921 Videtur
440 2882 594 2923 falsum
613 2883 772 2933 dicere,
792 2884 892 2937 quia
914 2886 1137 2939 proprium
1166 2888 1228 2927 est

194 2949 307 3001 quod
330 2953 528 2993 convenit
548 2954 624 2995 uni
644 2955 721 2995 soli
744 2960 755 2980 ¹
791 2970 799 2996 :
832 2967 936 3008 ergo
962 2956 997 2996 si
1025 2957 1075 2998 de
1104 2956 1228 2998 Patre

195 3020 381 3072 procedit
408 3025 597 3076 proprie,
629 3038 717 3066 non
744 3038 848 3079 ergo
873 3027 924 3067 de
950 3026 1071 3068 Filio.
1109 3028 1151 3069 Si
1182 3032 1227 3070 tu

195 3092 307 3133 dicas
326 3095 439 3146 quod
458 3108 544 3137 non
564 3097 717 3139 dicitur
740 3099 910 3153 proprie
933 3103 1081 3141 contra
1105 3112 1228 3141 com—

196 3165 464 3218 munitatem,
475 3168 546 3209 sed
559 3174 705 3212 contra
718 3171 776 3211 im
780 3172 1082 3226 proprietatem
1093 3188 1102 3224 3
1120 3186 1226 3226 ergo

195 3236 364 3277 videtur
380 3239 493 3291 quod
510 3239 740 3295 improprie
763 3244 960 3296 procedat
978 3257 1003 3285 a
1021 3244 1142 3286 Filio.

250 3307 372 3362 Resp.
404 3309 635 3352 Dicendum
667 3314 779 3366 quod
810 3317 986 3368 Proprie
1016 3328 1104 3357 non
1129 3316 1228 3357 dicit

196 3381 497 3433 proprietatem
534 3383 624 3424 sive
657 3384 957 3436 solitudinem,
996 3388 1068 3429 sed
1106 3390 1227 3429 sonat

240 3487 380 3529 ¹Arist.,
413 3490 515 3531 Topic.
545 3491 603 3523 lib.
625 3492 656 3532 Ι,
686 3502 714 3526 c.
736 3501 835 3525 iv.—
853 3495 866 3516 ²
884 3494 1001 3536 Hilar.,
1022 3495 1062 3527 de
1087 3496 1224 3536 Trinit„

176 3564 183 3572 ,
197 3533 257 3571 lib,
273 3536 349 3576 ΧΗ,
368 3546 402 3569 n.
425 3539 475 3570 56.

977 210 1388 254 SENTENTIARUM
1418 213 1513 254 LlB.
1551 216 1578 255 Ι.

1314 303 1619 353 auctoritatem,
1636 303 1744 344 sicut
1758 303 2076 355 Principaliier.
2095 306 2211 349 Sicut
2222 310 2338 350 enim

1314 370 1436 413 Pater
1456 374 1738 427 principaliter
1757 375 1910 415 dicitur
1927 375 2109 428 spirare,
2132 379 2230 431 quia
2259 381 2339 422 hoc

1313 454 1400 482 non
1424 443 1547 484 habet
1575 445 1626 484 ab
1652 446 1752 496 alio3
1776 446 1832 485 ita
1858 446 1983 486 etiam
2014 449 2179 501 proprie
2196 482 2206 500 ,
2238 451 2340 503 quia

1312 513 1421 553 hanc
1441 515 1738 566 conditionem,
1761 530 1844 558 non
1864 517 2018 558 habere
2034 518 2086 558 ab
2107 519 2204 570 alio,
2234 522 2340 562 nulli

1311 586 1610 627 communicat.
1650 587 1711 628 Ita
1747 588 1916 629 videtur
1954 588 2092 630 dicere
2125 589 2336 642 Magister.

1312 654 1449 697 Potest
1466 660 1608 697 tamen
1628 659 1708 699 dici
1728 660 1841 712 quod
1862 672 1949 701 uno
1970 661 2095 702 modo
2117 663 2340 715 proprium

1310 726 1463 767 dicitur
1494 730 1639 769 contra
1679 731 2052 782 communitatem3
2095 732 2178 773 alio
2215 734 2341 776 modo

1310 799 1845 853 contraimproprietatem3
1866 803 1984 844 tertio
2000 803 2124 845 modo
2135 804 2341 858 accipitur

1309 883 1385 922 pro
1420 872 1760 924 appropriatione
1797 888 1805 914 :
1845 878 1885 915 et
1920 875 1979 916 510
2019 876 2223 929 accipitur
2256 876 2338 917 1110.

1309 937 1515 988 Quamvis
1536 940 1650 980 enim
1663 941 1835 994 spiratio
1854 956 1976 996 {eque
1998 957 2098 985 vere
2111 947 2151 985 et
2170 945 2341 997 proprie

1308 1011 1532 1051 conveniat
1554 1011 1665 1052 Patri
1687 1016 1727 1053 et
1744 1012 1867 1065 Filio,
1888 1018 2034 1057 tamen
2054 1015 2342 1069 Hieronymus

1307 1083 1553 1136 appropriat
1580 1096 1674 1124 eam
1708 1084 1758 1137 (a)
1784 1085 1896 1126 Patri
1918 1090 2090 1141 propter
2109 1088 2342 1129 auctorita-

1306 1156 1408 1196 tem.

1731 1223 1821 1251 DUB.
1847 1223 1910 1252 1v.

1461 1293 1525 1324 Per
1545 1302 1623 1325 eum
1643 1296 1779 1326 sanctus
1797 1293 1940 1335 Spiritus
1963 1295 2004 1336 (b)
2027 1297 2103 1328 tuus
2119 1298 2184 1328 est.

1357 1370 1533 1412 Videtur
1561 1371 1746 1413 Hilarius
1774 1378 1786 1398 2
1815 1373 1884 1413 hic
1914 1374 2100 1415 referens
2128 1376 2259 1417 verba
2285 1377 2339 1417 ad

1304 1441 1439 1483 Deum
1474 1444 1584 1485 male
1616 1444 1777 1496 dicere,
1806 1445 2006 1495 dicendo,
2035 1456 2109 1498 per
2128 1457 2221 1488 eum
2252 1451 2336 1494 est,

1304 1515 1406 1567 quia
1434 1518 1499 1566 (nt
1530 1516 1629 1556 dicit
1652 1515 1913 1570 Priscianus)
1937 1527 2037 1569 per,
2068 1530 2167 1558 cum
2202 1519 2340 1560 verbis

1304 1587 1557 1639 transitivis,
1592 1588 1806 1640 significat
1836 1589 2236 1641 subauctoritatem3
2269 1592 2339 1633 sed

1305 1670 1403 1698 cum
1427 1659 1630 1699 absolutis
1645 1691 1655 1708 ,
1678 1659 1970 1700 auctoritatem
1989 1692 1999 1711 ,
2025 1663 2073 1701 ut
2099 1664 2212 1714 patet
2242 1674 2339 1702 cum

1304 1731 1456 1773 dicitur
1479 1747 1488 1773 ε
1521 1748 1540 1772 «
1564 1732 1656 1785 Ego
1677 1746 1774 1774 sum
1794 1733 1960 1786 sapiens
1977 1746 2052 1787 per
2071 1733 2226 1785 Deum3
2250 1749 2269 1773 »
2294 1735 2340 1775 in

1303 1803 1387 1844 Deo
1421 1807 1593 1845 notatur
1628 1804 1871 1845 auctoritas.
1905 1804 2010 1846 Cum
2044 1818 2148 1858 ergo
2186 1806 2340 1848 dicitur

1303 1876 1418 1936 quod
1439 1875 1620 1929 Spiritus
1640 1880 1810 1917 sanctus
1825 1879 1923 1918 esta
1936 1876 2059 1918 Patre
2072 1889 2146 1930 per
2160 1877 2336 1930 Filium,

1302 1948 1347 1988 in
1365 1947 1470 1989 Filio
1490 1951 1662 1989 notatur
1682 1948 1924 2007 auctoritas.

1357 2019 1478 2073 Resp.
1522 2020 1752 2062 Dicendum
1790 2021 1904 2074 quod
1937 2020 2070 2073 aliqui
2107 2021 2339 2063 voluerunt

1302 2092 1440 2133 dicere
1461 2092 1573 2145 quod
1601 2093 1693 2133 haec
1719 2094 1781 2133 est
1806 2084 2039 2146 impropria
2074 2107 2083 2133 :
2110 2107 2129 2131 α
2156 2092 2337 2146 Spiritus

1302 2168 1473 2205 sanctus
1492 2167 1555 2205 est
1573 2178 1598 2205 a
1628 2164 1748 2206 Patre
1775 2177 1849 2218 per
1870 2164 2027 2205 Filium
2041 2197 2051 2215 ,
2077 2164 2166 2206 sive
2185 2177 2332 2217 proce-

1303 2236 1383 2287 dit;
1409 2251 1427 2274 »
1459 2241 1499 2278 et
1529 2237 1652 2278 debet
1678 2236 1833 2277 resolvi
1859 2236 1905 2276 in
1932 2236 2044 2277 hanc
2070 2248 2080 2276 ε
2115 2251 2134 2274 «
2156 2236 2339 2290 Spiritus

1303 2311 1472 2350 sanctus
1503 2309 1688 2362 spiratur
1718 2321 1743 2349 a
1775 2307 1898 2349 Patre
1929 2319 2004 2360 per
2032 2307 2212 2359 Filium3
2245 2322 2264 2345 ›)
2299 2311 2339 2348 et

1304 2380 1572 2420 consentiunt
1591 2380 1743 2420 rationi
1763 2379 1991 2433 praedictae.
2021 2378 2102 2420 Sed
2136 2392 2234 2420 cum
2259 2377 2339 2418 ista

1303 2453 1357 2492 sit
1374 2465 1494 2504 vera,
1518 2468 1537 2491 «
1553 2452 1751 2493 Creatura
1771 2452 1960 2505 procedit
1979 2464 2003 2492 a
2024 2450 2147 2492 Patre
2164 2462 2240 2502 per
2260 2448 2291 2489 F
2295 2449 2334 2489 i—

1303 2523 1432 2575 110111,;
1455 2538 1474 2561 ))
1504 2527 1545 2564 01
1569 2524 1663 2564 haec
1683 2523 1877 2564 similiter
1905 2523 1992 2564 exit
2023 2522 2091 2563 vel
2121 2521 2334 2575 procedit;

1302 2608 1390 2637 non
1404 2593 1527 2637 video
1545 2596 1753 2637 rationem
1768 2608 1899 2649 quare
1917 2594 2113 2635 similiter
2127 2593 2198 2633 illa
2208 2593 2339 2634 verba

1303 2666 1451 2708 Hilarii
1477 2680 1564 2708 non
1600 2668 1759 2720 possint
1790 2667 1960 2720 proprie
1984 2666 2080 2707 dici.
2109 2664 2338 2718 Propterea

1303 2742 1364 2780 est
1383 2739 1608 2780 dicendum
1623 2770 1633 2788 ,
1656 2739 1770 2792 quod
1790 2738 1987 2792 quamvis
2008 2736 2233 2791 procedere
2252 2748 2337 2777 non

1303 2811 1356 2852 sit
1369 2811 1549 2852 verbum
1568 2811 1841 2852 transitivum
1857 2812 2068 2863 quantum
2085 2808 2138 2849 ad
2159 2807 2335 2849 modum

1302 2883 1591 2935 significandi,
1613 2882 1714 2936 quia
1743 2894 1830 2923 non
1852 2879 2116 2922 construitur
2140 2889 2240 2917 00111
2265 2888 2337 2917 ac-

1303 2954 1515 3005 cusativ03
1538 2955 1639 3008 quia
1660 2957 1801 2995 tamen
1826 2950 2055 3006 aequivalet
2081 2948 2306 2989 transitivo
2322 2980 2332 2998 ,

1302 3028 1352 3066 ut
1382 3038 1481 3066 cum
1509 3026 1661 3066 dicitur
1683 3039 1692 3066 :
1722 3041 1741 3064 α
1763 3023 1955 3065 Procedit
1972 3034 1997 3062 a
2023 3019 2147 3060 Patre
2168 3031 2242 3072 per
2265 3018 2332 3059 Fi—

1300 3097 1430 3148 lium,
1451 3111 1470 3134 »
1487 3097 1773 3150 judicandum
1792 3097 1853 3136 est
1871 3094 1980 3134 sicut
1996 3092 2047 3133 de
2067 3091 2199 3133 verbo
2218 3093 2335 3130 tran-

1301 3168 1448 3220 sitivo,
1470 3170 1511 3209 et
1527 3168 1620 3209 ideo
1640 3168 1742 3210 dicit
1758 3163 2136 3208 subauctoritatem

1520 3330 1845 3380 ARTICULUS
1877 3327 2102 3374 UNICUS.

1355 3457 1580 3516 Supposito
1597 3470 1650 3498 ex
1665 3452 2000 3510 praecedentibus
2017 3449 2131 3504 quod
2146 3442 2330 3498 Spiritus

1345 3543 1384 3584 (a)
1406 3542 1483 3574 Caet.
1503 3541 1583 3574 edit.
1603 3549 1695 3572 eum.
1708 3538 1751 3579 (b)
1767 3538 1815 3569 al.
1832 3539 1969 3568 sanetus
1984 3531 2142 3572 Spiritus.
