2570 3986
1056 235 1336 278 APPENDIX.
2101 253 2259 282 Lxxm

1024 356 1381 412 APPENDIX

195 467 559 521 Quandoquidem,
580 468 685 507 bene
700 467 880 519 juvante
906 466 1002 517 Deo,
1024 470 1213 508 nostram
1235 469 1285 508 de
1314 468 1477 520 scriptis
1496 467 1539 509 S.
1562 468 1873 509 Bonaventurae
1902 468 1954 509 ad
1983 469 2145 510 exitum
2163 483 2261 523 per-

142 539 346 579 duximus
365 538 720 587 dissertationem,
742 538 829 590 jam
849 537 952 578 illud
979 540 1041 578 est
1059 539 1294 591 reliquum,
1316 542 1364 579 ut
1382 539 1451 579 hic
1478 539 1706 580 acervatim
1736 551 1785 579 ea
1814 540 2064 592 colligamus
2092 542 2257 594 scripta,

141 622 239 662 quae
261 610 306 650 in
325 609 524 651 Vaticana
542 608 733 649 Editione
752 608 893 648 locum
914 620 1002 649 non
1021 609 1209 651 habuere
1225 642 1234 659 ‚
1259 622 1439 663 quaeque
1459 613 1534 651 aut
1560 610 1761 663 temporis
1782 610 1953 662 injuria,
1979 614 2052 651 aut
2080 611 2260 652 aliorum

142 681 301 722 invidia
330 681 563 734 perierunt.
598 679 658 720 Ac
689 679 878 732 primum
911 690 953 718 se
982 678 1103 718 nobis
1133 679 1316 719 offerunt
1349 691 1422 729 ea,
1469 690 1566 731 quae
1596 690 1767 719 coaevus
1798 679 1973 731 scriptor
2007 677 2262 720 Ptolomaeus

143 751 341 792 Lucensis
360 752 404 791 in
423 764 498 791 sua
519 751 631 792 Hist.
653 750 782 799 Eccl.,
802 749 875 789 lib.
897 747 1039 799 XXIII,
1060 762 1149 802 cap.
1172 763 1200 800 1,
1224 750 1571 790 commemoravit
1589 765 1596 790 :
1617 751 1920 791 Bonavemura
1936 750 2172 802 postillavz't
2185 751 2264 792 ali-

141 834 243 875 quos
263 823 389 865 libros
410 822 581 871 Biblioe,
604 822 716 864 sicui
738 821 867 862 libros
899 820 1156 871 Salomonis,
1181 825 1217 863 ei
1234 821 1321 872 Job,
1345 821 1617 873 eiEpisiolas
1639 821 1779 862 Pauli.
1804 820 1911 861 Satis
1932 824 2074 861 autem
2099 821 2263 874 plorare

140 892 366 944 nequimus
381 891 594 943 Jacturam
622 889 917 939 Postillarum,
941 901 1128 940 quarum
1150 890 1343 929 meminit
1369 889 1590 939 LucensiS,
1615 892 1656 929 et
1673 904 1779 943 quas
1800 891 1846 931 in
1864 891 2020 932 librum
2046 891 2137 943 Joh,
2160 893 2263 934 etin

141 962 344 1015 Epistolas
364 961 562 1002 Paulines
584 960 811 1002 confecisse
829 960 977 1000 fertur.
1008 960 1060 1000 Se
1080 973 1208 1013 penes
1227 960 1411 1014 postillas
1431 961 1507 1000 has
1524 961 1653 1002 fuisse
1672 965 1847 1003 testatur
1866 962 1936 1003 Fr.
1958 963 2019 1004 Jo.
2043 963 2263 1005 Mahusius

140 1034 186 1073 in
216 1032 399 1085 Epistola
429 1033 607 1085 praefixa
636 1031 961 1072 Commentariis
986 1030 1032 1070 111
1060 1030 1243 1082 Lucam,
1274 1031 1534 1084 Antuerpiae,
1575 1045 1644 1073 an.
1680 1036 1798 1084 1539,
1838 1034 1945 1074 111-8.
1978 1034 2109 1075 Penes
2140 1036 2263 1076 illum

140 1115 313 1157 quoque
336 1103 419 1144 fuit
444 1102 758 1144 Bonaventurae
788 1101 957 1143 Postilla
986 1102 1032 1142 in
1059 1102 1226 1143 Cantica
1255 1102 1542 1153 Canticorum;
1573 1103 1617 1144 in
1636 1103 1708 1145 XII
1735 1104 1963 1158 Prophetas
1991 1105 2193 1157 Minores3
2218 1107 2263 1147 in

138 1175 296 1216 librum
314 1173 411 1225 Job3
435 1174 481 1214 111
510 1173 759 1214 Blatthaeum
776 1206 786 1224 ,
808 1177 849 1214 et
881 1172 1091 1225 Marcum3
1115 1174 1160 1214 in
1188 1187 1336 1216 omnes
1359 1174 1563 1228 Epistolas
1588 1175 1635 1216 D.
1663 1174 1797 1216 Pauli.
1825 1175 1939 1217 Num
1969 1189 2071 1219 vero
2110 1179 2262 1232 scripta

139 1238 520 1298 haec'sintgenuina
546 1244 589 1286 S.
608 1244 816 1294 Doctoris,
838 1245 945 1285 alius
963 1245 1132 1285 viderit.

193 1316 393 1358 Similiter
409 1315 553 1358 Sixtus
577 1315 778 1357 Senensis
797 1316 841 1356 in
862 1315 970 1357 Bibl.
992 1315 1118 1357 Sacra
1136 1348 1145 1366 ,
1165 1317 1237 1357 lib.
1258 1316 1325 1357 IV.
1346 1330 1446 1370 pag.
1469 1321 1561 1370 2217,
1585 1331 1670 1372 quo
1697 1320 1836 1360 nescio
1859 1320 2134 1362 fundamento
2152 1321 2264 1361 inni-

139 1401 222 1430 xus
239 1389 396 1438 scribit,
416 1388 768 1430 Bonaventuram
791 1391 883 1441 post
903 1400 946 1428 se
968 1388 1186 1440 reliquisse
1207 1388 1513 1442 Compendium
1536 1390 1760 1431 metricum
1779 1391 2076 1433 scholasticum
2102 1393 2265 1434 utrius-

140 1472 222 1513 que
247 1459 525 1509 Testamenti,
555 1460 755 1501 versibus
780 1459 968 1499 dimetris
997 1459 1202 1510 iambicis,
1232 1460 1364 1500 libera
1391 1460 1611 1514 solutaque
1640 1462 1900 1514 syllabarum
1930 1463 2024 1515 lege
2052 1476 2188 1516 :quos
2208 1465 2264 1505 ita

141 1532 370 1585 disposuit,
395 1535 443 1573 ut
479 1531 649 1584 singula
676 1530 919 1571 tetrasticha
949 1542 1162 1571 summam
1195 1531 1323 1571 unius
1353 1532 1524 1584 capituli
1561 1533 1815 1574 contineant.
1848 1534 1950 1587 EJus
1980 1536 2149 1576 initium
2169 1540 2230 1577 est
2254 1552 2262 1578 :

141 1604 331 1645 Mundus
348 1605 406 1646 sii
425 1604 474 1645 in
491 1602 724 1656 principio,
748 1604 825 1641 etc.

193 1675 280 1716 Sua
293 1687 463 1728 quoque
482 1675 526 1714 in
543 1674 732 1714 medium
752 1672 872 1713 affert
898 1671 968 1712 Fr.
990 1671 1138 1713 Petrus
1155 1672 1418 1726 Rodulphius
1438 1673 1771 1716 Tossinianensis
1790 1676 1835 1716 in
1852 1677 1924 1717 lib.
1947 1690 1975 1717 1.
1999 1678 2112 1720 Hist.
2133 1679 2264 1732 Reliq.

142 1747 309 1799 seraph
317 1761 331 1791 ;
354 1759 396 1799 p.
418 1749 485 1798 93,
508 1744 745 1798 cujusmodi
763 1747 862 1784 sunt
879 1758 886 1784 :
906 1743 1217 1787 Commencaiia
1238 1746 1286 1786 in
1304 1745 1542 1798 Evangelia
1561 1751 1598 1788 ei
1617 1747 1837 1799 Epistolas
1851 1749 1980 1790 totius
1999 1751 2107 1792 anni
2126 1764 2139 1790 .·
2157 1751 2268 1804 quod

140 1829 245 1871 opus
274 1818 529 1871 benig-nitate
565 1818 724 1870 eyreqii
756 1817 844 1858 viri
875 1816 994 1858 Dom.
1027 1817 1254 1858 Laurentii
1287 1816 1506 1870 Campeqii
1537 1818 1819 1861 Felirensium
1852 1821 2055 1873 ‚Episcopi
2092 1822 2143 1863 ad
2177 1824 2269 1875 eJus

141 1901 294 1930 manus
308 1891 570 1942 pervenerat.

194 1960 401 2002 Praeterea
430 1971 556 2013 super
582 1961 759 2002 Cantica
786 1965 825 2003 ei
845 1960 1078 2013 Apocalyp.
1113 1961 1321 2011 Joannis,
1349 1972 1446 2013 quae
1469 1963 1571 2002 sunt
1597 1962 1714 2014 apucl
1745 1964 1980 2006 Antonium
2005 1965 2265 2016 Ferrarium,

147 2031 349 2084 VenetiiS,
373 2032 432 2074 ad
451 2034 620 2086 insiqne
644 2032 812 2079 Palmae,
834 2036 882 2074 ui
901 2033 1207 2084 imprimantur
1224 2043 1317 2073 cum
1339 2032 1443 2074 aliis
1463 2033 1554 2085 ejus
1577 2033 1814 2085 opusculis,

194 2103 441 2157 Sequuntur
459 2116 522 2155 ea,
545 2116 641 2157 quae
662 2104 847 2144 seriatim
867 2104 1077 2144 recensuit
1095 2103 1375 2155 Waddingus,
1408 2103 1453 2144 P.
1477 2117 1660 2158 quaeque
1682 2117 1781 2146 cum
1799 2106 1845 2146 in
1865 2105 2088 2158 Vaticana,
2110 2110 2203 2148 tum
2225 2109 2268 2149 in

142 2175 400 2217 Bibliotheca
427 2175 576 2228 magni
607 2174 852 2216 Conventus
883 2175 1112 2226 AssisiatiS,
1146 2175 1322 2228 aliisque
1356 2176 1400 2216 in
1427 2176 1529 2217 locis
1556 2189 1599 2217 se
1634 2177 1791 2218 vidisse
1819 2180 1996 2219 testatur
2026 2179 2071 2219 in
2101 2178 2269 2233 Syllabo

143 2246 294 2300 Script.
318 2245 414 2288 Ord.
437 2246 557 2298 Min.,
579 2259 679 2300 pag.
699 2250 766 2287 69.

196 2319 370 2360 Summa
394 2318 688 2360 Grammaticce
709 2318 997 2371 speculativae.
1020 2318 1107 2359 lnc.
1132 2319 1344 2366 Quoeritur
1362 2323 1507 2361 ulrum
1528 2320 1755 2371 conclusio,
1779 2323 1857 2361 etc.

201 2389 422 2432 Traciaius
458 2391 624 2443 Loqicce
657 2389 707 2431 de
739 2391 879 2443 signis
899 2391 1217 2432 universalibus
1249 2392 1297 2432 in
1326 2391 1553 2444 learies
1588 2391 1859 2434 distributus.
1882 2391 1967 2434 Inc.
2004 2393 2125 2435 Circa
2144 2395 2271 2447 siqna

142 2462 424 2506 universalia,
448 2464 527 2502 etc.

195 2533 449 2580 Quoesiiones
469 2542 597 2585 super
621 2531 748 2574 libros
770 2533 821 2576 de
844 2535 1131 2576 Generaiione.
1157 2534 1241 2575 Inc.
1267 2535 1482 2581 Quoeriiur
1504 2546 1562 2577 an
1581 2536 1788 2586 scientia,
1814 2538 1890 2576 etc.

142 2605 398 2652 Quoesiiones
418 2614 543 2657 super
565 2603 642 2645 IV.
667 2603 740 2647 lib.
767 2605 1030 2658 Topicorum.
1056 2606 1140 2646 Ine.
1171 2606 1296 2646 Omne
1318 2606 1431 2658 quod
1454 2608 1685 2659 appetitur,
1707 2610 1785 2647 etc.

196 2676 450 2724 Quoesiiones
470 2686 597 2728 super
617 2675 745 2717 libros
770 2675 1060 2717 Meieororum.
1086 2674 1171 2714 1116.
1194 2676 1408 2724 Quaeritur
1428 2681 1572 2718 uirum
1590 2676 1787 2726 scientia,
1808 2678 1885 2716 etc.

564 2766 738 2812 Epistoloe
757 2766 904 2811 aliquot.

563 2820 720 2855 Postillae
737 2821 775 2854 in
798 2818 950 2854 Cantica
972 2818 1211 2855 Canticorum.

564 2873 718 2909 Metram
736 2875 775 2909 in
793 2873 924 2909 eadem
942 2874 1099 2910 Cantica.

196 2975 418 3020 Tractaius
440 2986 566 3028 super
588 2976 665 3018 illa
686 2977 812 3018 verba
833 2975 998 3017 Psalmi
1010 2975 1152 3017 XLV:
1167 2974 1324 3017 Vacate
1341 2979 1380 3017 ei
1395 2973 1553 3026 videte,
1571 2977 1648 3016 etc.
1660 2975 1745 3016 Inc.
1765 2976 1884 3018 Sicut
1897 2977 2006 3018 inter
2020 2977 2178 3027 omnia,
2193 2979 2270 3017 etc.

199 3050 422 3091 Traciaius
446 3049 495 3090 in
518 3058 612 3100 cap.
644 3047 713 3088 V:
736 3048 992 3090 Ezechielis.
1016 3047 1101 3088 Inc.
1127 3047 1230 3089 Cum
1250 3058 1377 3089 essem
1401 3049 1449 3090 in
1471 3048 1626 3099 medio,
1651 3050 1728 3089 etc.

192 3119 244 3161 In
265 3131 358 3172 cap.
377 3120 433 3161 X.
455 3118 661 3171 ejusaem.
688 3118 772 3160 Inc.
792 3119 1016 3172 Ingredere
1034 3121 1083 3160 in
1103 3119 1261 3170 medio,
1281 3122 1359 3160 etc.

193 3191 244 3232 In
263 3202 356 3244 cap.
381 3191 458 3233 IV.
475 3191 771 3244 Apocalypsis.
796 3190 880 3230 Inc.
906 3191 1094 3237 Quatuov¹
1115 3191 1343 3242 animalia,
1367 3193 1446 3231 etc.

194 3262 247 3303 In
267 3273 359 3315 cap.
388 3262 437 3304 V.
463 3261 667 3314 ejusaem.
692 3261 777 3301 Ine.
805 3261 912 3303 Vidi
936 3263 984 3304 in
999 3262 1178 3305 cleoeiera
1194 3261 1402 3311 sedentis,
1427 3263 1507 3302 etc.

195 3332 247 3373 In
267 3335 511 3375 universam
534 3332 840 3386 Apocalypsim
861 3333 1187 3376 Commentaria.
1213 3333 1300 3374 Ine.
1320 3332 1602 3375 Proemiltiiur
1624 3332 1723 3374 huic
1744 3332 1866 3385 libro,
1891 3336 1970 3374 etc.

201 3401 377 3445 Verbum
395 3404 687 3447 abbreviatum
703 3435 715 3454 ,
737 3407 817 3444 etc.

195 3472 295 3513 Haec
311 3478 477 3526 praeter,
499 3487 595 3528 quae
615 3475 805 3516 ordinate
821 3477 1044 3528 recensuit,
1067 3476 1277 3517 subnectit
1289 3476 1368 3516 ista
1387 3474 1479 3516 Ms:
1503 3474 1766 3528 Opusculum
1782 3508 1791 3528 ‚
1810 3476 1878 3517 6111
1894 3476 2070 3517 titulus:
2092 3475 2149 3517 De
2166 3474 2272 3519 Ortu

141 3545 438 3587 scientiarum.
458 3545 663 3587 Servatur
679 3546 724 3586 in
742 3546 846 3587 Bibl.
869 3546 1043 3588 Patrum
1063 3547 1426 3596 conventualium,
1446 3545 1684 3588 Florentiae.

195 3616 407 3668 Opuscula
439 3630 449 3657 z
475 3618 570 3659 Flos
599 3617 776 3669 florum3
805 3617 960 3660 Litium
994 3619 1315 3672 Oriqinalium;
1343 3619 1398 3660 De
1422 3619 1564 3671 poenis
1594 3604 1781 3669 Inferni,
1812 3622 1851 3660 ei
1875 3619 2013 3670 qloria
2046 3618 2269 3660 Paradisi.
