<?xml version="1.0" encoding="UTF-8"?>
<!DOCTYPE html PUBLIC "-//W3C//DTD XHTML 1.0 Transitional//EN"
    "http://www.w3.org/TR/xhtml1/DTD/xhtml1-transitional.dtd">
<html xmlns="http://www.w3.org/1999/xhtml" xml:lang="en" lang="en">
 <head>
  <title>
</title>
<meta http-equiv="Content-Type" content="text/html;charset=utf-8" />
  <meta name='ocr-system' content='tesseract 3.04.00' />
  <meta name='ocr-capabilities' content='ocr_page ocr_carea ocr_par ocr_line ocrx_word'/>
</head>
<body>
  <div class='ocr_page' id='page_1' title='image "./operaomniasixtiv01bonauoft/operaomniasixtiv01bonauoft_0319.png"; bbox 0 0 2613 3990; ppageno 0'>
   <div class='ocr_carea' id='block_1_1' title="bbox 1076 269 1461 313">
    <p class='ocr_par' dir='ltr' id='par_1_1' title="bbox 1076 269 1461 313">
     <span class='ocr_line' id='line_1_1' title="bbox 1076 269 1461 313; baseline 0.008 -3"><span class='ocrx_word' id='word_1_1' title='bbox 1076 269 1328 311; x_wconf 85' lang='lat' dir='ltr'><strong>DICTINCT.</strong></span> <span class='ocrx_word' id='word_1_2' title='bbox 1354 272 1461 313; x_wconf 88' lang='lat' dir='ltr'>Xlll.</span> 
     </span>
    </p>
   </div>
   <div class='ocr_carea' id='block_1_2' title="bbox 197 359 1227 2390">
    <p class='ocr_par' dir='ltr' id='par_1_2' title="bbox 198 359 1226 1261">
     <span class='ocr_line' id='line_1_2' title="bbox 200 359 1222 413; baseline -0.002 -12"><span class='ocrx_word' id='word_1_3' title='bbox 200 359 377 401; x_wconf 80' lang='lat' dir='ltr'>ostendit</span> <span class='ocrx_word' id='word_1_4' title='bbox 394 360 523 413; x_wconf 89' lang='lat' dir='ltr'>quod,</span> <span class='ocrx_word' id='word_1_5' title='bbox 546 371 645 400; x_wconf 89' lang='lat' dir='ltr'>cum</span> <span class='ocrx_word' id='word_1_6' title='bbox 664 359 844 412; x_wconf 86' lang='lat' dir='ltr'>Spiritus</span> <span class='ocrx_word' id='word_1_7' title='bbox 866 360 1034 399; x_wconf 88' lang='lat' dir='ltr'>sanctus</span> <span class='ocrx_word' id='word_1_8' title='bbox 1052 371 1139 399; x_wconf 89' lang='lat' dir='ltr'>non</span> <span class='ocrx_word' id='word_1_9' title='bbox 1155 359 1222 400; x_wconf 92' lang='lat' dir='ltr'>di-</span> 
     </span>
     <span class='ocr_line' id='line_1_3' title="bbox 201 431 1223 484; baseline -0.001 -11"><span class='ocrx_word' id='word_1_10' title='bbox 201 434 318 473; x_wconf 83' lang='lat' dir='ltr'>catur</span> <span class='ocrx_word' id='word_1_11' title='bbox 337 432 508 483; x_wconf 86' lang='lat' dir='ltr'>genitus</span> <span class='ocrx_word' id='word_1_12' title='bbox 522 465 532 483; x_wconf 91' lang='lat'>,</span> <span class='ocrx_word' id='word_1_13' title='bbox 556 445 630 473; x_wconf 89' lang='lat' dir='ltr'>cur</span> <span class='ocrx_word' id='word_1_14' title='bbox 656 431 786 472; x_wconf 84' lang='lat' dir='ltr'>Filius</span> <span class='ocrx_word' id='word_1_15' title='bbox 801 463 811 482; x_wconf 95' lang='lat'>,</span> <span class='ocrx_word' id='word_1_16' title='bbox 833 431 906 484; x_wconf 88' lang='lat' dir='ltr'>qui</span> <span class='ocrx_word' id='word_1_17' title='bbox 925 431 1077 471; x_wconf 90' lang='lat' dir='ltr'>dicitur</span> <span class='ocrx_word' id='word_1_18' title='bbox 1097 432 1223 483; x_wconf 87' lang='lat' dir='ltr'>geni-</span> 
     </span>
     <span class='ocr_line' id='line_1_4' title="bbox 199 502 1223 557; baseline 0 -13"><span class='ocrx_word' id='word_1_19' title='bbox 199 507 280 554; x_wconf 82' lang='lat' dir='ltr'>tus,</span> <span class='ocrx_word' id='word_1_20' title='bbox 303 503 429 544; x_wconf 86' lang='lat' dir='ltr'>etiam</span> <span class='ocrx_word' id='word_1_21' title='bbox 449 503 601 544; x_wconf 88' lang='lat' dir='ltr'>dicitur</span> <span class='ocrx_word' id='word_1_22' title='bbox 614 503 850 557; x_wconf 78' lang='lat' dir='ltr'>procedere,</span> <span class='ocrx_word' id='word_1_23' title='bbox 867 502 925 541; x_wconf 86' lang='lat' dir='ltr'>ihi</span> <span class='ocrx_word' id='word_1_24' title='bbox 945 517 952 542; x_wconf 92' lang='lat'><strong>:</strong></span> <span class='ocrx_word' id='word_1_25' title='bbox 971 502 1072 543; x_wconf 79' lang='lat' dir='ltr'>Cum</span> <span class='ocrx_word' id='word_1_26' title='bbox 1088 506 1223 544; x_wconf 59' lang='lat' dir='ltr'>alitem</span> 
     </span>
     <span class='ocr_line' id='line_1_5' title="bbox 198 574 1224 626; baseline 0 -11"><span class='ocrx_word' id='word_1_27' title='bbox 198 574 388 626; x_wconf 73' lang='lat' dir='ltr'><em>Spiritus</em></span> <span class='ocrx_word' id='word_1_28' title='bbox 409 578 580 617; x_wconf 68' lang='lat' dir='ltr'>sanctus</span> <span class='ocrx_word' id='word_1_29' title='bbox 597 585 682 616; x_wconf 75' lang='lat' dir='ltr'>non</span> <span class='ocrx_word' id='word_1_30' title='bbox 697 574 870 615; x_wconf 76' lang='lat' dir='ltr'>dicatur</span> <span class='ocrx_word' id='word_1_31' title='bbox 889 574 1073 626; x_wconf 70' lang='lat' dir='ltr'>qenitus,</span> <span class='ocrx_word' id='word_1_32' title='bbox 1097 579 1134 615; x_wconf 78' lang='lat' dir='ltr'>ei</span> <span class='ocrx_word' id='word_1_33' title='bbox 1152 585 1224 615; x_wconf 79' lang='lat' dir='ltr'>ra-</span> 
     </span>
     <span class='ocr_line' id='line_1_6' title="bbox 200 644 1222 698; baseline -0.001 -11"><span class='ocrx_word' id='word_1_34' title='bbox 200 646 260 687; x_wconf 85' lang='lat' dir='ltr'>tio</span> <span class='ocrx_word' id='word_1_35' title='bbox 280 649 358 695; x_wconf 76' lang='lat' dir='ltr'>est,</span> <span class='ocrx_word' id='word_1_36' title='bbox 381 646 491 698; x_wconf 76' lang='lat' dir='ltr'>quod</span> <span class='ocrx_word' id='word_1_37' title='bbox 507 646 629 688; x_wconf 77' lang='lat' dir='ltr'>aliter</span> <span class='ocrx_word' id='word_1_38' title='bbox 646 645 809 687; x_wconf 74' lang='lat' dir='ltr'>dicitur</span> <span class='ocrx_word' id='word_1_39' title='bbox 825 645 962 686; x_wconf 74' lang='lat' dir='ltr'>Filius</span> <span class='ocrx_word' id='word_1_40' title='bbox 980 644 1222 697; x_wconf 73' lang='lat' dir='ltr'>procedere,</span> 
     </span>
     <span class='ocr_line' id='line_1_7' title="bbox 201 717 1224 771; baseline -0.003 -11"><span class='ocrx_word' id='word_1_41' title='bbox 201 729 327 771; x_wconf 80' lang='lat' dir='ltr'>quam</span> <span class='ocrx_word' id='word_1_42' title='bbox 351 719 539 771; x_wconf 73' lang='lat' dir='ltr'>Spiritus</span> <span class='ocrx_word' id='word_1_43' title='bbox 557 721 743 760; x_wconf 76' lang='lat' dir='ltr'>sanctus.</span> <span class='ocrx_word' id='word_1_44' title='bbox 765 717 813 757; x_wconf 89' lang='lat' dir='ltr'>In</span> <span class='ocrx_word' id='word_1_45' title='bbox 833 717 957 757; x_wconf 85' lang='lat' dir='ltr'>tertia</span> <span class='ocrx_word' id='word_1_46' title='bbox 972 729 1074 758; x_wconf 86' lang='lat' dir='ltr'>vero</span> <span class='ocrx_word' id='word_1_47' title='bbox 1092 720 1224 758; x_wconf 83' lang='lat' dir='ltr'>tentat</span> 
     </span>
     <span class='ocr_line' id='line_1_8' title="bbox 201 790 1223 844; baseline -0.003 -12"><span class='ocrx_word' id='word_1_48' title='bbox 201 791 417 844; x_wconf 88' lang='lat' dir='ltr'>assignare</span> <span class='ocrx_word' id='word_1_49' title='bbox 447 791 723 832; x_wconf 85' lang='lat' dir='ltr'>differentiam</span> <span class='ocrx_word' id='word_1_50' title='bbox 762 790 873 830; x_wconf 88' lang='lat' dir='ltr'>inter</span> <span class='ocrx_word' id='word_1_51' title='bbox 907 790 1223 841; x_wconf 77' lang='lat' dir='ltr'>generationem</span> 
     </span>
     <span class='ocr_line' id='line_1_9' title="bbox 202 861 1225 916; baseline 0 -13"><span class='ocrx_word' id='word_1_52' title='bbox 202 865 242 903; x_wconf 88' lang='lat' dir='ltr'>et</span> <span class='ocrx_word' id='word_1_53' title='bbox 272 862 608 916; x_wconf 89' lang='lat' dir='ltr'>processionem,</span> <span class='ocrx_word' id='word_1_54' title='bbox 640 861 700 900; x_wconf 90' lang='lat' dir='ltr'>ibi</span> <span class='ocrx_word' id='word_1_55' title='bbox 729 875 738 901; x_wconf 69' lang='grc' dir='ltr'>ι</span> <span class='ocrx_word' id='word_1_56' title='bbox 772 861 889 902; x_wconf 75' lang='lat' dir='ltr'>Inter</span> <span class='ocrx_word' id='word_1_57' title='bbox 918 862 1225 914; x_wconf 60' lang='lat' dir='ltr'>amer-ationem</span> 
     </span>
     <span class='ocr_line' id='line_1_10' title="bbox 201 932 1225 986; baseline -0.004 -10"><span class='ocrx_word' id='word_1_58' title='bbox 201 945 294 976; x_wconf 83' lang='lat' dir='ltr'>vero</span> <span class='ocrx_word' id='word_1_59' title='bbox 321 934 454 984; x_wconf 83' lang='lat' dir='ltr'>Filii,</span> <span class='ocrx_word' id='word_1_60' title='bbox 486 936 524 975; x_wconf 76' lang='lat' dir='ltr'>et</span> <span class='ocrx_word' id='word_1_61' title='bbox 540 933 876 986; x_wconf 73' lang='lat' dir='ltr'>processionem,</span> <span class='ocrx_word' id='word_1_62' title='bbox 898 934 975 972; x_wconf 78' lang='lat' dir='ltr'>etc.</span> <span class='ocrx_word' id='word_1_63' title='bbox 1004 932 1050 972; x_wconf 87' lang='lat' dir='ltr'>In</span> <span class='ocrx_word' id='word_1_64' title='bbox 1076 935 1225 985; x_wconf 79' lang='lat' dir='ltr'>quarta</span> 
     </span>
     <span class='ocr_line' id='line_1_11' title="bbox 201 1003 1225 1055; baseline -0.002 -10"><span class='ocrx_word' id='word_1_65' title='bbox 201 1017 302 1045; x_wconf 87' lang='lat' dir='ltr'>vero</span> <span class='ocrx_word' id='word_1_66' title='bbox 322 1008 362 1045; x_wconf 91' lang='lat' dir='ltr'>et</span> <span class='ocrx_word' id='word_1_67' title='bbox 389 1004 538 1045; x_wconf 86' lang='lat' dir='ltr'>ultima</span> <span class='ocrx_word' id='word_1_68' title='bbox 553 1036 563 1055; x_wconf 90' lang='lat'>,</span> <span class='ocrx_word' id='word_1_69' title='bbox 586 1003 766 1044; x_wconf 77' lang='lat' dir='ltr'>ostendit</span> <span class='ocrx_word' id='word_1_70' title='bbox 794 1004 1030 1043; x_wconf 77' lang='lat' dir='ltr'>humanam</span> <span class='ocrx_word' id='word_1_71' title='bbox 1056 1003 1225 1044; x_wconf 82' lang='lat' dir='ltr'>insuffi-</span> 
     </span>
     <span class='ocr_line' id='line_1_12' title="bbox 202 1074 1223 1126; baseline -0.001 -11"><span class='ocrx_word' id='word_1_72' title='bbox 202 1075 396 1116; x_wconf 86' lang='lat' dir='ltr'>cientiam</span> <span class='ocrx_word' id='word_1_73' title='bbox 415 1075 466 1115; x_wconf 89' lang='lat' dir='ltr'>ad</span> <span class='ocrx_word' id='word_1_74' title='bbox 485 1075 601 1115; x_wconf 86' lang='lat' dir='ltr'>illam</span> <span class='ocrx_word' id='word_1_75' title='bbox 618 1074 901 1115; x_wconf 82' lang='lat' dir='ltr'>differentiam</span> <span class='ocrx_word' id='word_1_76' title='bbox 919 1074 1223 1126; x_wconf 71' lang='lat' dir='ltr'>indagandam,</span> 
     </span>
     <span class='ocr_line' id='line_1_13' title="bbox 201 1146 1226 1199; baseline 0.002 -13"><span class='ocrx_word' id='word_1_77' title='bbox 201 1147 260 1187; x_wconf 82' lang='lat' dir='ltr'>ihi</span> <span class='ocrx_word' id='word_1_78' title='bbox 289 1161 296 1185; x_wconf 93' lang='lat'><strong>:</strong></span> <span class='ocrx_word' id='word_1_79' title='bbox 330 1146 442 1197; x_wconf 76' lang='lat' dir='ltr'>Quid</span> <span class='ocrx_word' id='word_1_80' title='bbox 472 1150 610 1189; x_wconf 73' lang='lat' dir='ltr'>autem</span> <span class='ocrx_word' id='word_1_81' title='bbox 637 1147 750 1188; x_wconf 76' lang='lat' dir='ltr'>inter</span> <span class='ocrx_word' id='word_1_82' title='bbox 783 1147 906 1188; x_wconf 73' lang='lat' dir='ltr'>nasci</span> <span class='ocrx_word' id='word_1_83' title='bbox 936 1150 973 1188; x_wconf 79' lang='lat' dir='ltr'>et</span> <span class='ocrx_word' id='word_1_84' title='bbox 1004 1146 1226 1199; x_wconf 71' lang='lat' dir='ltr'>procedere</span> 
     </span>
     <span class='ocr_line' id='line_1_14' title="bbox 201 1219 386 1261; baseline 0 -2"><span class='ocrx_word' id='word_1_85' title='bbox 201 1219 386 1261; x_wconf 76' lang='lat' dir='ltr'>intersit.</span> 
     </span>
    </p>

    <p class='ocr_par' dir='ltr' id='par_1_3' title="bbox 197 1289 1227 2343">
     <span class='ocr_line' id='line_1_15' title="bbox 257 1289 1227 1344; baseline 0 -14"><span class='ocrx_word' id='word_1_86' title='bbox 257 1290 456 1331; x_wconf 88' lang='lat' dir='ltr'>Similiter</span> <span class='ocrx_word' id='word_1_87' title='bbox 483 1291 666 1332; x_wconf 86' lang='lat' dir='ltr'>secunda</span> <span class='ocrx_word' id='word_1_88' title='bbox 695 1303 792 1344; x_wconf 84' lang='lat' dir='ltr'>pars</span> <span class='ocrx_word' id='word_1_89' title='bbox 811 1323 820 1340; x_wconf 89' lang='lat'>,</span> <span class='ocrx_word' id='word_1_90' title='bbox 845 1291 891 1331; x_wconf 90' lang='lat' dir='ltr'>in</span> <span class='ocrx_word' id='word_1_91' title='bbox 914 1303 999 1343; x_wconf 88' lang='lat' dir='ltr'>qua</span> <span class='ocrx_word' id='word_1_92' title='bbox 1028 1289 1227 1342; x_wconf 83' lang='lat' dir='ltr'>Magister</span> 
     </span>
     <span class='ocr_line' id='line_1_16' title="bbox 202 1361 1227 1415; baseline -0.001 -12"><span class='ocrx_word' id='word_1_93' title='bbox 202 1363 354 1415; x_wconf 83' lang='lat' dir='ltr'>quaerit</span> <span class='ocrx_word' id='word_1_94' title='bbox 374 1366 414 1403; x_wconf 90' lang='lat' dir='ltr'>et</span> <span class='ocrx_word' id='word_1_95' title='bbox 428 1363 679 1410; x_wconf 75' lang='lat' dir='ltr'>determinat</span> <span class='ocrx_word' id='word_1_96' title='bbox 698 1365 844 1403; x_wconf 86' lang='lat' dir='ltr'>utrum</span> <span class='ocrx_word' id='word_1_97' title='bbox 862 1361 1042 1415; x_wconf 80' lang='lat' dir='ltr'>Spiritus</span> <span class='ocrx_word' id='word_1_98' title='bbox 1060 1364 1227 1402; x_wconf 87' lang='lat' dir='ltr'>sanctus</span> 
     </span>
     <span class='ocr_line' id='line_1_17' title="bbox 201 1435 1224 1488; baseline -0.002 -12"><span class='ocrx_word' id='word_1_99' title='bbox 201 1435 348 1476; x_wconf 86' lang='lat' dir='ltr'>debeat</span> <span class='ocrx_word' id='word_1_100' title='bbox 366 1435 447 1476; x_wconf 92' lang='lat' dir='ltr'>dici</span> <span class='ocrx_word' id='word_1_101' title='bbox 467 1435 682 1487; x_wconf 80' lang='lat' dir='ltr'>ingenitus</span> <span class='ocrx_word' id='word_1_102' title='bbox 696 1468 705 1485; x_wconf 92' lang='lat'>,</span> <span class='ocrx_word' id='word_1_103' title='bbox 725 1435 849 1475; x_wconf 83' lang='lat' dir='ltr'>habet</span> <span class='ocrx_word' id='word_1_104' title='bbox 868 1437 1052 1487; x_wconf 86' lang='lat' dir='ltr'>quatuor</span> <span class='ocrx_word' id='word_1_105' title='bbox 1070 1437 1224 1488; x_wconf 86' lang='lat' dir='ltr'>partes.</span> 
     </span>
     <span class='ocr_line' id='line_1_18' title="bbox 201 1506 1226 1560; baseline -0.001 -13"><span class='ocrx_word' id='word_1_106' title='bbox 201 1507 246 1547; x_wconf 91' lang='lat' dir='ltr'>In</span> <span class='ocrx_word' id='word_1_107' title='bbox 267 1507 404 1560; x_wconf 88' lang='lat' dir='ltr'>prima</span> <span class='ocrx_word' id='word_1_108' title='bbox 421 1507 601 1548; x_wconf 82' lang='lat' dir='ltr'>ostendit</span> <span class='ocrx_word' id='word_1_109' title='bbox 622 1506 837 1559; x_wconf 77' lang='lat' dir='ltr'>Magister,</span> <span class='ocrx_word' id='word_1_110' title='bbox 857 1510 897 1547; x_wconf 91' lang='lat' dir='ltr'>et</span> <span class='ocrx_word' id='word_1_111' title='bbox 916 1507 1065 1560; x_wconf 90' lang='lat' dir='ltr'>probat</span> <span class='ocrx_word' id='word_1_112' title='bbox 1081 1509 1226 1547; x_wconf 89' lang='lat' dir='ltr'>aucto-</span> 
     </span>
     <span class='ocr_line' id='line_1_19' title="bbox 198 1577 1225 1631; baseline -0.002 -12"><span class='ocrx_word' id='word_1_113' title='bbox 198 1578 320 1619; x_wconf 85' lang='lat' dir='ltr'>ritate</span> <span class='ocrx_word' id='word_1_114' title='bbox 345 1578 578 1631; x_wconf 81' lang='lat' dir='ltr'>Augustini</span> <span class='ocrx_word' id='word_1_115' title='bbox 597 1578 709 1631; x_wconf 87' lang='lat' dir='ltr'>qnod</span> <span class='ocrx_word' id='word_1_116' title='bbox 738 1577 919 1631; x_wconf 83' lang='lat' dir='ltr'>Spiritus</span> <span class='ocrx_word' id='word_1_117' title='bbox 945 1580 1114 1617; x_wconf 84' lang='lat' dir='ltr'>sanctus</span> <span class='ocrx_word' id='word_1_118' title='bbox 1139 1589 1225 1617; x_wconf 85' lang='lat' dir='ltr'>non</span> 
     </span>
     <span class='ocr_line' id='line_1_20' title="bbox 199 1648 1226 1702; baseline -0.004 -11"><span class='ocrx_word' id='word_1_119' title='bbox 199 1651 320 1691; x_wconf 85' lang='lat' dir='ltr'>debet</span> <span class='ocrx_word' id='word_1_120' title='bbox 339 1650 419 1691; x_wconf 85' lang='lat' dir='ltr'>dici</span> <span class='ocrx_word' id='word_1_121' title='bbox 441 1649 671 1702; x_wconf 89' lang='lat' dir='ltr'>ingenitus.</span> <span class='ocrx_word' id='word_1_122' title='bbox 693 1648 739 1688; x_wconf 91' lang='lat' dir='ltr'>In</span> <span class='ocrx_word' id='word_1_123' title='bbox 758 1648 940 1689; x_wconf 86' lang='lat' dir='ltr'>secunda</span> <span class='ocrx_word' id='word_1_124' title='bbox 956 1659 1072 1698; x_wconf 87' lang='lat' dir='ltr'>vero,</span> <span class='ocrx_word' id='word_1_125' title='bbox 1090 1651 1226 1688; x_wconf 88' lang='lat' dir='ltr'>osten-</span> 
     </span>
     <span class='ocr_line' id='line_1_21' title="bbox 199 1719 1223 1773; baseline -0.003 -11"><span class='ocrx_word' id='word_1_126' title='bbox 199 1721 258 1762; x_wconf 85' lang='lat' dir='ltr'>dit</span> <span class='ocrx_word' id='word_1_127' title='bbox 277 1721 539 1762; x_wconf 88' lang='lat' dir='ltr'>contrarium</span> <span class='ocrx_word' id='word_1_128' title='bbox 560 1720 806 1761; x_wconf 85' lang='lat' dir='ltr'>auctoritate</span> <span class='ocrx_word' id='word_1_129' title='bbox 824 1719 1089 1773; x_wconf 72' lang='lat' dir='ltr'>Hieronymi,</span> <span class='ocrx_word' id='word_1_130' title='bbox 1112 1719 1223 1772; x_wconf 87' lang='lat' dir='ltr'>quod</span> 
     </span>
     <span class='ocr_line' id='line_1_22' title="bbox 198 1791 1226 1845; baseline -0.002 -12"><span class='ocrx_word' id='word_1_131' title='bbox 198 1793 321 1834; x_wconf 88' lang='lat' dir='ltr'>debet</span> <span class='ocrx_word' id='word_1_132' title='bbox 339 1793 417 1833; x_wconf 91' lang='lat' dir='ltr'>dici</span> <span class='ocrx_word' id='word_1_133' title='bbox 433 1792 663 1845; x_wconf 80' lang='lat' dir='ltr'>ingenitus,</span> <span class='ocrx_word' id='word_1_134' title='bbox 678 1794 716 1832; x_wconf 85' lang='lat' dir='ltr'>et</span> <span class='ocrx_word' id='word_1_135' title='bbox 732 1791 904 1844; x_wconf 91' lang='lat' dir='ltr'>ponitur</span> <span class='ocrx_word' id='word_1_136' title='bbox 918 1791 972 1831; x_wconf 89' lang='lat' dir='ltr'>ibi</span> <span class='ocrx_word' id='word_1_137' title='bbox 989 1806 997 1832; x_wconf 80' lang='lat' dir='ltr'>z</span> <span class='ocrx_word' id='word_1_138' title='bbox 1017 1792 1054 1832; x_wconf 92' lang='lat' dir='ltr'>H</span> <span class='ocrx_word' id='word_1_139' title='bbox 1060 1792 1226 1844; x_wconf 70' lang='lat' dir='ltr'>ierony-</span> 
     </span>
     <span class='ocr_line' id='line_1_23' title="bbox 197 1862 1225 1917; baseline -0.003 -13"><span class='ocrx_word' id='word_1_140' title='bbox 197 1875 292 1906; x_wconf 79' lang='lat' dir='ltr'>mus</span> <span class='ocrx_word' id='word_1_141' title='bbox 311 1868 474 1914; x_wconf 73' lang='lat' dir='ltr'>tamen,</span> <span class='ocrx_word' id='word_1_142' title='bbox 496 1865 545 1906; x_wconf 78' lang='lat' dir='ltr'>in</span> <span class='ocrx_word' id='word_1_143' title='bbox 563 1864 719 1917; x_wconf 58' lang='lat' dir='ltr'>regulis</span> <span class='ocrx_word' id='word_1_144' title='bbox 736 1863 1058 1915; x_wconf 72' lang='lat' dir='ltr'>definitionum,</span> <span class='ocrx_word' id='word_1_145' title='bbox 1081 1865 1157 1902; x_wconf 88' lang='lat' dir='ltr'>etc.</span> <span class='ocrx_word' id='word_1_146' title='bbox 1179 1862 1225 1902; x_wconf 85' lang='lat' dir='ltr'>In</span> 
     </span>
     <span class='ocr_line' id='line_1_24' title="bbox 201 1934 1224 1988; baseline -0.001 -12"><span class='ocrx_word' id='word_1_147' title='bbox 201 1936 320 1976; x_wconf 81' lang='lat' dir='ltr'>tertia</span> <span class='ocrx_word' id='word_1_148' title='bbox 343 1948 444 1976; x_wconf 88' lang='lat' dir='ltr'>vero</span> <span class='ocrx_word' id='word_1_149' title='bbox 469 1935 712 1988; x_wconf 62' lang='lat' dir='ltr'>praedictam</span> <span class='ocrx_word' id='word_1_150' title='bbox 737 1934 1067 1975; x_wconf 85' lang='lat' dir='ltr'>controversiam</span> <span class='ocrx_word' id='word_1_151' title='bbox 1088 1934 1224 1975; x_wconf 87' lang='lat' dir='ltr'>deter-</span> 
     </span>
     <span class='ocr_line' id='line_1_25' title="bbox 199 2006 1224 2059; baseline -0.001 -13"><span class='ocrx_word' id='word_1_152' title='bbox 199 2007 333 2047; x_wconf 85' lang='lat' dir='ltr'>minat</span> <span class='ocrx_word' id='word_1_153' title='bbox 351 2019 425 2059; x_wconf 88' lang='lat' dir='ltr'>per</span> <span class='ocrx_word' id='word_1_154' title='bbox 444 2006 768 2054; x_wconf 84' lang='lat' dir='ltr'>distinctionem,</span> <span class='ocrx_word' id='word_1_155' title='bbox 790 2006 849 2045; x_wconf 86' lang='lat' dir='ltr'>ibi</span> <span class='ocrx_word' id='word_1_156' title='bbox 873 2021 881 2045; x_wconf 89' lang='lat'>:</span> <span class='ocrx_word' id='word_1_157' title='bbox 906 2006 993 2047; x_wconf 84' lang='lat' dir='ltr'>Sed</span> <span class='ocrx_word' id='word_1_158' title='bbox 1014 2009 1059 2048; x_wconf 77' lang='lat' dir='ltr'>ut</span> <span class='ocrx_word' id='word_1_159' title='bbox 1078 2007 1224 2052; x_wconf 67' lang='lat' dir='ltr'>istam,</span> 
     </span>
     <span class='ocr_line' id='line_1_26' title="bbox 198 2077 1226 2132; baseline -0.002 -13"><span class='ocrx_word' id='word_1_160' title='bbox 198 2090 291 2132; x_wconf 71' lang='lat' dir='ltr'>quse</span> <span class='ocrx_word' id='word_1_161' title='bbox 307 2078 494 2129; x_wconf 74' lang='lat' dir='ltr'>videtur,</span> <span class='ocrx_word' id='word_1_162' title='bbox 511 2079 854 2131; x_wconf 67' lang='lat' dir='ltr'>repuqnantiam.</span> <span class='ocrx_word' id='word_1_163' title='bbox 880 2077 926 2117; x_wconf 86' lang='lat' dir='ltr'>ln</span> <span class='ocrx_word' id='word_1_164' title='bbox 943 2081 1107 2130; x_wconf 83' lang='lat' dir='ltr'>quarta,</span> <span class='ocrx_word' id='word_1_165' title='bbox 1130 2090 1226 2118; x_wconf 80' lang='lat' dir='ltr'>auc-</span> 
     </span>
     <span class='ocr_line' id='line_1_27' title="bbox 197 2146 1226 2199; baseline -0.002 -11"><span class='ocrx_word' id='word_1_166' title='bbox 197 2147 363 2188; x_wconf 84' lang='lat' dir='ltr'>toritate</span> <span class='ocrx_word' id='word_1_167' title='bbox 382 2147 630 2199; x_wconf 83' lang='lat' dir='ltr'>Hieronymi</span> <span class='ocrx_word' id='word_1_168' title='bbox 655 2147 878 2187; x_wconf 84' lang='lat' dir='ltr'>confirmat</span> <span class='ocrx_word' id='word_1_169' title='bbox 896 2159 1019 2187; x_wconf 86' lang='lat' dir='ltr'>suam</span> <span class='ocrx_word' id='word_1_170' title='bbox 1047 2146 1226 2186; x_wconf 86' lang='lat' dir='ltr'>solutio-</span> 
     </span>
     <span class='ocr_line' id='line_1_28' title="bbox 198 2218 1227 2271; baseline 0 -13"><span class='ocrx_word' id='word_1_171' title='bbox 198 2231 293 2258; x_wconf 88' lang='lat' dir='ltr'>nem</span> <span class='ocrx_word' id='word_1_172' title='bbox 315 2251 323 2269; x_wconf 91' lang='lat'>,</span> <span class='ocrx_word' id='word_1_173' title='bbox 366 2219 423 2259; x_wconf 85' lang='lat' dir='ltr'>ibi</span> <span class='ocrx_word' id='word_1_174' title='bbox 461 2233 469 2259; x_wconf 78' lang='lat'>2</span> <span class='ocrx_word' id='word_1_175' title='bbox 510 2218 627 2266; x_wconf 75' lang='lat' dir='ltr'>Quod</span> <span class='ocrx_word' id='word_1_176' title='bbox 665 2222 801 2261; x_wconf 73' lang='lat' dir='ltr'>aulem</span> <span class='ocrx_word' id='word_1_177' title='bbox 843 2219 1128 2271; x_wconf 75' lang='lat' dir='ltr'>Hieronymus</span> <span class='ocrx_word' id='word_1_178' title='bbox 1163 2218 1227 2260; x_wconf 76' lang='lat' dir='ltr'>ita</span> 
     </span>
     <span class='ocr_line' id='line_1_29' title="bbox 199 2291 517 2343; baseline -0.006 -11"><span class='ocrx_word' id='word_1_179' title='bbox 199 2291 418 2343; x_wconf 77' lang='lat' dir='ltr'>acceperit,</span> <span class='ocrx_word' id='word_1_180' title='bbox 439 2293 517 2331; x_wconf 83' lang='lat' dir='ltr'>etc.</span> 
     </span>
    </p>

    <p class='ocr_par' dir='ltr' id='par_1_4' title="bbox 638 2362 788 2390">
     <span class='ocr_line' id='line_1_30' title="bbox 638 2362 788 2390; baseline 0 -1"><span class='ocrx_word' id='word_1_181' title='bbox 638 2362 728 2390; x_wconf 77' lang='lat' dir='ltr'>Due.</span> <span class='ocrx_word' id='word_1_182' title='bbox 760 2362 788 2389; x_wconf 94' lang='lat'>1.</span> 
     </span>
    </p>
   </div>
   <div class='ocr_carea' id='block_1_3' title="bbox 200 2439 1231 3206">
    <p class='ocr_par' dir='ltr' id='par_1_5' title="bbox 200 2439 1226 2519">
     <span class='ocr_line' id='line_1_31' title="bbox 200 2439 1226 2480; baseline -0.001 -9"><span class='ocrx_word' id='word_1_183' title='bbox 200 2439 236 2472; x_wconf 84' lang='lat' dir='ltr'>Si</span> <span class='ocrx_word' id='word_1_184' title='bbox 256 2439 399 2480; x_wconf 86' lang='lat' dir='ltr'>Spiritus</span> <span class='ocrx_word' id='word_1_185' title='bbox 419 2441 554 2471; x_wconf 85' lang='lat' dir='ltr'>sanctus</span> <span class='ocrx_word' id='word_1_186' title='bbox 577 2439 678 2470; x_wconf 80' lang='lat' dir='ltr'>Filius</span> <span class='ocrx_word' id='word_1_187' title='bbox 704 2439 885 2479; x_wconf 85' lang='lat' dir='ltr'>diceretur,</span> <span class='ocrx_word' id='word_1_188' title='bbox 906 2439 1084 2471; x_wconf 83' lang='lat' dir='ltr'>amborum</span> <span class='ocrx_word' id='word_1_189' title='bbox 1111 2439 1226 2480; x_wconf 83' lang='lat' dir='ltr'>utique</span> 
     </span>
     <span class='ocr_line' id='line_1_32' title="bbox 571 2487 857 2519; baseline 0 -1"><span class='ocrx_word' id='word_1_190' title='bbox 571 2487 658 2518; x_wconf 89' lang='lat' dir='ltr'>filius</span> <span class='ocrx_word' id='word_1_191' title='bbox 677 2487 857 2519; x_wconf 84' lang='lat' dir='ltr'>diceretur.</span> 
     </span>
    </p>

    <p class='ocr_par' dir='ltr' id='par_1_6' title="bbox 202 2577 1228 2834">
     <span class='ocr_line' id='line_1_33' title="bbox 254 2577 1226 2630; baseline 0 -13"><span class='ocrx_word' id='word_1_192' title='bbox 254 2577 429 2618; x_wconf 88' lang='lat' dir='ltr'>Videtur</span> <span class='ocrx_word' id='word_1_193' title='bbox 447 2577 525 2618; x_wconf 84' lang='lat' dir='ltr'>ista</span> <span class='ocrx_word' id='word_1_194' title='bbox 543 2577 649 2618; x_wconf 85' lang='lat' dir='ltr'>ratio</span> <span class='ocrx_word' id='word_1_195' title='bbox 670 2577 902 2630; x_wconf 80' lang='lat' dir='ltr'>Augustini</span> <span class='ocrx_word' id='word_1_196' title='bbox 921 2577 1058 2630; x_wconf 86' lang='lat' dir='ltr'>magis</span> <span class='ocrx_word' id='word_1_197' title='bbox 1077 2577 1129 2618; x_wconf 91' lang='lat' dir='ltr'>ad</span> <span class='ocrx_word' id='word_1_198' title='bbox 1148 2589 1226 2630; x_wconf 88' lang='lat' dir='ltr'>op-</span> 
     </span>
     <span class='ocr_line' id='line_1_34' title="bbox 202 2649 1228 2702; baseline -0.001 -12"><span class='ocrx_word' id='word_1_199' title='bbox 202 2649 402 2702; x_wconf 91' lang='lat' dir='ltr'>positum,</span> <span class='ocrx_word' id='word_1_200' title='bbox 420 2661 549 2702; x_wconf 88' lang='lat' dir='ltr'>quam</span> <span class='ocrx_word' id='word_1_201' title='bbox 569 2649 621 2689; x_wconf 87' lang='lat' dir='ltr'>ad</span> <span class='ocrx_word' id='word_1_202' title='bbox 641 2649 904 2702; x_wconf 84' lang='lat' dir='ltr'>propositum</span> <span class='ocrx_word' id='word_1_203' title='bbox 923 2661 933 2689; x_wconf 78' lang='lat' dir='ltr'>z</span> <span class='ocrx_word' id='word_1_204' title='bbox 949 2662 1002 2689; x_wconf 78' lang='lat' dir='ltr'>ex</span> <span class='ocrx_word' id='word_1_205' title='bbox 1016 2650 1095 2690; x_wconf 91' lang='lat' dir='ltr'>hoc</span> <span class='ocrx_word' id='word_1_206' title='bbox 1113 2649 1228 2689; x_wconf 90' lang='lat' dir='ltr'>enim</span> 
     </span>
     <span class='ocr_line' id='line_1_35' title="bbox 204 2721 1228 2775; baseline 0.002 -14"><span class='ocrx_word' id='word_1_207' title='bbox 204 2721 384 2762; x_wconf 90' lang='lat' dir='ltr'>similior</span> <span class='ocrx_word' id='word_1_208' title='bbox 402 2723 509 2762; x_wconf 89' lang='lat' dir='ltr'>esset</span> <span class='ocrx_word' id='word_1_209' title='bbox 534 2721 800 2774; x_wconf 87' lang='lat' dir='ltr'>generationi</span> <span class='ocrx_word' id='word_1_210' title='bbox 819 2721 864 2761; x_wconf 90' lang='lat' dir='ltr'>in</span> <span class='ocrx_word' id='word_1_211' title='bbox 883 2722 1108 2773; x_wconf 78' lang='lat' dir='ltr'>creaturis,</span> <span class='ocrx_word' id='word_1_212' title='bbox 1131 2734 1228 2775; x_wconf 71' lang='lat' dir='ltr'>quae</span> 
     </span>
     <span class='ocr_line' id='line_1_36' title="bbox 203 2787 532 2834; baseline -0.003 -1"><span class='ocrx_word' id='word_1_213' title='bbox 203 2796 265 2833; x_wconf 90' lang='lat' dir='ltr'>est</span> <span class='ocrx_word' id='word_1_214' title='bbox 283 2805 336 2834; x_wconf 86' lang='lat' dir='ltr'>ex</span> <span class='ocrx_word' id='word_1_215' title='bbox 352 2787 532 2834; x_wconf 80' lang='lat' dir='ltr'>duobus,</span> 
     </span>
    </p>

    <p class='ocr_par' dir='ltr' id='par_1_7' title="bbox 203 2864 1231 3206">
     <span class='ocr_line' id='line_1_37' title="bbox 259 2864 1230 2919; baseline 0.002 -14"><span class='ocrx_word' id='word_1_216' title='bbox 259 2864 380 2919; x_wconf 86' lang='lat' dir='ltr'>Resp.</span> <span class='ocrx_word' id='word_1_217' title='bbox 402 2865 633 2906; x_wconf 87' lang='lat' dir='ltr'>Dicendum</span> <span class='ocrx_word' id='word_1_218' title='bbox 653 2866 766 2918; x_wconf 89' lang='lat' dir='ltr'>quod</span> <span class='ocrx_word' id='word_1_219' title='bbox 779 2866 976 2918; x_wconf 86' lang='lat' dir='ltr'>quamvis</span> <span class='ocrx_word' id='word_1_220' title='bbox 988 2866 1165 2907; x_wconf 86' lang='lat' dir='ltr'>similior</span> <span class='ocrx_word' id='word_1_221' title='bbox 1178 2867 1230 2908; x_wconf 90' lang='lat' dir='ltr'>sit</span> 
     </span>
     <span class='ocr_line' id='line_1_38' title="bbox 203 2936 1229 2990; baseline 0.002 -13"><span class='ocrx_word' id='word_1_222' title='bbox 203 2940 413 2990; x_wconf 87' lang='lat' dir='ltr'>quantum</span> <span class='ocrx_word' id='word_1_223' title='bbox 431 2937 485 2977; x_wconf 91' lang='lat' dir='ltr'>ad</span> <span class='ocrx_word' id='word_1_224' title='bbox 501 2936 749 2977; x_wconf 83' lang='lat' dir='ltr'>dualitatem</span> <span class='ocrx_word' id='word_1_225' title='bbox 771 2937 1098 2990; x_wconf 86' lang='lat' dir='ltr'>producentium</span> <span class='ocrx_word' id='word_1_226' title='bbox 1111 2970 1121 2988; x_wconf 88' lang='lat'>,</span> <span class='ocrx_word' id='word_1_227' title='bbox 1142 2951 1229 2980; x_wconf 90' lang='lat' dir='ltr'>non</span> 
     </span>
     <span class='ocr_line' id='line_1_39' title="bbox 204 3008 1231 3063; baseline 0.003 -15"><span class='ocrx_word' id='word_1_228' title='bbox 204 3010 345 3049; x_wconf 89' lang='lat' dir='ltr'>tamen</span> <span class='ocrx_word' id='word_1_229' title='bbox 356 3011 565 3062; x_wconf 88' lang='lat' dir='ltr'>quantum</span> <span class='ocrx_word' id='word_1_230' title='bbox 576 3008 624 3049; x_wconf 86' lang='lat' dir='ltr'>ad</span> <span class='ocrx_word' id='word_1_231' title='bbox 638 3009 814 3049; x_wconf 90' lang='lat' dir='ltr'>modum</span> <span class='ocrx_word' id='word_1_232' title='bbox 825 3010 1082 3062; x_wconf 88' lang='lat' dir='ltr'>producendi</span> <span class='ocrx_word' id='word_1_233' title='bbox 1093 3013 1231 3063; x_wconf 88' lang='lat' dir='ltr'>posset</span> 
     </span>
     <span class='ocr_line' id='line_1_40' title="bbox 207 3079 1231 3134; baseline 0.004 -15"><span class='ocrx_word' id='word_1_234' title='bbox 207 3091 294 3120; x_wconf 89' lang='lat' dir='ltr'>esse</span> <span class='ocrx_word' id='word_1_235' title='bbox 305 3079 552 3132; x_wconf 83' lang='lat' dir='ltr'>similitudo,</span> <span class='ocrx_word' id='word_1_236' title='bbox 565 3080 666 3133; x_wconf 85' lang='lat' dir='ltr'>quia</span> <span class='ocrx_word' id='word_1_237' title='bbox 682 3080 740 3120; x_wconf 91' lang='lat' dir='ltr'>sic</span> <span class='ocrx_word' id='word_1_238' title='bbox 753 3083 963 3133; x_wconf 85' lang='lat' dir='ltr'>oporteret</span> <span class='ocrx_word' id='word_1_239' title='bbox 978 3081 1090 3134; x_wconf 86' lang='lat' dir='ltr'>quod</span> <span class='ocrx_word' id='word_1_240' title='bbox 1102 3081 1231 3123; x_wconf 84' lang='lat' dir='ltr'>altera</span> 
     </span>
     <span class='ocr_line' id='line_1_41' title="bbox 207 3151 1226 3206; baseline 0.003 -16"><span class='ocrx_word' id='word_1_241' title='bbox 207 3161 485 3202; x_wconf 85' lang='lat' dir='ltr'>personarum</span> <span class='ocrx_word' id='word_1_242' title='bbox 522 3154 630 3192; x_wconf 89' lang='lat' dir='ltr'>esset</span> <span class='ocrx_word' id='word_1_243' title='bbox 663 3151 921 3205; x_wconf 84' lang='lat' dir='ltr'>principium</span> <span class='ocrx_word' id='word_1_244' title='bbox 956 3153 1177 3206; x_wconf 90' lang='lat' dir='ltr'>passivum</span> <span class='ocrx_word' id='word_1_245' title='bbox 1217 3166 1226 3193; x_wconf 90' lang='lat'><strong>:</strong></span> 
     </span>
    </p>
   </div>
   <div class='ocr_carea' id='block_1_4' title="bbox 206 3222 1232 3276">
    <p class='ocr_par' dir='ltr' id='par_1_8' title="bbox 206 3222 1232 3276">
     <span class='ocr_line' id='line_1_42' title="bbox 206 3222 1232 3276; baseline 0.003 -15"><span class='ocrx_word' id='word_1_246' title='bbox 206 3225 414 3273; x_wconf 86' lang='lat' dir='ltr'>quantum</span> <span class='ocrx_word' id='word_1_247' title='bbox 430 3224 571 3263; x_wconf 90' lang='lat' dir='ltr'>autem</span> <span class='ocrx_word' id='word_1_248' title='bbox 590 3222 642 3263; x_wconf 91' lang='lat' dir='ltr'>ad</span> <span class='ocrx_word' id='word_1_249' title='bbox 661 3222 741 3263; x_wconf 89' lang='lat' dir='ltr'>hoc</span> <span class='ocrx_word' id='word_1_250' title='bbox 757 3234 843 3263; x_wconf 90' lang='lat' dir='ltr'>non</span> <span class='ocrx_word' id='word_1_251' title='bbox 863 3225 997 3276; x_wconf 89' lang='lat' dir='ltr'>potest</span> <span class='ocrx_word' id='word_1_252' title='bbox 1012 3236 1101 3265; x_wconf 88' lang='lat' dir='ltr'>esse</span> <span class='ocrx_word' id='word_1_253' title='bbox 1118 3224 1232 3264; x_wconf 82' lang='lat' dir='ltr'>sinii-</span> 
     </span>
    </p>
   </div>
   <div class='ocr_carea' id='block_1_5' title="bbox 203 3291 793 3389">
    <p class='ocr_par' dir='ltr' id='par_1_9' title="bbox 203 3291 793 3389">
     <span class='ocr_line' id='line_1_43' title="bbox 203 3291 349 3334; baseline 0.007 -2"><span class='ocrx_word' id='word_1_254' title='bbox 203 3291 349 3334; x_wconf 89' lang='lat' dir='ltr'>litudo.</span> 
     </span>
     <span class='ocr_line' id='line_1_44' title="bbox 627 3360 793 3389; baseline -0.012 0"><span class='ocrx_word' id='word_1_255' title='bbox 627 3361 717 3389; x_wconf 82' lang='lat' dir='ltr'>Dnss.</span> <span class='ocrx_word' id='word_1_256' title='bbox 748 3360 793 3388; x_wconf 91' lang='lat'>11.</span> 
     </span>
    </p>
   </div>
   <div class='ocr_carea' id='block_1_6' title="bbox 463 3431 972 3472">
    <p class='ocr_par' dir='ltr' id='par_1_10' title="bbox 463 3431 972 3472">
     <span class='ocr_line' id='line_1_45' title="bbox 463 3431 972 3472; baseline 0.004 -11"><span class='ocrx_word' id='word_1_257' title='bbox 463 3431 549 3462; x_wconf 85' lang='lat' dir='ltr'>Nam</span> <span class='ocrx_word' id='word_1_258' title='bbox 568 3431 710 3472; x_wconf 82' lang='lat' dir='ltr'>Spiritus</span> <span class='ocrx_word' id='word_1_259' title='bbox 729 3433 865 3464; x_wconf 89' lang='lat' dir='ltr'>sanctus</span> <span class='ocrx_word' id='word_1_260' title='bbox 875 3455 885 3472; x_wconf 93' lang='lat'>,</span> <span class='ocrx_word' id='word_1_261' title='bbox 907 3433 972 3464; x_wconf 87' lang='lat' dir='ltr'>etc.</span> 
     </span>
    </p>
   </div>
   <div class='ocr_carea' id='block_1_7' title="bbox 259 3505 1233 3561">
    <p class='ocr_par' dir='ltr' id='par_1_11' title="bbox 259 3505 1233 3561">
     <span class='ocr_line' id='line_1_46' title="bbox 259 3505 1233 3561; baseline 0.005 -16"><span class='ocrx_word' id='word_1_262' title='bbox 259 3505 432 3546; x_wconf 86' lang='lat' dir='ltr'>Videtur</span> <span class='ocrx_word' id='word_1_263' title='bbox 461 3506 571 3547; x_wconf 89' lang='lat' dir='ltr'>male</span> <span class='ocrx_word' id='word_1_264' title='bbox 596 3509 730 3549; x_wconf 87' lang='lat' dir='ltr'>dicere</span> <span class='ocrx_word' id='word_1_265' title='bbox 748 3541 757 3558; x_wconf 91' lang='lat'>,</span> <span class='ocrx_word' id='word_1_266' title='bbox 781 3509 906 3561; x_wconf 86' lang='lat' dir='ltr'>quia,</span> <span class='ocrx_word' id='word_1_267' title='bbox 938 3521 1036 3549; x_wconf 91' lang='lat' dir='ltr'>cum</span> <span class='ocrx_word' id='word_1_268' title='bbox 1065 3522 1152 3550; x_wconf 89' lang='lat' dir='ltr'>non</span> <span class='ocrx_word' id='word_1_269' title='bbox 1180 3510 1233 3550; x_wconf 88' lang='lat' dir='ltr'>sit</span> 
     </span>
    </p>
   </div>
   <div class='ocr_carea' id='block_1_8' title="bbox 250 3573 1229 3634">
    <p class='ocr_par' dir='ltr' id='par_1_12' title="bbox 250 3573 1229 3634">
     <span class='ocr_line' id='line_1_47' title="bbox 250 3573 1229 3634; baseline 0.004 -12"><span class='ocrx_word' id='word_1_270' title='bbox 250 3590 426 3632; x_wconf 69' lang='lat' dir='ltr'>¹August„</span> <span class='ocrx_word' id='word_1_271' title='bbox 440 3589 479 3622; x_wconf 83' lang='lat' dir='ltr'>de</span> <span class='ocrx_word' id='word_1_272' title='bbox 494 3590 626 3630; x_wconf 62' lang='lat' dir='ltr'>Tm&#39;m‘t,</span> <span class='ocrx_word' id='word_1_273' title='bbox 641 3591 700 3624; x_wconf 88' lang='lat' dir='ltr'>lib.</span> <span class='ocrx_word' id='word_1_274' title='bbox 715 3593 756 3633; x_wconf 90' lang='lat' dir='ltr'>V,</span> <span class='ocrx_word' id='word_1_275' title='bbox 775 3602 803 3624; x_wconf 90' lang='lat' dir='ltr'>c.</span> <span class='ocrx_word' id='word_1_276' title='bbox 821 3600 926 3633; x_wconf 68' lang='lat' dir='ltr'>Xv711.</span> <span class='ocrx_word' id='word_1_277' title='bbox 942 3594 1035 3624; x_wconf 61' lang='lat'>116.—</span> <span class='ocrx_word' id='word_1_278' title='bbox 1046 3593 1060 3614; x_wconf 77' lang='lat'><strong>²</strong></span> <span class='ocrx_word' id='word_1_279' title='bbox 1074 3573 1229 3634; x_wconf 55' lang='lat' dir='ltr'>August„</span> 
     </span>
    </p>
   </div>
   <div class='ocr_carea' id='block_1_9' title="bbox 1298 281 2324 701">
    <p class='ocr_par' dir='ltr' id='par_1_13' title="bbox 1298 281 2323 487">
     <span class='ocr_line' id='line_1_48' title="bbox 2247 281 2322 320; baseline 0.013 -1"><span class='ocrx_word' id='word_1_280' title='bbox 2247 281 2322 320; x_wconf 72' lang='lat'>:219</span> 
     </span>
     <span class='ocr_line' id='line_1_49' title="bbox 1298 360 2323 418; baseline 0.007 -18"><span class='ocrx_word' id='word_1_281' title='bbox 1298 360 1419 401; x_wconf 88' lang='lat' dir='ltr'>datus</span> <span class='ocrx_word' id='word_1_282' title='bbox 1449 361 1529 401; x_wconf 92' lang='lat' dir='ltr'>nisi</span> <span class='ocrx_word' id='word_1_283' title='bbox 1561 373 1615 401; x_wconf 80' lang='lat' dir='ltr'>ex</span> <span class='ocrx_word' id='word_1_284' title='bbox 1649 364 1838 415; x_wconf 89' lang='lat' dir='ltr'>tempore</span> <span class='ocrx_word' id='word_1_285' title='bbox 1851 395 1862 414; x_wconf 94' lang='lat'>,</span> <span class='ocrx_word' id='word_1_286' title='bbox 1895 364 2062 405; x_wconf 88' lang='lat' dir='ltr'>videtur</span> <span class='ocrx_word' id='word_1_287' title='bbox 2094 367 2205 418; x_wconf 86' lang='lat' dir='ltr'>quod</span> <span class='ocrx_word' id='word_1_288' title='bbox 2239 380 2323 407; x_wconf 80' lang='lat' dir='ltr'>non</span> 
     </span>
     <span class='ocr_line' id='line_1_50' title="bbox 1298 432 1890 487; baseline 0.005 -15"><span class='ocrx_word' id='word_1_289' title='bbox 1298 433 1495 484; x_wconf 87' lang='lat' dir='ltr'>procedat</span> <span class='ocrx_word' id='word_1_290' title='bbox 1514 432 1597 472; x_wconf 89' lang='lat' dir='ltr'>nisi</span> <span class='ocrx_word' id='word_1_291' title='bbox 1614 445 1667 473; x_wconf 76' lang='lat' dir='ltr'>ex</span> <span class='ocrx_word' id='word_1_292' title='bbox 1688 436 1890 487; x_wconf 87' lang='lat' dir='ltr'>tempore.</span> 
     </span>
    </p>

    <p class='ocr_par' dir='ltr' id='par_1_14' title="bbox 1299 503 2324 701">
     <span class='ocr_line' id='line_1_51' title="bbox 1351 503 2324 559; baseline 0.004 -15"><span class='ocrx_word' id='word_1_293' title='bbox 1351 504 1473 557; x_wconf 86' lang='lat' dir='ltr'>Resp.</span> <span class='ocrx_word' id='word_1_294' title='bbox 1498 503 1613 545; x_wconf 86' lang='lat' dir='ltr'>Sicut</span> <span class='ocrx_word' id='word_1_295' title='bbox 1631 504 1739 545; x_wconf 86' lang='lat' dir='ltr'>infra</span> <span class='ocrx_word' id='word_1_296' title='bbox 1758 506 1927 558; x_wconf 77' lang='lat' dir='ltr'>patebit,</span> <span class='ocrx_word' id='word_1_297' title='bbox 1948 506 1981 545; x_wconf 88' lang='lat' dir='ltr'>si</span> <span class='ocrx_word' id='word_1_298' title='bbox 2001 506 2253 559; x_wconf 83' lang='lat' dir='ltr'>intelligitur</span> <span class='ocrx_word' id='word_1_299' title='bbox 2275 509 2324 548; x_wconf 90' lang='lat' dir='ltr'>de</span> 
     </span>
     <span class='ocr_line' id='line_1_52' title="bbox 1299 576 2322 628; baseline 0.002 -13"><span class='ocrx_word' id='word_1_300' title='bbox 1299 577 1561 627; x_wconf 85' lang='lat' dir='ltr'>processione</span> <span class='ocrx_word' id='word_1_301' title='bbox 1590 577 1832 628; x_wconf 84' lang='lat' dir='ltr'>temporali,</span> <span class='ocrx_word' id='word_1_302' title='bbox 1852 576 1978 618; x_wconf 62' lang='lat' dir='ltr'>(littus</span> <span class='ocrx_word' id='word_1_303' title='bbox 2001 577 2098 617; x_wconf 86' lang='lat' dir='ltr'>dicit</span> <span class='ocrx_word' id='word_1_304' title='bbox 2122 580 2264 617; x_wconf 84' lang='lat' dir='ltr'>actum</span> <span class='ocrx_word' id='word_1_305' title='bbox 2286 579 2294 600; x_wconf 79' lang='lat'><strong>¹</strong></span> <span class='ocrx_word' id='word_1_306' title='bbox 2314 592 2322 626; x_wconf 80' lang='lat'><em>3</em></span> 
     </span>
     <span class='ocr_line' id='line_1_53' title="bbox 1300 646 2321 701; baseline 0.001 -15"><span class='ocrx_word' id='word_1_307' title='bbox 1300 646 1335 686; x_wconf 90' lang='lat' dir='ltr'>si</span> <span class='ocrx_word' id='word_1_308' title='bbox 1351 650 1493 687; x_wconf 86' lang='lat' dir='ltr'>autem</span> <span class='ocrx_word' id='word_1_309' title='bbox 1512 647 1562 687; x_wconf 89' lang='lat' dir='ltr'>de</span> <span class='ocrx_word' id='word_1_310' title='bbox 1579 648 1752 697; x_wconf 83' lang='lat' dir='ltr'>aeterna,</span> <span class='ocrx_word' id='word_1_311' title='bbox 1769 648 1899 690; x_wconf 72' lang='lat' dir='ltr'>dacus</span> <span class='ocrx_word' id='word_1_312' title='bbox 1917 648 2015 689; x_wconf 87' lang='lat' dir='ltr'>dicit</span> <span class='ocrx_word' id='word_1_313' title='bbox 2029 649 2321 701; x_wconf 80' lang='lat' dir='ltr'>aptitudinem.</span> 
     </span>
    </p>
   </div>
   <div class='ocr_carea' id='block_1_10' title="bbox 1722 773 1904 801">
    <p class='ocr_par' dir='ltr' id='par_1_15' title="bbox 1722 773 1904 801">
     <span class='ocr_line' id='line_1_54' title="bbox 1722 773 1904 801; baseline 0.005 -1"><span class='ocrx_word' id='word_1_314' title='bbox 1722 773 1812 801; x_wconf 82' lang='lat' dir='ltr'><strong>DUB.</strong></span> <span class='ocrx_word' id='word_1_315' title='bbox 1845 774 1904 801; x_wconf 91' lang='lat'>111.</span> 
     </span>
    </p>
   </div>
   <div class='ocr_carea' id='block_1_11' title="bbox 1299 858 2334 2269">
    <p class='ocr_par' dir='ltr' id='par_1_16' title="bbox 1300 858 2329 1623">
     <span class='ocr_line' id='line_1_55' title="bbox 1354 858 2327 912; baseline 0.001 -14"><span class='ocrx_word' id='word_1_316' title='bbox 1354 858 1458 899; x_wconf 90' lang='lat' dir='ltr'>Item</span> <span class='ocrx_word' id='word_1_317' title='bbox 1477 858 1688 911; x_wconf 62' lang='lat' dir='ltr'>quaeritur</span> <span class='ocrx_word' id='word_1_318' title='bbox 1708 858 1758 899; x_wconf 89' lang='lat' dir='ltr'>de</span> <span class='ocrx_word' id='word_1_319' title='bbox 1776 859 1870 907; x_wconf 88' lang='lat' dir='ltr'>hoc,</span> <span class='ocrx_word' id='word_1_320' title='bbox 1893 859 2006 899; x_wconf 88' lang='lat' dir='ltr'>unde</span> <span class='ocrx_word' id='word_1_321' title='bbox 2025 859 2294 912; x_wconf 74' lang='lat' dir='ltr'>Augustinus</span> <span class='ocrx_word' id='word_1_322' title='bbox 2313 866 2327 887; x_wconf 82' lang='lat'><strong>²</strong></span> 
     </span>
     <span class='ocr_line' id='line_1_56' title="bbox 1300 929 2327 984; baseline 0.003 -15"><span class='ocrx_word' id='word_1_323' title='bbox 1300 930 1523 983; x_wconf 82' lang='lat' dir='ltr'>respondet</span> <span class='ocrx_word' id='word_1_324' title='bbox 1550 929 1806 980; x_wconf 76' lang='lat' dir='ltr'>Maximino,</span> <span class='ocrx_word' id='word_1_325' title='bbox 1837 931 2100 983; x_wconf 74' lang='lat' dir='ltr'>praemissam</span> <span class='ocrx_word' id='word_1_326' title='bbox 2130 932 2327 984; x_wconf 80' lang='lat' dir='ltr'>quaestio-</span> 
     </span>
     <span class='ocr_line' id='line_1_57' title="bbox 1302 1000 2324 1053; baseline 0.002 -13"><span class='ocrx_word' id='word_1_327' title='bbox 1302 1012 1400 1041; x_wconf 88' lang='lat' dir='ltr'>nem</span> <span class='ocrx_word' id='word_1_328' title='bbox 1416 1001 1629 1041; x_wconf 84' lang='lat' dir='ltr'>refricanti</span> <span class='ocrx_word' id='word_1_329' title='bbox 1644 1001 1702 1040; x_wconf 89' lang='lat' dir='ltr'>sic</span> <span class='ocrx_word' id='word_1_330' title='bbox 1719 1013 1728 1041; x_wconf 91' lang='lat'>:</span> <span class='ocrx_word' id='word_1_331' title='bbox 1748 1000 1927 1053; x_wconf 82' lang='lat' dir='ltr'>Spiritus</span> <span class='ocrx_word' id='word_1_332' title='bbox 1941 1005 2110 1042; x_wconf 89' lang='lat' dir='ltr'>sanctus</span> <span class='ocrx_word' id='word_1_333' title='bbox 2124 1006 2184 1042; x_wconf 88' lang='lat' dir='ltr'>est</span> <span class='ocrx_word' id='word_1_334' title='bbox 2204 1002 2324 1052; x_wconf 83' lang='lat' dir='ltr'>Deus,</span> 
     </span>
     <span class='ocr_line' id='line_1_58' title="bbox 1301 1072 2329 1124; baseline 0.001 -12"><span class='ocrx_word' id='word_1_335' title='bbox 1301 1075 1341 1112; x_wconf 90' lang='lat' dir='ltr'>et</span> <span class='ocrx_word' id='word_1_336' title='bbox 1354 1084 1441 1112; x_wconf 90' lang='lat' dir='ltr'>non</span> <span class='ocrx_word' id='word_1_337' title='bbox 1455 1075 1516 1112; x_wconf 90' lang='lat' dir='ltr'>est</span> <span class='ocrx_word' id='word_1_338' title='bbox 1530 1072 1638 1112; x_wconf 82' lang='lat' dir='ltr'>Deus</span> <span class='ocrx_word' id='word_1_339' title='bbox 1651 1072 1862 1113; x_wconf 86' lang='lat' dir='ltr'>nascendo</span> <span class='ocrx_word' id='word_1_340' title='bbox 1881 1087 1889 1112; x_wconf 89' lang='lat'>:</span> <span class='ocrx_word' id='word_1_341' title='bbox 1907 1085 2010 1124; x_wconf 85' lang='lat' dir='ltr'>ergo</span> <span class='ocrx_word' id='word_1_342' title='bbox 2026 1085 2109 1113; x_wconf 91' lang='lat' dir='ltr'>non</span> <span class='ocrx_word' id='word_1_343' title='bbox 2127 1073 2233 1113; x_wconf 83' lang='lat' dir='ltr'>Deus</span> <span class='ocrx_word' id='word_1_344' title='bbox 2252 1086 2329 1113; x_wconf 87' lang='lat' dir='ltr'>na-</span> 
     </span>
     <span class='ocr_line' id='line_1_59' title="bbox 1301 1142 2328 1197; baseline 0.003 -15"><span class='ocrx_word' id='word_1_345' title='bbox 1301 1142 1491 1183; x_wconf 88' lang='lat' dir='ltr'>turaliter</span> <span class='ocrx_word' id='word_1_346' title='bbox 1514 1158 1522 1183; x_wconf 91' lang='lat'>:</span> <span class='ocrx_word' id='word_1_347' title='bbox 1542 1155 1647 1195; x_wconf 91' lang='lat' dir='ltr'>ergo</span> <span class='ocrx_word' id='word_1_348' title='bbox 1664 1143 1861 1196; x_wconf 87' lang='lat' dir='ltr'>adoptive</span> <span class='ocrx_word' id='word_1_349' title='bbox 1881 1156 1890 1183; x_wconf 91' lang='lat'>:</span> <span class='ocrx_word' id='word_1_350' title='bbox 1911 1146 1951 1183; x_wconf 88' lang='lat' dir='ltr'>et</span> <span class='ocrx_word' id='word_1_351' title='bbox 1967 1144 2081 1196; x_wconf 87' lang='lat' dir='ltr'>quod</span> <span class='ocrx_word' id='word_1_352' title='bbox 2100 1144 2181 1184; x_wconf 90' lang='lat' dir='ltr'>hoc</span> <span class='ocrx_word' id='word_1_353' title='bbox 2201 1157 2328 1197; x_wconf 86' lang='lat' dir='ltr'>argu·</span> 
     </span>
     <span class='ocr_line' id='line_1_60' title="bbox 1303 1215 2329 1267; baseline 0.002 -13"><span class='ocrx_word' id='word_1_354' title='bbox 1303 1217 1495 1254; x_wconf 86' lang='lat' dir='ltr'>mentum</span> <span class='ocrx_word' id='word_1_355' title='bbox 1512 1215 1564 1255; x_wconf 90' lang='lat' dir='ltr'>sit</span> <span class='ocrx_word' id='word_1_356' title='bbox 1581 1215 1760 1263; x_wconf 86' lang='lat' dir='ltr'>bonum,</span> <span class='ocrx_word' id='word_1_357' title='bbox 1778 1215 1960 1264; x_wconf 85' lang='lat' dir='ltr'>videtur,</span> <span class='ocrx_word' id='word_1_358' title='bbox 1978 1215 2078 1267; x_wconf 83' lang='lat' dir='ltr'>quia</span> <span class='ocrx_word' id='word_1_359' title='bbox 2092 1216 2203 1267; x_wconf 85' lang='lat' dir='ltr'>quod</span> <span class='ocrx_word' id='word_1_360' title='bbox 2220 1216 2329 1256; x_wconf 87' lang='lat' dir='ltr'>inest</span> 
     </span>
     <span class='ocr_line' id='line_1_61' title="bbox 1301 1284 2327 1339; baseline 0.003 -15"><span class='ocrx_word' id='word_1_361' title='bbox 1301 1284 1428 1325; x_wconf 84' lang='lat' dir='ltr'>alicui</span> <span class='ocrx_word' id='word_1_362' title='bbox 1451 1285 1713 1336; x_wconf 84' lang='lat' dir='ltr'>naturaliter,</span> <span class='ocrx_word' id='word_1_363' title='bbox 1736 1286 1845 1325; x_wconf 86' lang='lat' dir='ltr'>inest</span> <span class='ocrx_word' id='word_1_364' title='bbox 1865 1286 1902 1326; x_wconf 86' lang='lat' dir='ltr'>ei</span> <span class='ocrx_word' id='word_1_365' title='bbox 1920 1299 1944 1326; x_wconf 89' lang='lat' dir='ltr'>a</span> <span class='ocrx_word' id='word_1_366' title='bbox 1962 1286 2204 1327; x_wconf 84' lang='lat' dir='ltr'>nativitate:</span> <span class='ocrx_word' id='word_1_367' title='bbox 2224 1298 2327 1339; x_wconf 88' lang='lat' dir='ltr'>ergo</span> 
     </span>
     <span class='ocr_line' id='line_1_62' title="bbox 1301 1356 2329 1408; baseline 0.004 -13"><span class='ocrx_word' id='word_1_368' title='bbox 1301 1357 1415 1408; x_wconf 87' lang='lat' dir='ltr'>quod</span> <span class='ocrx_word' id='word_1_369' title='bbox 1432 1368 1518 1396; x_wconf 89' lang='lat' dir='ltr'>non</span> <span class='ocrx_word' id='word_1_370' title='bbox 1535 1356 1644 1397; x_wconf 91' lang='lat' dir='ltr'>inest</span> <span class='ocrx_word' id='word_1_371' title='bbox 1661 1369 1686 1396; x_wconf 87' lang='lat' dir='ltr'>a</span> <span class='ocrx_word' id='word_1_372' title='bbox 1711 1357 1943 1406; x_wconf 84' lang='lat' dir='ltr'>nativitate,</span> <span class='ocrx_word' id='word_1_373' title='bbox 1965 1370 2052 1397; x_wconf 90' lang='lat' dir='ltr'>non</span> <span class='ocrx_word' id='word_1_374' title='bbox 2071 1357 2179 1398; x_wconf 91' lang='lat' dir='ltr'>inest</span> <span class='ocrx_word' id='word_1_375' title='bbox 2198 1362 2329 1399; x_wconf 84' lang='lat' dir='ltr'>natu-</span> 
     </span>
     <span class='ocr_line' id='line_1_63' title="bbox 1301 1427 2328 1484; baseline 0.005 -18"><span class='ocrx_word' id='word_1_376' title='bbox 1301 1427 1443 1467; x_wconf 86' lang='lat' dir='ltr'>raliter</span> <span class='ocrx_word' id='word_1_377' title='bbox 1462 1442 1470 1468; x_wconf 80' lang='lat' dir='ltr'>z</span> <span class='ocrx_word' id='word_1_378' title='bbox 1493 1440 1595 1479; x_wconf 87' lang='lat' dir='ltr'>ergo</span> <span class='ocrx_word' id='word_1_379' title='bbox 1614 1441 1710 1468; x_wconf 88' lang='lat' dir='ltr'>cum</span> <span class='ocrx_word' id='word_1_380' title='bbox 1733 1428 1913 1482; x_wconf 88' lang='lat' dir='ltr'>Spiritus</span> <span class='ocrx_word' id='word_1_381' title='bbox 1932 1432 2100 1470; x_wconf 83' lang='lat' dir='ltr'>sanctus</span> <span class='ocrx_word' id='word_1_382' title='bbox 2121 1443 2206 1471; x_wconf 91' lang='lat' dir='ltr'>non</span> <span class='ocrx_word' id='word_1_383' title='bbox 2226 1443 2328 1484; x_wconf 88' lang='lat' dir='ltr'>pro-</span> 
     </span>
     <span class='ocr_line' id='line_1_64' title="bbox 1301 1498 2329 1549; baseline 0.005 -10"><span class='ocrx_word' id='word_1_384' title='bbox 1301 1498 1418 1539; x_wconf 86' lang='lat' dir='ltr'>cedat</span> <span class='ocrx_word' id='word_1_385' title='bbox 1437 1502 1483 1539; x_wconf 91' lang='lat' dir='ltr'>ut</span> <span class='ocrx_word' id='word_1_386' title='bbox 1503 1502 1643 1549; x_wconf 87' lang='lat' dir='ltr'>natus,</span> <span class='ocrx_word' id='word_1_387' title='bbox 1664 1512 1750 1540; x_wconf 88' lang='lat' dir='ltr'>non</span> <span class='ocrx_word' id='word_1_388' title='bbox 1769 1501 1877 1541; x_wconf 87' lang='lat' dir='ltr'>inest</span> <span class='ocrx_word' id='word_1_389' title='bbox 1899 1501 1935 1540; x_wconf 88' lang='lat' dir='ltr'>ei</span> <span class='ocrx_word' id='word_1_390' title='bbox 1958 1513 2046 1541; x_wconf 86' lang='lat' dir='ltr'>esse</span> <span class='ocrx_word' id='word_1_391' title='bbox 2067 1501 2197 1542; x_wconf 75' lang='lat' dir='ltr'>neum</span> <span class='ocrx_word' id='word_1_392' title='bbox 2214 1516 2237 1543; x_wconf 91' lang='lat' dir='ltr'>a</span> <span class='ocrx_word' id='word_1_393' title='bbox 2254 1516 2329 1544; x_wconf 87' lang='lat' dir='ltr'>na-</span> 
     </span>
     <span class='ocr_line' id='line_1_65' title="bbox 1300 1570 2214 1623; baseline 0.004 -14"><span class='ocrx_word' id='word_1_394' title='bbox 1300 1570 1462 1610; x_wconf 86' lang='lat' dir='ltr'>tivitate</span> <span class='ocrx_word' id='word_1_395' title='bbox 1485 1584 1493 1611; x_wconf 89' lang='lat'>:</span> <span class='ocrx_word' id='word_1_396' title='bbox 1518 1583 1622 1623; x_wconf 89' lang='lat' dir='ltr'>ergo</span> <span class='ocrx_word' id='word_1_397' title='bbox 1642 1583 1728 1612; x_wconf 89' lang='lat' dir='ltr'>non</span> <span class='ocrx_word' id='word_1_398' title='bbox 1748 1575 1807 1612; x_wconf 88' lang='lat' dir='ltr'>est</span> <span class='ocrx_word' id='word_1_399' title='bbox 1826 1571 1935 1612; x_wconf 91' lang='lat' dir='ltr'>Deus</span> <span class='ocrx_word' id='word_1_400' title='bbox 1952 1573 2214 1614; x_wconf 86' lang='lat' dir='ltr'>naturaliter.</span> 
     </span>
    </p>

    <p class='ocr_par' dir='ltr' id='par_1_17' title="bbox 1299 1641 2334 2269">
     <span class='ocr_line' id='line_1_66' title="bbox 1354 1641 2327 1694; baseline 0.005 -13"><span class='ocrx_word' id='word_1_401' title='bbox 1354 1641 1477 1694; x_wconf 84' lang='lat' dir='ltr'>Resp.</span> <span class='ocrx_word' id='word_1_402' title='bbox 1511 1642 1740 1683; x_wconf 86' lang='lat' dir='ltr'>Dicendum</span> <span class='ocrx_word' id='word_1_403' title='bbox 1774 1643 1826 1683; x_wconf 88' lang='lat' dir='ltr'>ad</span> <span class='ocrx_word' id='word_1_404' title='bbox 1851 1643 1952 1694; x_wconf 88' lang='lat' dir='ltr'>hoc,</span> <span class='ocrx_word' id='word_1_405' title='bbox 1974 1644 2209 1684; x_wconf 83' lang='lat' dir='ltr'>secundum</span> <span class='ocrx_word' id='word_1_406' title='bbox 2238 1645 2327 1686; x_wconf 87' lang='lat' dir='ltr'>Au-</span> 
     </span>
     <span class='ocr_line' id='line_1_67' title="bbox 1301 1713 2331 1766; baseline 0.004 -13"><span class='ocrx_word' id='word_1_407' title='bbox 1301 1713 1525 1765; x_wconf 88' lang='lat' dir='ltr'>gustinum</span> <span class='ocrx_word' id='word_1_408' title='bbox 1557 1717 1594 1764; x_wconf 77' lang='lat'>³,</span> <span class='ocrx_word' id='word_1_409' title='bbox 1627 1714 1740 1766; x_wconf 89' lang='lat' dir='ltr'>quod</span> <span class='ocrx_word' id='word_1_410' title='bbox 1769 1718 2077 1766; x_wconf 85' lang='lat' dir='ltr'>argumentum</span> <span class='ocrx_word' id='word_1_411' title='bbox 2105 1715 2216 1757; x_wconf 88' lang='lat' dir='ltr'>istud</span> <span class='ocrx_word' id='word_1_412' title='bbox 2245 1730 2331 1758; x_wconf 88' lang='lat' dir='ltr'>non</span> 
     </span>
     <span class='ocr_line' id='line_1_68' title="bbox 1301 1784 2330 1838; baseline 0.005 -15"><span class='ocrx_word' id='word_1_413' title='bbox 1301 1784 1438 1835; x_wconf 82' lang='lat' dir='ltr'>valet,</span> <span class='ocrx_word' id='word_1_414' title='bbox 1460 1785 1543 1824; x_wconf 87' lang='lat' dir='ltr'>nisi</span> <span class='ocrx_word' id='word_1_415' title='bbox 1565 1785 1609 1825; x_wconf 87' lang='lat' dir='ltr'>in</span> <span class='ocrx_word' id='word_1_416' title='bbox 1638 1786 1696 1825; x_wconf 84' lang='lat' dir='ltr'>eis</span> <span class='ocrx_word' id='word_1_417' title='bbox 1723 1798 1818 1838; x_wconf 75' lang='lat' dir='ltr'>quae</span> <span class='ocrx_word' id='word_1_418' title='bbox 1838 1790 2124 1838; x_wconf 71' lang='lat' dir='ltr'>generantur,</span> <span class='ocrx_word' id='word_1_419' title='bbox 2148 1788 2192 1827; x_wconf 88' lang='lat' dir='ltr'>in</span> <span class='ocrx_word' id='word_1_420' title='bbox 2214 1788 2307 1828; x_wconf 88' lang='lat' dir='ltr'>aliis</span> <span class='ocrx_word' id='word_1_421' title='bbox 2321 1820 2330 1837; x_wconf 87' lang='lat'>,</span> 
     </span>
     <span class='ocr_line' id='line_1_69' title="bbox 1299 1856 2333 1910; baseline 0.005 -15"><span class='ocrx_word' id='word_1_422' title='bbox 1299 1868 1400 1896; x_wconf 87' lang='lat' dir='ltr'>non.</span> <span class='ocrx_word' id='word_1_423' title='bbox 1436 1856 1486 1896; x_wconf 89' lang='lat' dir='ltr'>Et</span> <span class='ocrx_word' id='word_1_424' title='bbox 1511 1857 1591 1896; x_wconf 88' lang='lat' dir='ltr'>hoc</span> <span class='ocrx_word' id='word_1_425' title='bbox 1620 1859 1752 1909; x_wconf 83' lang='lat' dir='ltr'>patet,</span> <span class='ocrx_word' id='word_1_426' title='bbox 1790 1858 1890 1910; x_wconf 88' lang='lat' dir='ltr'>quia</span> <span class='ocrx_word' id='word_1_427' title='bbox 1920 1858 2054 1898; x_wconf 88' lang='lat' dir='ltr'>Adam</span> <span class='ocrx_word' id='word_1_428' title='bbox 2088 1862 2177 1898; x_wconf 89' lang='lat' dir='ltr'>erat</span> <span class='ocrx_word' id='word_1_429' title='bbox 2204 1859 2333 1900; x_wconf 87' lang='lat' dir='ltr'>homo</span> 
     </span>
     <span class='ocr_line' id='line_1_70' title="bbox 1300 1928 2334 1982; baseline 0.004 -15"><span class='ocrx_word' id='word_1_430' title='bbox 1300 1930 1476 1976; x_wconf 84' lang='lat' dir='ltr'>natura,</span> <span class='ocrx_word' id='word_1_431' title='bbox 1502 1928 1611 1968; x_wconf 89' lang='lat' dir='ltr'>sicut</span> <span class='ocrx_word' id='word_1_432' title='bbox 1633 1929 1926 1982; x_wconf 81' lang='lat' dir='ltr'>unusquisque</span> <span class='ocrx_word' id='word_1_433' title='bbox 1952 1933 2168 1979; x_wconf 86' lang='lat' dir='ltr'>nostrum;</span> <span class='ocrx_word' id='word_1_434' title='bbox 2202 1934 2242 1971; x_wconf 91' lang='lat' dir='ltr'>et</span> <span class='ocrx_word' id='word_1_435' title='bbox 2269 1934 2334 1971; x_wconf 82' lang='lat' dir='ltr'>ta-</span> 
     </span>
     <span class='ocr_line' id='line_1_71' title="bbox 1301 2000 2333 2054; baseline 0.001 -15"><span class='ocrx_word' id='word_1_436' title='bbox 1301 2012 1399 2040; x_wconf 89' lang='lat' dir='ltr'>men</span> <span class='ocrx_word' id='word_1_437' title='bbox 1424 2000 1513 2052; x_wconf 91' lang='lat' dir='ltr'>ipse</span> <span class='ocrx_word' id='word_1_438' title='bbox 1542 2000 1692 2040; x_wconf 86' lang='lat' dir='ltr'>habuit</span> <span class='ocrx_word' id='word_1_439' title='bbox 1713 2012 1788 2053; x_wconf 86' lang='lat' dir='ltr'>per</span> <span class='ocrx_word' id='word_1_440' title='bbox 1815 2000 2094 2050; x_wconf 86' lang='lat' dir='ltr'>creationem,</span> <span class='ocrx_word' id='word_1_441' title='bbox 2117 2001 2231 2054; x_wconf 87' lang='lat' dir='ltr'>quod</span> <span class='ocrx_word' id='word_1_442' title='bbox 2256 2014 2333 2042; x_wconf 76' lang='lat' dir='ltr'>nos</span> 
     </span>
     <span class='ocr_line' id='line_1_72' title="bbox 1302 2071 2334 2125; baseline 0 -13"><span class='ocrx_word' id='word_1_443' title='bbox 1302 2072 1510 2112; x_wconf 86' lang='lat' dir='ltr'>hahemus</span> <span class='ocrx_word' id='word_1_444' title='bbox 1529 2084 1604 2125; x_wconf 87' lang='lat' dir='ltr'>per</span> <span class='ocrx_word' id='word_1_445' title='bbox 1624 2072 1944 2124; x_wconf 89' lang='lat' dir='ltr'>generationem</span> <span class='ocrx_word' id='word_1_446' title='bbox 1968 2087 1977 2113; x_wconf 74' lang='grc' dir='ltr'>ι</span> <span class='ocrx_word' id='word_1_447' title='bbox 2001 2072 2059 2112; x_wconf 92' lang='lat' dir='ltr'>sic</span> <span class='ocrx_word' id='word_1_448' title='bbox 2082 2072 2191 2113; x_wconf 73' lang='lat' dir='ltr'>Dens</span> <span class='ocrx_word' id='word_1_449' title='bbox 2212 2071 2334 2113; x_wconf 87' lang='lat' dir='ltr'>Pater</span> 
     </span>
     <span class='ocr_line' id='line_1_73' title="bbox 1300 2143 2333 2196; baseline 0.002 -13"><span class='ocrx_word' id='word_1_450' title='bbox 1300 2143 1588 2184; x_wconf 86' lang='lat' dir='ltr'>communicat</span> <span class='ocrx_word' id='word_1_451' title='bbox 1617 2146 1821 2183; x_wconf 85' lang='lat' dir='ltr'>naturam·</span> <span class='ocrx_word' id='word_1_452' title='bbox 1847 2155 1968 2183; x_wconf 87' lang='lat' dir='ltr'>suam</span> <span class='ocrx_word' id='word_1_453' title='bbox 1989 2143 2165 2196; x_wconf 83' lang='lat' dir='ltr'>Spiritui</span> <span class='ocrx_word' id='word_1_454' title='bbox 2191 2147 2333 2185; x_wconf 89' lang='lat' dir='ltr'>sancto</span> 
     </span>
     <span class='ocr_line' id='line_1_74' title="bbox 1300 2214 2333 2269; baseline 0.001 -13"><span class='ocrx_word' id='word_1_455' title='bbox 1300 2228 1375 2269; x_wconf 86' lang='lat' dir='ltr'>per</span> <span class='ocrx_word' id='word_1_456' title='bbox 1394 2215 1692 2269; x_wconf 87' lang='lat' dir='ltr'>spirationem,</span> <span class='ocrx_word' id='word_1_457' title='bbox 1723 2214 1832 2255; x_wconf 79' lang='lat' dir='ltr'>sicut</span> <span class='ocrx_word' id='word_1_458' title='bbox 1859 2215 1965 2256; x_wconf 86' lang='lat' dir='ltr'>Filio</span> <span class='ocrx_word' id='word_1_459' title='bbox 1991 2227 2066 2268; x_wconf 88' lang='lat' dir='ltr'>per</span> <span class='ocrx_word' id='word_1_460' title='bbox 2093 2215 2333 2267; x_wconf 86' lang='lat' dir='ltr'>generatio-</span> 
     </span>
    </p>
   </div>
   <div class='ocr_carea' id='block_1_12' title="bbox 1300 2299 1904 2382">
    <p class='ocr_par' dir='ltr' id='par_1_18' title="bbox 1300 2299 1904 2382">
     <span class='ocr_line' id='line_1_75' title="bbox 1300 2299 1416 2328; baseline 0 0"><span class='ocrx_word' id='word_1_461' title='bbox 1300 2299 1416 2328; x_wconf 70' lang='lat' dir='ltr'>nem.</span> 
     </span>
     <span class='ocr_line' id='line_1_76' title="bbox 1724 2352 1904 2382; baseline 0 -2"><span class='ocrx_word' id='word_1_462' title='bbox 1724 2353 1830 2381; x_wconf 71' lang='lat' dir='ltr'>Dim.-</span> <span class='ocrx_word' id='word_1_463' title='bbox 1844 2352 1904 2382; x_wconf 85' lang='lat' dir='ltr'>lv.</span> 
     </span>
    </p>
   </div>
   <div class='ocr_carea' id='block_1_13' title="bbox 1543 2424 2092 2467">
    <p class='ocr_par' dir='ltr' id='par_1_19' title="bbox 1543 2424 2092 2467">
     <span class='ocr_line' id='line_1_77' title="bbox 1543 2424 2092 2467; baseline 0.002 -10"><span class='ocrx_word' id='word_1_464' title='bbox 1543 2426 1654 2465; x_wconf 83' lang='lat' dir='ltr'>Pater,</span> <span class='ocrx_word' id='word_1_465' title='bbox 1674 2424 1904 2466; x_wconf 77' lang='lat' dir='ltr'>processionis</span> <span class='ocrx_word' id='word_1_466' title='bbox 1925 2425 2010 2467; x_wconf 84' lang='lat' dir='ltr'>ejus,</span> <span class='ocrx_word' id='word_1_467' title='bbox 2026 2429 2092 2458; x_wconf 86' lang='lat' dir='ltr'>etc.</span> 
     </span>
    </p>
   </div>
   <div class='ocr_carea' id='block_1_14' title="bbox 1301 2501 2332 3487">
    <p class='ocr_par' dir='ltr' id='par_1_20' title="bbox 1301 2501 2331 3057">
     <span class='ocr_line' id='line_1_78' title="bbox 1355 2501 2329 2555; baseline 0 -12"><span class='ocrx_word' id='word_1_468' title='bbox 1355 2501 1529 2543; x_wconf 85' lang='lat' dir='ltr'>Videtur</span> <span class='ocrx_word' id='word_1_469' title='bbox 1550 2502 1659 2542; x_wconf 90' lang='lat' dir='ltr'>male</span> <span class='ocrx_word' id='word_1_470' title='bbox 1679 2502 1816 2542; x_wconf 88' lang='lat' dir='ltr'>dicere</span> <span class='ocrx_word' id='word_1_471' title='bbox 1832 2535 1842 2553; x_wconf 95' lang='lat'>,</span> <span class='ocrx_word' id='word_1_472' title='bbox 1865 2502 1965 2555; x_wconf 87' lang='lat' dir='ltr'>quia</span> <span class='ocrx_word' id='word_1_473' title='bbox 1993 2506 2067 2543; x_wconf 89' lang='lat' dir='ltr'>aut</span> <span class='ocrx_word' id='word_1_474' title='bbox 2093 2503 2195 2553; x_wconf 84' lang='lat' dir='ltr'>hoc,</span> <span class='ocrx_word' id='word_1_475' title='bbox 2218 2503 2329 2555; x_wconf 86' lang='lat' dir='ltr'>quod</span> 
     </span>
     <span class='ocr_line' id='line_1_79' title="bbox 1302 2574 2326 2625; baseline -0.001 -10"><span class='ocrx_word' id='word_1_476' title='bbox 1302 2576 1364 2615; x_wconf 90' lang='lat' dir='ltr'>est</span> <span class='ocrx_word' id='word_1_477' title='bbox 1389 2577 1550 2624; x_wconf 73' lang='lat' dir='ltr'>auctor,</span> <span class='ocrx_word' id='word_1_478' title='bbox 1575 2574 1676 2615; x_wconf 87' lang='lat' dir='ltr'>dicit</span> <span class='ocrx_word' id='word_1_479' title='bbox 1703 2574 1952 2625; x_wconf 83' lang='lat' dir='ltr'>essentiam,</span> <span class='ocrx_word' id='word_1_480' title='bbox 1979 2578 2052 2615; x_wconf 85' lang='lat' dir='ltr'>aut</span> <span class='ocrx_word' id='word_1_481' title='bbox 2080 2575 2293 2615; x_wconf 88' lang='lat' dir='ltr'>notionem</span> <span class='ocrx_word' id='word_1_482' title='bbox 2319 2589 2326 2614; x_wconf 91' lang='lat'>:</span> 
     </span>
     <span class='ocr_line' id='line_1_80' title="bbox 1302 2646 2330 2699; baseline -0.001 -13"><span class='ocrx_word' id='word_1_483' title='bbox 1302 2658 1389 2686; x_wconf 87' lang='lat' dir='ltr'>non</span> <span class='ocrx_word' id='word_1_484' title='bbox 1409 2646 1656 2697; x_wconf 87' lang='lat' dir='ltr'>essentiam,</span> <span class='ocrx_word' id='word_1_485' title='bbox 1679 2647 1780 2699; x_wconf 82' lang='lat' dir='ltr'>quia</span> <span class='ocrx_word' id='word_1_486' title='bbox 1797 2649 1899 2687; x_wconf 89' lang='lat' dir='ltr'>tunc</span> <span class='ocrx_word' id='word_1_487' title='bbox 1919 2647 2128 2687; x_wconf 88' lang='lat' dir='ltr'>diceretur</span> <span class='ocrx_word' id='word_1_488' title='bbox 2155 2647 2204 2687; x_wconf 89' lang='lat' dir='ltr'>de</span> <span class='ocrx_word' id='word_1_489' title='bbox 2233 2646 2330 2698; x_wconf 91' lang='lat' dir='ltr'>Spi-</span> 
     </span>
     <span class='ocr_line' id='line_1_81' title="bbox 1302 2717 2330 2770; baseline -0.001 -12"><span class='ocrx_word' id='word_1_490' title='bbox 1302 2718 1388 2758; x_wconf 89' lang='lat' dir='ltr'>ritu</span> <span class='ocrx_word' id='word_1_491' title='bbox 1408 2720 1571 2766; x_wconf 82' lang='lat' dir='ltr'>sanct03</span> <span class='ocrx_word' id='word_1_492' title='bbox 1593 2717 1628 2757; x_wconf 89' lang='lat' dir='ltr'>si</span> <span class='ocrx_word' id='word_1_493' title='bbox 1648 2717 1878 2768; x_wconf 84' lang='lat' dir='ltr'>notionem,</span> <span class='ocrx_word' id='word_1_494' title='bbox 1901 2729 2047 2770; x_wconf 66' lang='lat' dir='ltr'>quaero</span> <span class='ocrx_word' id='word_1_495' title='bbox 2058 2729 2188 2770; x_wconf 90' lang='lat' dir='ltr'>quam</span> <span class='ocrx_word' id='word_1_496' title='bbox 2212 2731 2220 2757; x_wconf 88' lang='lat'>:</span> <span class='ocrx_word' id='word_1_497' title='bbox 2244 2729 2330 2757; x_wconf 87' lang='lat' dir='ltr'>non</span> 
     </span>
     <span class='ocr_line' id='line_1_82' title="bbox 1303 2788 2329 2842; baseline -0.002 -12"><span class='ocrx_word' id='word_1_498' title='bbox 1303 2788 1672 2830; x_wconf 85' lang='lat' dir='ltr'>innascibilitatem</span> <span class='ocrx_word' id='word_1_499' title='bbox 1687 2820 1696 2838; x_wconf 92' lang='lat'>,</span> <span class='ocrx_word' id='word_1_500' title='bbox 1720 2789 1822 2842; x_wconf 87' lang='lat' dir='ltr'>quia</span> <span class='ocrx_word' id='word_1_501' title='bbox 1848 2789 1919 2829; x_wconf 86' lang='lat' dir='ltr'>illa</span> <span class='ocrx_word' id='word_1_502' title='bbox 1938 2801 2025 2830; x_wconf 87' lang='lat' dir='ltr'>non</span> <span class='ocrx_word' id='word_1_503' title='bbox 2044 2788 2143 2829; x_wconf 88' lang='lat' dir='ltr'>dicit</span> <span class='ocrx_word' id='word_1_504' title='bbox 2160 2800 2329 2841; x_wconf 83' lang='lat' dir='ltr'>resp-ec-</span> 
     </span>
     <span class='ocr_line' id='line_1_83' title="bbox 1301 2861 2330 2914; baseline 0 -12"><span class='ocrx_word' id='word_1_505' title='bbox 1301 2864 1395 2902; x_wconf 90' lang='lat' dir='ltr'>tum</span> <span class='ocrx_word' id='word_1_506' title='bbox 1414 2861 1467 2902; x_wconf 91' lang='lat' dir='ltr'>ad</span> <span class='ocrx_word' id='word_1_507' title='bbox 1492 2861 1824 2914; x_wconf 90' lang='lat' dir='ltr'>processionem;</span> <span class='ocrx_word' id='word_1_508' title='bbox 1846 2861 1947 2901; x_wconf 90' lang='lat' dir='ltr'>item</span> <span class='ocrx_word' id='word_1_509' title='bbox 1972 2872 2058 2900; x_wconf 91' lang='lat' dir='ltr'>non</span> <span class='ocrx_word' id='word_1_510' title='bbox 2087 2861 2330 2912; x_wconf 86' lang='lat' dir='ltr'>generatio-</span> 
     </span>
     <span class='ocr_line' id='line_1_84' title="bbox 1303 2931 2331 2985; baseline 0 -11"><span class='ocrx_word' id='word_1_511' title='bbox 1303 2945 1427 2984; x_wconf 91' lang='lat' dir='ltr'>nem,</span> <span class='ocrx_word' id='word_1_512' title='bbox 1455 2944 1532 2973; x_wconf 91' lang='lat' dir='ltr'>nec</span> <span class='ocrx_word' id='word_1_513' title='bbox 1549 2933 1823 2985; x_wconf 84' lang='lat' dir='ltr'>spirationem</span> <span class='ocrx_word' id='word_1_514' title='bbox 1837 2964 1847 2983; x_wconf 91' lang='lat'>,</span> <span class='ocrx_word' id='word_1_515' title='bbox 1870 2931 1972 2984; x_wconf 85' lang='lat' dir='ltr'>quia</span> <span class='ocrx_word' id='word_1_516' title='bbox 1993 2931 2100 2971; x_wconf 90' lang='lat' dir='ltr'>nihil</span> <span class='ocrx_word' id='word_1_517' title='bbox 2118 2935 2225 2973; x_wconf 88' lang='lat' dir='ltr'>esset</span> <span class='ocrx_word' id='word_1_518' title='bbox 2243 2933 2331 2975; x_wconf 91' lang='lat' dir='ltr'>dic-</span> 
     </span>
     <span class='ocr_line' id='line_1_85' title="bbox 1302 3004 1682 3057; baseline -0.005 -10"><span class='ocrx_word' id='word_1_519' title='bbox 1302 3008 1411 3057; x_wconf 90' lang='lat' dir='ltr'>tum,</span> <span class='ocrx_word' id='word_1_520' title='bbox 1430 3008 1480 3046; x_wconf 91' lang='lat' dir='ltr'>ut</span> <span class='ocrx_word' id='word_1_521' title='bbox 1497 3004 1682 3047; x_wconf 88' lang='lat' dir='ltr'>videtur.</span> 
     </span>
    </p>

    <p class='ocr_par' dir='ltr' id='par_1_21' title="bbox 1304 3075 2332 3487">
     <span class='ocr_line' id='line_1_86' title="bbox 1357 3075 2331 3130; baseline -0.002 -12"><span class='ocrx_word' id='word_1_522' title='bbox 1357 3078 1488 3126; x_wconf 89' lang='lat' dir='ltr'>Item,</span> <span class='ocrx_word' id='word_1_523' title='bbox 1521 3076 1728 3129; x_wconf 80' lang='lat' dir='ltr'>quaeritur</span> <span class='ocrx_word' id='word_1_524' title='bbox 1754 3077 1900 3115; x_wconf 89' lang='lat' dir='ltr'>utrum</span> <span class='ocrx_word' id='word_1_525' title='bbox 1932 3075 2054 3117; x_wconf 90' lang='lat' dir='ltr'>Pater</span> <span class='ocrx_word' id='word_1_526' title='bbox 2082 3079 2223 3130; x_wconf 89' lang='lat' dir='ltr'>posset</span> <span class='ocrx_word' id='word_1_527' title='bbox 2251 3077 2331 3117; x_wconf 91' lang='lat' dir='ltr'>dici</span> 
     </span>
     <span class='ocr_line' id='line_1_87' title="bbox 1304 3147 2328 3201; baseline -0.003 -11"><span class='ocrx_word' id='word_1_528' title='bbox 1304 3152 1451 3190; x_wconf 89' lang='lat' dir='ltr'>auctor</span> <span class='ocrx_word' id='word_1_529' title='bbox 1473 3147 1777 3201; x_wconf 79' lang='lat' dir='ltr'>generationis3</span> <span class='ocrx_word' id='word_1_530' title='bbox 1810 3149 1850 3186; x_wconf 84' lang='lat' dir='ltr'>et</span> <span class='ocrx_word' id='word_1_531' title='bbox 1869 3148 1984 3200; x_wconf 89' lang='lat' dir='ltr'>quod</span> <span class='ocrx_word' id='word_1_532' title='bbox 2003 3160 2111 3199; x_wconf 91' lang='lat' dir='ltr'>non,</span> <span class='ocrx_word' id='word_1_533' title='bbox 2140 3148 2328 3193; x_wconf 76' lang='lat' dir='ltr'>videtur,</span> 
     </span>
     <span class='ocr_line' id='line_1_88' title="bbox 1304 3218 2330 3274; baseline -0.004 -12"><span class='ocrx_word' id='word_1_534' title='bbox 1304 3221 1404 3274; x_wconf 87' lang='lat' dir='ltr'>quia</span> <span class='ocrx_word' id='word_1_535' title='bbox 1421 3220 1544 3261; x_wconf 88' lang='lat' dir='ltr'>Pater</span> <span class='ocrx_word' id='word_1_536' title='bbox 1566 3219 1719 3260; x_wconf 87' lang='lat' dir='ltr'>dicitur</span> <span class='ocrx_word' id='word_1_537' title='bbox 1738 3221 1885 3260; x_wconf 90' lang='lat' dir='ltr'>auctor</span> <span class='ocrx_word' id='word_1_538' title='bbox 1903 3218 2023 3271; x_wconf 88' lang='lat' dir='ltr'>Filii,</span> <span class='ocrx_word' id='word_1_539' title='bbox 2048 3222 2108 3270; x_wconf 88' lang='lat' dir='ltr'>et,</span> <span class='ocrx_word' id='word_1_540' title='bbox 2132 3219 2238 3260; x_wconf 90' lang='lat' dir='ltr'>sicut</span> <span class='ocrx_word' id='word_1_541' title='bbox 2256 3231 2330 3259; x_wconf 87' lang='lat' dir='ltr'>su-</span> 
     </span>
     <span class='ocr_line' id='line_1_89' title="bbox 1305 3290 2331 3346; baseline -0.003 -13"><span class='ocrx_word' id='word_1_542' title='bbox 1305 3305 1381 3346; x_wconf 89' lang='lat' dir='ltr'>pra</span> <span class='ocrx_word' id='word_1_543' title='bbox 1394 3293 1406 3314; x_wconf 75' lang='lat'>&#39;⁶</span> <span class='ocrx_word' id='word_1_544' title='bbox 1420 3292 1527 3333; x_wconf 80' lang='lat' dir='ltr'>dixit</span> <span class='ocrx_word' id='word_1_545' title='bbox 1540 3290 1741 3339; x_wconf 86' lang='lat' dir='ltr'>Hilarius,</span> <span class='ocrx_word' id='word_1_546' title='bbox 1758 3301 1904 3331; x_wconf 88' lang='lat' dir='ltr'>sensus</span> <span class='ocrx_word' id='word_1_547' title='bbox 1921 3293 1996 3343; x_wconf 86' lang='lat' dir='ltr'>est,</span> <span class='ocrx_word' id='word_1_548' title='bbox 2015 3291 2058 3332; x_wconf 90' lang='lat' dir='ltr'>id</span> <span class='ocrx_word' id='word_1_549' title='bbox 2071 3294 2146 3342; x_wconf 89' lang='lat' dir='ltr'>est,</span> <span class='ocrx_word' id='word_1_550' title='bbox 2163 3291 2331 3344; x_wconf 87' lang='lat' dir='ltr'>genitor</span> 
     </span>
     <span class='ocr_line' id='line_1_90' title="bbox 1304 3361 2332 3415; baseline -0.002 -11"><span class='ocrx_word' id='word_1_551' title='bbox 1304 3364 1402 3405; x_wconf 88' lang='lat' dir='ltr'>Filii</span> <span class='ocrx_word' id='word_1_552' title='bbox 1428 3377 1438 3404; x_wconf 76' lang='grc' dir='ltr'><strong><em>ε</em></strong></span> <span class='ocrx_word' id='word_1_553' title='bbox 1469 3375 1572 3415; x_wconf 89' lang='lat' dir='ltr'>ergo</span> <span class='ocrx_word' id='word_1_554' title='bbox 1600 3364 1702 3402; x_wconf 90' lang='lat' dir='ltr'>tunc</span> <span class='ocrx_word' id='word_1_555' title='bbox 1734 3361 1846 3402; x_wconf 91' lang='lat' dir='ltr'>idem</span> <span class='ocrx_word' id='word_1_556' title='bbox 1878 3365 1983 3403; x_wconf 89' lang='lat' dir='ltr'>esset</span> <span class='ocrx_word' id='word_1_557' title='bbox 2009 3363 2145 3404; x_wconf 90' lang='lat' dir='ltr'>dicere</span> <span class='ocrx_word' id='word_1_558' title='bbox 2179 3375 2189 3403; x_wconf 74' lang='grc' dir='ltr'><strong><em>ε</em></strong></span> <span class='ocrx_word' id='word_1_559' title='bbox 2221 3378 2240 3401; x_wconf 71' lang='grc' dir='ltr'>(ι</span> <span class='ocrx_word' id='word_1_560' title='bbox 2271 3365 2332 3402; x_wconf 89' lang='lat' dir='ltr'>est</span> 
     </span>
     <span class='ocr_line' id='line_1_91' title="bbox 1305 3433 2228 3487; baseline -0.004 -12"><span class='ocrx_word' id='word_1_561' title='bbox 1305 3437 1451 3476; x_wconf 86' lang='lat' dir='ltr'>auctor</span> <span class='ocrx_word' id='word_1_562' title='bbox 1470 3433 1769 3487; x_wconf 85' lang='lat' dir='ltr'>generationis,</span> <span class='ocrx_word' id='word_1_563' title='bbox 1791 3448 1809 3471; x_wconf 83' lang='lat'>»</span> <span class='ocrx_word' id='word_1_564' title='bbox 1835 3434 1946 3487; x_wconf 85' lang='lat' dir='ltr'>quod</span> <span class='ocrx_word' id='word_1_565' title='bbox 1968 3449 1987 3473; x_wconf 84' lang='lat'>&lt;‹</span> <span class='ocrx_word' id='word_1_566' title='bbox 2007 3434 2188 3487; x_wconf 87' lang='lat' dir='ltr'>genitor.</span> <span class='ocrx_word' id='word_1_567' title='bbox 2210 3448 2228 3471; x_wconf 73' lang='lat' dir='ltr'>n</span> 
     </span>
    </p>
   </div>
   <div class='ocr_carea' id='block_1_15' title="bbox 1304 3540 2331 3625">
    <p class='ocr_par' dir='ltr' id='par_1_22' title="bbox 1304 3540 2331 3625">
     <span class='ocr_line' id='line_1_92' title="bbox 1305 3540 2331 3583; baseline -0.001 -10"><span class='ocrx_word' id='word_1_568' title='bbox 1305 3544 1410 3573; x_wconf 71' lang='lat' dir='ltr'>contr.</span> <span class='ocrx_word' id='word_1_569' title='bbox 1425 3541 1617 3580; x_wconf 67' lang='lat' dir='ltr'>Maxz&#39;mz&#39;n„</span> <span class='ocrx_word' id='word_1_570' title='bbox 1634 3540 1694 3572; x_wconf 87' lang='lat' dir='ltr'>lib.</span> <span class='ocrx_word' id='word_1_571' title='bbox 1712 3541 1753 3572; x_wconf 90' lang='lat' dir='ltr'>Ill</span> <span class='ocrx_word' id='word_1_572' title='bbox 1778 3541 1842 3583; x_wconf 82' lang='lat' dir='ltr'>(al.</span> <span class='ocrx_word' id='word_1_573' title='bbox 1864 3541 1918 3583; x_wconf 77' lang='lat'>11),</span> <span class='ocrx_word' id='word_1_574' title='bbox 1934 3551 1964 3573; x_wconf 92' lang='lat' dir='ltr'>c.</span> <span class='ocrx_word' id='word_1_575' title='bbox 1978 3549 2092 3573; x_wconf 85' lang='lat' dir='ltr'>xlv.—</span> <span class='ocrx_word' id='word_1_576' title='bbox 2105 3540 2230 3582; x_wconf 67' lang='lat' dir='ltr'>³Aug„</span> <span class='ocrx_word' id='word_1_577' title='bbox 2247 3540 2331 3573; x_wconf 81' lang='lat' dir='ltr'>ibid.</span> 
     </span>
     <span class='ocr_line' id='line_1_93' title="bbox 1304 3591 1493 3625; baseline 0 -1"><span class='ocrx_word' id='word_1_578' title='bbox 1304 3591 1316 3612; x_wconf 79' lang='lat'>⁸</span> <span class='ocrx_word' id='word_1_579' title='bbox 1335 3592 1418 3625; x_wconf 87' lang='lat' dir='ltr'>Dist.</span> <span class='ocrx_word' id='word_1_580' title='bbox 1445 3600 1493 3624; x_wconf 78' lang='lat' dir='ltr'>ix.</span> 
     </span>
    </p>
   </div>
  </div>
 </body>
</html>
