2613 3990
875 308 1127 351 DISTlNCT.
1157 307 1264 351 VIII.
1297 305 1449 349 PART.
1477 305 1509 347 Ι.

133 402 278 444 εθῐιῖίθθ
296 403 461 454 creatae,
481 403 673 455 respectu
687 402 809 454 cujus
827 400 953 441 habet
967 400 1044 440 has
1060 410 1154 452 pro-

133 474 342 527 prietates.

559 545 650 573 nun.
677 544 722 571 11.

185 623 290 664 Item
306 655 316 674 ,
341 624 547 677 quaeritur
566 624 615 664 de
636 622 717 663 illis
738 621 872 662 tribus
891 620 1153 675 proprietati-

132 695 227 744 bus,
250 706 355 748 quas
374 695 518 748 ponit,
539 694 691 734 scilicet
717 693 766 734 de
786 693 978 743 veritate,
1000 692 1155 731 immu-

131 766 348 817 tabilitate,
370 765 646 819 simplicitate,
669 776 766 805 cum
781 764 927 805 multa}
947 763 1040 803 aliae
1053 775 1155 803 con-

131 837 310 878 ditiones
337 837 421 877 sint
437 836 593 878 divinae
624 835 839 887 essentiae,
860 847 990 889 quare
1018 834 1155 875 solum

132 908 184 949 de
202 908 269 949 his
287 908 423 949 tribus
443 907 546 959 agit.

185 979 307 1032 Resp.
339 978 568 1019 Dicendum
585 1009 595 1027 ‚
617 977 729 1031 quod
756 990 831 1031 per
859 978 936 1018 has
952 980 1035 1018 tres
1054 989 1156 1030 pro-

132 1051 329 1104 prietates
364 1048 620 1090 sufficienter
657 1048 933 1101 distinguitur
965 1061 1053 1090 esse
1085 1049 1156 1089 in-

132 1123 319 1163 creatum
347 1133 373 1161 a
405 1122 557 1162 creato.
589 1119 695 1161 Nam
725 1123 913 1162 creatum
930 1152 940 1170 ‚
974 1133 1023 1161 eo
1064 1120 1154 1174 ipso

132 1192 246 1246 quod
262 1193 450 1233 creatum
465 1223 475 1242 ,
498 1191 624 1232 habet
642 1204 730 1232 esse
750 1194 842 1245 post
861 1204 947 1233 non
974 1203 1062 1232 esse
1076 1225 1086 1243 ,
1118 1194 1158 1232 et

134 1263 192 1304 ita
212 1275 298 1304 esse
314 1275 490 1313 vanum,
509 1264 548 1303 et
567 1263 762 1315 possibile
784 1277 792 1304 :
813 1263 906 1304 ideo
922 1263 1047 1304 habet
1068 1275 1156 1304 esse

133 1333 393 1388 permixtum
414 1346 512 1374 cum
527 1334 812 1387 possibilitate,
835 1337 875 1375 et
892 1336 1062 1387 propter
1078 1334 1158 1375 hoc

131 1405 270 1447 deficit
297 1418 322 1447 a
350 1405 529 1447 verita-te
546 1438 555 1456 ,
580 1419 604 1447 a
625 1406 848 1446 stabilitate
878 1408 918 1446 et
952 1405 1158 1458 simplici-

132 1478 229 1518 tate.
250 1476 491 1518 Increatum
511 1489 613 1518 vero
632 1481 644 1502 1
667 1488 755 1517 esse
774 1477 902 1517 habet
929 1476 1159 1517 contrarias

133 1547 423 1602 proprietates,
445 1550 487 1589 et
506 1548 549 1588 in
568 1548 635 1588 his
653 1548 910 1588 sufficienter
929 1547 1158 1599 distingui—

133 1621 230 1660 tur:
249 1631 351 1660 nam
369 1619 524 1661 veritas
545 1618 713 1672 respicit
735 1619 849 1671 quod
875 1621 961 1668 est;
996 1618 1159 1659 immu-

135 1690 317 1731 tabilitas
330 1722 341 1742 ,
374 1702 459 1743 quo
491 1692 552 1731 est
575 1704 584 1740 ;
626 1689 871 1742 simplicitas
909 1692 1156 1743 utrumque.

136 1761 232 1804 Ideo
250 1763 363 1816 patet
382 1761 631 1803 sufficientia
649 1762 690 1802 et
706 1761 822 1802 ordo.

558 1891 648 1920 DUB.
680 1890 738 1919 111.

164 1962 257 1997 Sicut
272 1963 376 2007 enim,
390 1963 431 1997 ab
448 1973 488 1996 eo
503 1964 594 2006 quod
609 1966 659 1996 est
678 1973 802 2006 sapere,
819 1963 941 1996 dicitur
961 1963 1138 2005 sapientia.

194 2045 287 2088 Non
323 2046 490 2089 videtur
520 2047 658 2088 dicere
690 2059 859 2089 verum.
900 2046 1016 2087 Sicut
1046 2046 1161 2087 enim

138 2117 284 2159 albedo
311 2130 354 2159 se
373 2118 499 2159 habet
519 2118 571 2159 ad
599 2118 743 2159 album
760 2150 769 2168 ,
800 2120 858 2158 ita
878 2117 1080 2171 sapientia
1110 2118 1161 2159 ad

138 2201 283 2242 sapere
305 2204 314 2231 z
335 2189 405 2230 sed
424 2189 571 2231 albedo
590 2202 677 2230 non
697 2189 851 2230 dicitur
872 2189 924 2229 ab
945 2189 1053 2241 albo,
1075 2189 1161 2230 imo

138 2260 277 2312 magis
295 2272 317 2301 e
337 2263 481 2301 contra
502 2272 512 2301 :
533 2272 651 2313 ergo,
674 2263 752 2301 etc.

190 2330 312 2385 Resp.
341 2331 571 2372 Dicendum
599 2331 711 2384 quod
729 2363 739 2381 ,
773 2331 1008 2373 secundum
1035 2331 1161 2372 intel-

137 2402 294 2443 lectum
313 2406 660 2456 componentem,
694 2415 838 2455 sapere
865 2403 1018 2444 dicitur
1043 2416 1066 2443 a
1091 2415 1163 2443 sa-

139 2473 309 2526 pientia,
329 2474 430 2527 quia
448 2473 683 2515 intellectus
703 2486 959 2526 componens
977 2474 1164 2527 procedit

142 2544 194 2584 ab
213 2544 419 2586 abstracto
450 2545 502 2585 ad
527 2547 794 2595 concretum3
814 2545 1046 2586 secundum
1061 2557 1163 2587 vero

140 2614 397 2656 intellectum
416 2615 698 2657 resolventem
714 2648 725 2667 ,
754 2618 815 2656 cst
835 2628 857 2656 θ
875 2628 1076 2657 converso
1093 2648 1103 2667 ,
1125 2618 1166 2656 et

141 2689 350 2739 quantum
369 2686 418 2727 ad
439 2687 555 2727 hunc
571 2687 761 2739 loquitur
779 2686 1061 2739 Augustinus.
1090 2686 1166 2729 Vel

142 2760 279 2811 posset
298 2758 392 2810 dici,
417 2758 530 2812 quod
553 2758 743 2812 loquitur
767 2759 1003 2800 secundum
1025 2759 1165 2800 consi-

142 2829 401 2871 derationem
419 2829 707 2883 grammatici,
728 2843 816 2872 non
837 2831 978 2884 logici.

560 2952 654 2982 DUB.
681 2952 740 2983 lv.

243 3028 323 3067 Quis
341 3028 449 3071 magis
466 3031 517 3061 est
536 3038 637 3071 quam
655 3030 722 3071 ille,
743 3029 801 3071 qui
823 3029 909 3062 dixit
927 3030 1066 3063 famulo.

197 3109 369 3154 Videtur
406 3112 515 3153 male
550 3112 711 3165 dicere,
743 3114 844 3167 quia
877 3124 960 3156 esse
985 3126 1074 3155 non
1100 3126 1168 3156 re-

147 3180 247 3234 cipit
263 3183 401 3235 magis
419 3185 460 3225 et
478 3184 636 3237 minus,
660 3187 700 3226 et
721 3185 907 3226 maxime
926 3185 971 3226 in
987 3185 1085 3227 Deo.

201 3251 322 3306 Resp.
348 3253 603 3308 Dicendum,
635 3256 748 3310 quod
776 3256 914 3309 magis
946 3259 988 3298 et
1025 3257 1170 3298 minus

150 3322 368 3375 dupliciter
395 3330 573 3378 possunt
599 3327 876 3378 considerari,
912 3328 1068 3369 scilicet
1089 3341 1099 3369 ε
1125 3329 1170 3369 in

150 3395 460 3447 comparatione
478 3398 528 3439 ad
548 3398 676 3449 idem,
698 3402 740 3440 et
759 3399 816 3440 sic
834 3411 922 3439 non
942 3398 1090 3440 dicunt
1109 3399 1170 3440 in-

194 3529 206 3552 1
223 3529 301 3561 111θο
322 3532 373 3562 est
387 3540 518 3574 verum,
537 3533 614 3575 quia
632 3534 923 3575 incommutabile,
944 3537 981 3566 ut
998 3534 1033 3566 in
1048 3535 1169 3568 littera.

154 3577 233 3609 ldeo
250 3578 351 3610 etiam
365 3581 416 3611 θεῖ
433 3588 568 3622 verum,
590 3583 668 3623 quia
686 3583 848 3624 simplex3
870 3585 902 3614 et
921 3582 998 3614 ideo
1014 3582 1171 3615 immuta-

153 3624 232 3665 bile,
253 3624 332 3667 quia
347 3625 500 3667 simplex.
521 3629 631 3670 Unde,
650 3630 688 3662 cle
708 3631 807 3662 Cz'vit.
833 3631 913 3669 Dei,
934 3629 992 3663 lib.
1009 3631 1069 3670 XI,
1090 3640 1119 3662 c.
1136 3639 1172 3671 x,

2171 310 2248 347 443

1229 397 1462 439 tensionem
1484 398 1525 436 et
1538 395 1855 446 remissionem,
1877 395 1946 436 vel
1966 395 2011 435 in
2036 407 2251 448 compara-

1228 470 1343 510 tione
1375 468 1426 509 ad
1458 467 1643 508 diversas
1669 466 1921 508 substantias
1938 468 1979 507 et
2005 469 2191 517 naturas,
2211 469 2252 507 et

1229 543 1286 582 sic
1318 542 1464 583 dicunt
1492 542 1674 593 gradum
1704 543 1746 581 et
1774 552 1993 581 excessum
2016 554 2024 580 :
2051 541 2092 580 et
2111 539 2168 579 sic
2193 541 2254 579 θεῖ

1229 614 1335 654 bene
1353 625 1509 666 ponere
1523 613 1660 665 magis
1679 614 1719 653 et
1735 612 1877 652 minus
1893 612 1937 651 in
1952 613 2046 652 ente
2062 612 2255 662 respectu

1229 684 1431 726 Creatoris
1459 686 1500 725 et
1525 686 1744 735 creatur-ze,
1764 685 1805 724 et
1822 684 2016 736 respectu
2040 684 2254 722 creatura—

1229 769 1328 796 rum
1349 756 1399 796 ad
1420 755 1618 797 invicem.
1645 755 1725 796 Sed
1744 755 1788 796 in
1809 752 2121 807 comparatione
2140 764 2255 793 crea-

1230 830 1339 868 turae
1359 827 1411 868 ad
1435 827 1672 868 Creatorem
1689 858 1700 877 ,
1722 827 1784 866 est
1806 836 2000 866 excessus
2016 824 2256 877 impropor-

1230 899 1442 940 tionabilis
1461 900 1502 939 et
1516 897 1731 948 infinitus3
1754 899 1947 949 respectu
1965 897 2256 936 creaturarum

1230 971 1282 1011 ad
1302 982 1345 1011 se
1364 970 1563 1022 invicem,
1587 971 1649 1010 est
1666 967 2050 1022 proportionabilis.

1667 1100 1757 1129 DUB.
1789 1099 1832 1130 V.

1270 1179 1372 1221 Cujus
1393 1177 1538 1210 essentia
1555 1186 1625 1209 non
1638 1177 1734 1209 novit
1751 1175 1972 1218 praeteritum,
1994 1174 2047 1206 vel
2064 1174 2225 1206 futurum.

1283 1262 1458 1304 Videtur
1477 1261 1591 1302 enim
1613 1272 1701 1301 esse
1720 1260 1800 1300 ista
1819 1259 2053 1313 proprietas
2071 1260 2113 1299 et
2130 1268 2259 1310 ange-

1231 1334 1388 1384 lorum,
1403 1333 1502 1386 quia
1519 1331 1788 1385 Augustinus
1807 1336 1836 1380 2,
1866 1330 1915 1373 de
1935 1330 2064 1373 Civis.
2086 1330 2175 1379 Dei,
2197 1328 2261 1369 di-

1233 1405 1304 1454 cit,
1334 1420 1352 1443 (‹
1373 1404 1485 1457 quod
1505 1403 1801 1444 immortalitas
1820 1401 2072 1454 angelorum
2091 1412 2178 1441 non
2201 1401 2263 1447 est

1233 1475 1451 1529 praeterita
1467 1507 1476 1524 ,
1499 1474 1621 1528 quasi
1645 1486 1734 1514 non
1759 1473 1837 1524 sit3
1860 1485 1938 1513 nec
1957 1473 2119 1524 futura,
2141 1471 2263 1525 quasi

1232 1548 1425 1588 nondum
1440 1546 1515 1597 sit3
1532 1560 1551 1583 n
1572 1545 1643 1586 sed
1663 1557 1830 1597 semper
1849 1546 1911 1584 est
1929 1555 2116 1597 praesens
2132 1557 2140 1584 :
2159 1554 2262 1595 ergo

1232 1631 1320 1660 non
1340 1619 1402 1659 est
1420 1617 1641 1670 proprium
1661 1616 1790 1657 solius
1808 1615 1894 1656 Dei.

1286 1689 1408 1742 Resp.
1438 1687 1619 1738 Quidam
1649 1687 1821 1738 dicunt,
1845 1686 1959 1740 quod
1985 1685 2150 1727 duratio
2181 1685 2264 1727 aevi

1233 1763 1295 1802 est
1311 1760 1491 1814 simplex
1509 1762 1551 1801 et
1569 1761 1657 1801 tota
1674 1758 1816 1810 simul,
1838 1770 1925 1799 non
1941 1757 2102 1799 habens
2116 1758 2265 1810 praete-

1233 1832 1367 1873 ritum
1384 1833 1426 1873 et
1440 1832 1662 1882 futurum3
1694 1829 1974 1871 nihilominus
1999 1829 2140 1882 ipsum
2160 1827 2266 1870 aevi-

1234 1907 1404 1945 ternum
1433 1915 1508 1945 seu
1541 1904 1750 1944 aeternum
1778 1902 1906 1943 habet
1928 1900 2192 1955 praeteritum
2223 1901 2266 1939 et

1234 1976 1429 2016 futurum
1473 1977 1686 2028 quantum
1727 1973 1778 2014 ad
1813 1972 2055 2014 affectiones
2091 1986 2100 2013 ε
2135 1973 2176 2012 θῖ
2206 1970 2265 2010 ita

1234 2047 1457 2100 proprium
1487 2048 1548 2087 est
1576 2045 1705 2086 solius
1739 2044 1825 2085 Dei.
1857 2044 1941 2085 Alii
1970 2043 2130 2092 dicunt,
2152 2041 2266 2095 quod

1235 2118 1280 2158 in
1298 2118 1416 2159 omni
1442 2117 1664 2159 duratione
1687 2104 1839 2167 creata,
1860 2115 2065 2169 quoniam
2086 2113 2224 2155 differt
2241 2125 2266 2153 a

1235 2189 1414 2230 durante
1432 2221 1443 2240 ,
1478 2189 1606 2229 etiam
1647 2188 1776 2228 habet
1810 2199 1898 2228 esse
1931 2186 2129 2240 possibile
2166 2197 2263 2225 cnm

1235 2261 1368 2314 priori
1409 2262 1451 2301 et
1497 2259 1721 2313 posteriori
1745 2274 1754 2309 ;
1796 2258 1867 2299 sed
1902 2258 2174 2310 distinguunt
2215 2256 2265 2297 do

1235 2332 1366 2385 priori
1386 2334 1427 2372 et
1447 2330 1683 2383 posteriori.
1705 2329 1924 2379 Quoddam
1943 2329 2057 2370 enim
2077 2330 2137 2369 est
2154 2327 2265 2381 quod

1236 2402 1336 2443 dicit
1349 2402 1584 2443 durationis
1599 2401 1907 2442 successionem
1920 2415 1929 2451 3
1946 2399 2160 2454 quoddam
2176 2411 2266 2439 suc-

1236 2473 1433 2514 cessionis
1463 2473 1731 2514 durationem
1761 2485 1859 2513 cum
1890 2471 2125 2513 variatione
2146 2473 2185 2511 et
2204 2469 2267 2509 in-

1236 2545 1464 2586 novatione
1493 2559 1502 2585 :
1528 2544 1718 2598 primuni
1743 2546 1805 2584 est
1826 2544 1869 2583 in
1889 2555 2008 2593 aevo,
2031 2541 2265 2583 secundum

1238 2616 1284 2656 in
1306 2619 1506 2669 tempore.
1531 2615 1583 2655 Et
1605 2615 1683 2656 hoc
1702 2614 1796 2655 vult
1813 2613 2039 2655 Anselmus
2056 2614 2069 2635 ³
2090 2624 2266 2665 expres-

1238 2700 1280 2728 se
1298 2703 1306 2738 3
1330 2690 1371 2728 et
1387 2687 1482 2738 hoc,
1516 2686 1639 2727 credo
1655 2719 1665 2737 ,
1685 2685 1960 2739 probabilius,
1979 2685 2030 2726 Et
2049 2686 2161 2738 patet
2178 2695 2267 2724 res-

1238 2758 1385 2811 ponsio
1405 2758 1457 2798 ad
1475 2758 1656 2799 verbum
1676 2756 1906 2809 Augustini
1926 2771 1935 2797 ε
1957 2756 2047 2809 ipse
2075 2755 2190 2796 enim
2209 2754 2268 2794 lo-

1238 2831 1384 2884 quitur
1410 2830 1460 2871 de
1490 2829 1621 2883 priori
1650 2831 1690 2870 et
1708 2828 1942 2882 posteriori,
1963 2826 2075 2880 quod
2095 2825 2267 2878 quidem

1238 2902 1338 2943 dicit
1364 2900 1684 2943 innovationem
1712 2902 1754 2941 et
1781 2898 2085 2949 variationem,
2107 2898 2149 2938 et
2175 2907 2266 2937 cor-

1238 2973 1480 3027 ruptionem
1489 3003 1498 3012 .

1662 3037 1754 3067 DUB.
1779 3037 1839 3066 VI.

1265 3110 1366 3151 Cujus
1386 3109 1542 3142 essentiae
1561 3111 1794 3149 comparatum
1807 3109 1963 3139 nostrum
1983 3115 2050 3138 esse
2063 3129 2073 3145 ,
2093 3114 2164 3137 non
2178 3107 2240 3138 est.

1293 3186 1467 3228 Videtur
1493 3187 1573 3227 hoc
1598 3185 1775 3235 falsum;
1810 3184 1912 3237 quia
1930 3183 2044 3237 quod
2064 3183 2173 3224 inest
2192 3183 2269 3224 ali-

1242 3258 1311 3298 cui
1343 3257 1688 3307 substantialiter,
1711 3268 1797 3296 non
1825 3255 2026 3295 adimitur
2054 3266 2270 3307 compara-

1241 3329 1355 3369 tione
1385 3328 1560 3381 aliqua:
1590 3327 1662 3368 sed
1690 3338 1779 3367 esse
1808 3328 1870 3366 θεῖ
1904 3325 2178 3367 substantiale
2208 3324 2268 3365 rei

1243 3400 1413 3441 cuilibet
1436 3414 1444 3440 z
1471 3411 1574 3451 ergo
1595 3430 1605 3449 ,
1629 3400 1707 3439 etc.
1736 3397 1862 3449 item,
1881 3409 1934 3438 ex
1957 3396 2268 3450 comparatione

1244 3544 1280 3567 n.
1299 3537 1311 3567 1
1331 3544 1338 3566 :
1362 3544 1379 3563 «
1396 3535 1454 3565 Est
1480 3533 1612 3564 bonum
1630 3532 1740 3564 solum
1766 3531 1910 3573 simplex
1938 3534 1971 3564 et
1990 3531 2033 3563 ob
2049 3531 2115 3563 hoc
2134 3530 2269 3562 incom-

1244 3581 1422 3621 mutabile,
1437 3580 1529 3623 quod
1550 3583 1600 3613 est
1619 3581 1721 3613 Deus.
1736 3592 1753 3611 »
1768 3581 2001 3620 —2August.‚
2021 3579 2059 3610 (le
2080 3579 2179 3610 Cz'nz't.
2194 3577 2268 3617 Dei,

1244 3631 1304 3661 lib.
1327 3630 1398 3670 Xli,
1418 3639 1447 3662 c.
1469 3637 1526 3669 xv,
1546 3638 1580 3661 n.
1603 3628 1710 3660 2.-³
1726 3628 1890 3669 Ausoba,
1910 3626 2090 3667 Monoloy„
2107 3635 2136 3657 c.
2158 3632 2267 3658 xxvll.
