2613 3990
300 343 376 380 554

295 430 392 461 Disr.
413 434 489 459 vui.

296 477 400 508 PART.
423 482 445 506 1.
473 474 645 514 Expositio
667 476 786 505 textus.

295 524 377 554 ΑΜ.
398 529 421 552 1.
441 521 567 559 Quaest.
591 524 618 553 1.
637 522 688 553 ΑΙ]
704 519 829 552 veritas
847 520 890 552 sit
908 519 1098 560 proprietas
1117 518 1223 550 divini

338 570 430 601 Esse.

297 617 421 656 Quaest.
439 618 469 648 2.
488 617 538 648 ΑΙ]
552 615 712 647 Divinum
727 615 806 646 Esse
824 614 865 646 sit
880 614 966 646 adeo
980 623 1112 654 verum,
1132 615 1221 656 quod

337 673 407 696 non
423 664 530 705 possit
551 662 688 703 cogitari
707 671 775 694 non
793 671 877 694 esse.

295 711 378 742 ΛΒΤ.
402 719 439 743 11.
462 711 585 748 Quaest.
612 713 636 740 1.
660 711 710 741 ΑΙΙ
734 710 820 740 Deus
844 709 885 740 sit
907 708 1138 740 immutabilis.

297 759 423 797 Quaest.
444 760 474 789 2.
498 759 546 788 An
564 757 655 788 solus
678 759 765 788 Deus
785 756 1003 788 immutabilis
1023 756 1077 787 sit.

297 807 400 838 PART.
423 813 459 837 11.
483 804 658 844 Expositio
679 808 800 836 textus.

297 854 421 892 Quaest.
440 856 466 884 1.
489 854 540 883 Au
562 853 651 883 Deus
670 852 711 883 sit
728 860 859 882 summe
881 851 1036 891 simplex.

297 901 420 939 Quaest.
443 901 472 931 2.
497 902 546 931 ΑΙ]
565 899 627 931 5011
644 900 714 931 Deo
737 898 918 930 conveniat
937 907 1068 930 summe
1096 899 1223 939 simpli-

339 958 412 980 cem
435 957 521 979 esse.

297 997 421 1035 Quaest.
444 997 474 1028 3.
498 997 548 1028 An
568 995 681 1027 anima
701 994 873 1027 rationalis
889 994 931 1026 sit
951 997 1022 1027 tota
1036 994 1071 1026 in
1091 996 1175 1035 toto,
1193 997 1225 1027 et

338 1046 407 1075 tota
427 1043 461 1075 in
481 1043 630 1084 qualibet
646 1046 741 1084 parte
756 1043 871 1075 totius,

297 1090 422 1128 Quaest.
443 1093 471 1122 4.
495 1093 547 1122 An
566 1091 657 1122 Deus
676 1090 718 1122 sit
736 1090 772 1121 in
788 1090 900 1131 aliquo
920 1099 1046 1131 genere
1065 1089 1223 1122 determi-

336 1141 429 1170 nato.

295 1186 392 1218 Disr.
415 1193 462 1217 ix.

296 1233 471 1274 Expositio
493 1235 616 1265 textus.

297 1281 424 1319 Quaest.
454 1283 485 1312 1.
503 1281 554 1312 An
573 1280 607 1312 in
625 1280 748 1312 divinis
767 1280 941 1321 generatio
969 1279 1130 1320 ponenda
1147 1279 1200 1311 sit.

297 1328 422 1366 Quaest.
440 1329 469 1360 2.
489 1331 541 1360 ΑΙ]
560 1327 595 1359 in
610 1327 732 1359 divinis
748 1327 923 1370 generatio
941 1327 1122 1368 distinguat
1135 1326 1223 1359 inter

338 1375 535 1416 gignentem
552 1377 585 1406 et
601 1376 767 1416 genitum.

296 1423 422 1461 Quaest.
439 1424 469 1455 3.
487 1424 538 1454 ΑΙ]
557 1422 592 1454 iu
610 1423 731 1455 divinis
745 1422 919 1463 generatio
939 1422 981 1454 sit
999 1424 1138 1454 aeterna.

296 1470 421 1509 Quaest.
444 1471 474 1502 4.
493 1472 543 1502 ΑΙ]
558 1471 732 1512 generatio
751 1470 825 1503 Filii
844 1470 1023 1503 terminata
1042 1469 1096 1502 sit.

295 1519 390 1550 Disr.
414 1525 448 1550 x.

296 1565 471 1606 Expositio
492 1566 617 1596 textus.

296 1614 378 1646 ART.
400 1621 424 1645 1.
449 1613 575 1651 Quaest.
598 1616 627 1644 1.
656 1612 709 1645 ΑΙ]
733 1612 769 1644 in
788 1612 911 1645 divinis
938 1612 1133 1645 necessario
1157 1622 1226 1655 po-

334 1662 449 1694 nenda
464 1661 507 1693 sit
523 1670 672 1702 persona
690 1670 751 1702 per
766 1662 908 1694 modum
924 1661 1132 1694 liberalitatis
1146 1671 1225 1702 pro-

337 1710 474 1742 cedens.

295 1757 420 1796 Quaest.
442 1759 475 1791 2.
504 1758 554 1790 ΑΙ]
573 1757 608 1789 in
637 1757 760 1788 divinis
778 1756 973 1788 necessario
1002 1757 1164 1797 ponenda
1183 1757 1227 1789 sit

334 1815 481 1847 persona
499 1815 560 1847 per
577 1805 719 1838 modum
738 1804 910 1837 eharitatis
930 1806 964 1837 et
989 1805 1116 1837 amoris
1142 1815 1223 1846 pro-

335 1854 474 1886 cedens.

293 1903 417 1941 Quaest.
441 1903 472 1934 3.
495 1902 547 1934 An
574 1901 610 1934 in
630 1900 753 1933 divinis
773 1899 968 1933 necessario
991 1901 1153 1942 ponenda
1182 1901 1224 1934 sit

332 1950 431 1982 tertia
457 1958 606 1989 persona
633 1959 695 1991 per
727 1949 869 1981 modum
895 1951 1023 1981 mutuae
1050 1949 1224 1982 charitatis

333 1997 536 2038 procedens.

291 2046 374 2078 ART.
392 2053 431 2078 11.
452 2045 579 2084 Quaest.
602 2046 633 2077 1.
649 2047 701 2077 ΑΙ]
719 2053 827 2086 amor,
842 2044 897 2077 vel
911 2045 1070 2088 charitas,
1086 2045 1129 2078 sit
1142 2055 1221 2088 pro-

332 2094 444 2136 prium
463 2093 607 2135 Spiritus
623 2093 743 2126 sancti.

291 2143 419 2182 Quaest.
437 2144 467 2174 2.
489 2145 540 2174 ΑΙ]
558 2141 703 2182 Spiritus
725 2143 864 2174 sanctus
888 2141 931 2174 sit
954 2151 1064 2175 nexus
1094 2145 1127 2175 et
1146 2143 1222 2176 uni-

333 2193 384 2222 tas
403 2189 510 2222 Patris
527 2191 562 2222 et
576 2188 662 2222 Filii.

292 2238 421 2276 Quaest.
447 2239 479 2270 3.
508 2238 561 2270 An
588 2236 732 2279 Spiritus
761 2239 898 2270 sanctus
921 2237 1059 2279 proprie
1080 2237 1224 2279 Spiritus

334 2285 389 2318 sit.

291 2333 389 2366 Disr.
408 2340 458 2365 xi.

292 2380 466 2421 Expositio
494 2381 619 2412 textus.

293 2428 419 2467 Quaest.
443 2431 472 2462 1.
491 2430 544 2460 ΑΙ]
565 2426 709 2469 Spiritus
730 2429 868 2461 sanctus
886 2437 907 2461 a
930 2429 1029 2462 Patre
1049 2432 1083 2462 et
1102 2439 1122 2462 a
1139 2430 1222 2463 Filio

333 2477 511 2517 procedat.

293 2524 419 2562 Quaest.
447 2525 478 2555 2.
500 2527 553 2555 ΑΙ]
582 2522 727 2564 Spiritus
753 2525 890 2556 sanctus
912 2534 932 2556 a
957 2526 1055 2558 Patre
1088 2528 1120 2558 et
1140 2526 1222 2559 Filio

333 2575 497 2613 tanquam
528 2572 570 2604 ab
602 2580 670 2603 uno
701 2571 892 2614 principio,
924 2572 978 2605 vel
1009 2576 1172 2616 tanquam
1204 2584 1224 2607 a

334 2619 468 2651 duobus
486 2619 665 2661 procedat.

291 2668 390 2700 D1sr.
411 2675 476 2700 xu.

293 2715 468 2755 Expositio
488 2716 613 2747 textus.

293 2763 421 2802 Quaest.
449 2766 478 2795 1.
505 2765 556 2795 Α1]
582 2762 726 2804 Spiritus
763 2764 900 2796 sanctus
927 2772 948 2795 a
976 2765 1074 2796 Patre
1107 2764 1220 2807 prius,

335 2820 437 2852 quam
456 2820 476 2843 a
495 2811 578 2844 Filio
597 2811 772 2852 procedat.

294 2857 421 2897 Quaest.
450 2861 480 2890 2.
503 2859 556 2890 ΑΙ]
586 2858 731 2900 Spiritus
755 2861 892 2892 sanctus
919 2868 939 2891 a
965 2861 1065 2893 Patre
1090 2860 1223 2902 plenius

335 2914 437 2947 quam
457 2915 477 2938 a
492 2906 575 2939 Filio
591 2907 766 2947 procedat.

294 2953 418 2992 Quaest.
440 2955 471 2986 3.
491 2955 542 2986 ΑΙ]
570 2954 716 2995 Spiritus
735 2957 872 2987 sanctus
896 2955 1066 2988 mediante
1094 2955 1176 2989 Filio
1202 2966 1222 2989 a

336 3001 434 3032 Patre
454 3002 631 3042 procedat.
992 3032 994 3034 .

293 3047 422 3086 Quaest.
443 3049 473 3080 4.
499 3050 550 3081 ΑΙ]
575 3049 749 3090 generatio
773 3049 847 3082 Filii
867 3049 909 3082 sit
927 3050 1020 3091 prior
1037 3051 1221 3092 spiratione

335 3096 479 3136 Spiritus
494 3097 604 3129 sancti
617 3097 804 3130 secundum
816 3097 984 3130 rationem
999 3098 1223 3142 intelligendi.

294 3144 393 3176 D1sT.
410 3152 492 3177 xm.

294 3192 469 3232 Expositio
490 3194 613 3224 textus.

293 3240 419 3278 Quaest.
438 3243 467 3273 1.
489 3241 541 3272 An
563 3241 597 3272 in
619 3240 741 3273 divinis
755 3242 797 3274 sit
806 3252 935 3283 ponere
949 3244 1219 3284 processionem.

293 3288 418 3326 Quaest.
437 3290 469 3320 2.
488 3289 540 3321 ΑΙ]
560 3289 732 3330 processio
753 3290 843 3322 idem
863 3291 904 3323 sit
924 3292 1016 3333 quod
1033 3293 1219 3333 generatio.

293 3336 419 3375 Quaest.
440 3337 472 3368 3.
490 3338 542 3368 An
564 3336 736 3377 processio
757 3338 900 3378 Spiritus
920 3339 1028 3371 sancti
1045 3339 1176 3372 differat
1202 3350 1221 3372 a

334 3384 554 3425 generatione
574 3384 648 3417 Filii
667 3384 813 3427 realiter,
832 3386 888 3418 vel
907 3387 1018 3419 solum
1033 3388 1221 3420 secundum

334 3431 504 3464 rationem
523 3431 746 3473 intelligendi.

293 3479 417 3516 Quaest.
439 3482 470 3512 4.
491 3482 544 3512 An
558 3480 701 3522 Spiritus
720 3482 857 3512 sanctus
873 3480 916 3513 sit
933 3481 1114 3524 ingenitus

292 3525 391 3557 D1sT.
413 3534 486 3559 XIV.

294 3572 467 3612 Expositio
487 3577 611 3607 textus.

294 3619 377 3651 ΑΜ.
405 3629 430 3653 1.
453 3622 579 3660 Quaest.
607 3625 635 3653 1.
658 3624 711 3655 An
738 3622 912 3663 processio
939 3624 1084 3665 Spiritus
1111 3626 1219 3658 sancti

335 3669 530 3710 temporalis
544 3670 702 3711 ponenda
721 3669 775 3701 sit.

1280 336 1434 376 INDEX
1443 368 1453 377 .

1267 426 1325 456 138

1270 474 1326 504 142

1270 569 1324 599 145

1269 664 1325 694 148

1271 712 1326 741 150

1269 759 1326 789 152

1269 805 1327 835 156

1270 853 1326 883 158

1269 1378 1327 1408 177

1269 1425 1327 1455 179

1270 1472 1305 1502 18

1269 1519 1327 1550 182

1271 1568 1327 1598 184

1270 1711 1327 1742 187

1400 426 1524 464 Quaest.
1539 428 1570 457 2.
1587 427 1635 457 ΑΙ]
1656 426 1827 467 processio
1841 427 2036 466 temporalis
2056 427 2199 468 Spiritus
2214 429 2321 461 sancti

1440 475 1474 505 in
1494 483 1675 505 numerum
1693 476 1798 515 ponat.
1815 482 1893 505 cum
1913 477 2052 506 aeterna.

1400 522 1482 553 ART.
1504 529 1544 553 11.
1567 521 1690 558 Quaest.
1710 525 1738 553 1.
1758 522 1810 553 An
1824 520 1967 561 Spiritus
1987 524 2122 554 sanctus
2135 523 2170 554 in
2185 523 2323 564 propria

1440 578 1600 610 persona,
1620 569 1674 600 vel
1690 569 1724 600 in
1745 569 1865 601 effectu
1882 569 2044 601 mittatur.

1400 616 1524 654 Quaest.
1551 618 1581 647 2.
1617 618 1668 647 An
1698 617 1840 657 Spiritus
1878 619 2014 649 sanctus
2043 626 2062 648 a
2090 618 2213 650 sanctis
2241 619 2323 651 viris

1442 664 1551 695 detur.

1401 712 1496 743 Drsr.
1522 719 1578 742 xv,

1402 761 1505 791 PART.
1523 767 1545 791 1.
1570 759 1743 798 Expositio
1762 762 1885 792 textus.

1402 807 1527 844 Quaest.
1552 809 1578 838 1.
1600 808 1651 838 ΑΙ]
1673 806 1707 837 111
1730 806 1851 841 divinis
1871 807 1913 838 sit
1937 807 2067 839 missio.

1402 855 1527 893 Quaest.
1549 856 1578 886 2.
1602 858 1650 886 ΑΙ]
1670 854 1785 885 missio
1804 855 1837 886 111
1864 855 1985 886 divinis
2011 864 2052 886 ex
2075 857 2228 896 tempore
2248 858 2323 888 tan-

1442 906 1512 935 tum
1530 904 1584 943 sit,
1603 905 1656 935 vel
1672 903 1774 935 etiam
1794 905 1834 935 ab
1855 908 1995 936 aeteriio.

1402 952 1527 989 Quaest.
1546 953 1577 983 3.
1599 954 1651 984 An
1672 950 1780 982 Patris
1799 951 1841 983 sit
1857 952 1954 984 mitti.

1402 999 1525 1037 Qurest.
1551 1001 1582 1030 4.
1605 999 1657 1030 An
1684 998 1801 1030 missio
1822 999 1864 1030 sit
1881 1000 1983 1031 totius
2001 999 2171 1031 Trinitatis
2191 1003 2226 1032 ut
2247 1001 2327 1033 mit-

1441 1047 1557 1079 tentis.

1402 1096 1506 1127 PART.
1529 1103 1569 1127 11.
1592 1094 1764 1134 Expositio
1785 1097 1910 1126 textus.

1401 1143 1525 1181 Quaest.
1548 1145 1579 1173 1.
1598 1145 1649 1173 ΑΙ]
1666 1142 1782 1173 11115510
1798 1142 1941 1183 Spiritus
1961 1143 2068 1175 sancti
2088 1143 2130 1174 sit
2153 1145 2341 1176 secundum

1443 1191 1533 1222 dona
1550 1189 1665 1231 gratiae
1680 1189 1783 1230 gratis
1801 1190 1900 1229 datae,
1913 1190 1967 1221 vel
1984 1193 2116 1231 gratum
2129 1191 2295 1223 facientis.

1402 1239 1527 1276 Quaest.
1543 1240 1574 1269 2.
1593 1239 1644 1269 ΑΙ]
1658 1237 1759 1268 Filius
1776 1241 1807 1268 et
1826 1238 1970 1278 Spiritus
1987 1241 2122 1270 sanctus
2135 1239 2322 1271 secundum

1442 1287 1561 1318 eadem
1581 1286 1670 1317 dona
1690 1285 1805 1326 gratiae
1824 1286 1910 1317 mitti
1931 1286 2097 1318 dicautur.

1402 1335 1527 1373 Quaest.
1548 1335 1578 1364 3.
1597 1335 1646 1365 ΑΙ]
1662 1333 1764 1365 Filius
1783 1336 1815 1364 et
1833 1334 1974 1374 Spiritus
1991 1336 2128 1365 sanctus
2147 1334 2188 1366 ad
2203 1334 2322 1366 eadem

1442 1383 1531 1413 dona
1545 1381 1651 1423 gratia
1669 1382 1919 1421 augmentanda
1937 1381 2125 1413 mittantur.

1402 1431 1497 1462 Disr.
1519 1438 1592 1461 xvi.

1403 1477 1576 1518 Expositio
1593 1478 1717 1508 textus,

1403 1525 1527 1563 Quaest.
1549 1527 1578 1556 1.
1598 1524 1712 1556 Missio
1728 1523 1869 1555 visibilis
1890 1524 1968 1565 quid
1991 1524 2043 1556 sit.

1602 1572 1652 1603 Ad
1672 1571 1752 1612 quid
1770 1571 1812 1603 sit
1837 1571 1924 1603 utilis
1940 1572 2058 1604 missio
2084 1571 2223 1604 visibilis
2252 1572 2327 1613 Spi-

1443 1621 1526 1652 ritus
1547 1619 1667 1652 sancti.

1403 1669 1527 1707 Quaest.
1548 1670 1578 1700 3.
1601 1669 1652 1699 ΑΙ]
1673 1667 1916 1699 convenienter
1935 1667 2035 1699 Filius
2052 1667 2087 1698 in
2103 1670 2258 1699 creatura
2276 1677 2329 1700 ra-

1443 1716 1560 1748 tionali
1573 1715 1748 1747 visibiliter
1762 1715 1885 1746 missus
1898 1718 1949 1747 est
1956 1726 1965 1756 3
1979 1715 2122 1756 Spiritus
2136 1724 2219 1747 vero
2233 1725 2330 1748 sanc-

1443 1767 1496 1796 tus
1514 1764 1549 1795 in
1568 1763 1771 1803 irrationali,
1790 1762 1918 1795 scilicet
1938 1763 1974 1795 111
1993 1763 2173 1803 columba,
2192 1763 2270 1805 igne
2297 1765 2329 1796 et

1445 1814 1544 1843 statu.

1402 1861 1498 1893 DIST.
1520 1867 1609 1891 xvn.

1403 1909 1506 1939 PART.
1528 1916 1553 1940 1.
1578 1906 1751 1948 Expositio
1772 1908 1896 1938 textus.

1402 1955 1527 1993 Quaest.
1552 1957 1582 1986 1.
1604 1956 1657 1986 ΑΙ]
1684 1954 1845 1995 ponenda
1872 1953 1915 1985 sit
1940 1953 2087 1985 charitas
2116 1953 2180 1986 alia
2211 1953 2253 1985 ab
2280 1954 2330 1987 11]-

1444 2004 1569 2035 creata.

1403 2051 1528 2089 Quaest.
1546 2051 1578 2081 2.
1600 2050 1650 2081 ΑΙ]
1671 2049 1815 2081 charitas
1831 2058 1873 2080 ex
1890 2048 2051 2081 charitate
2071 2048 2112 2080 sit
2131 2049 2298 2081 amabilis.

1403 2099 1528 2137 Quaest.
1547 2099 1576 2129 3.
1600 2099 1651 2129 ΑΙ]
1673 2097 1746 2137 quis
1767 2095 2044 2129 certitudinaliter
2062 2097 2149 2129 scire
2168 2097 2274 2138 possit
2293 2106 2327 2129 se

1443 2155 1516 2177 esse
1535 2145 1569 2176 111
1587 2144 1761 2176 charitate.

1403 2194 1529 2232 Quaest.
1551 2194 1578 2225 4.
1598 2194 1647 2224 Α1Ι
1668 2192 1814 2224 charitas
1835 2200 1854 2222 a
1874 2191 2073 2223 charitatem
2091 2200 2162 2224 non
2180 2192 2328 2224 habente

1444 2241 1485 2272 sit
1504 2239 1755 2281 cognoscibilis.

1402 2291 1506 2322 PART.
1525 2297 1566 2321 11.
1593 2287 1765 2328 Expositio
1789 2289 1914 2319 textus.

1402 2338 1531 2377 Quaest.
1567 2338 1597 2368 1.
1625 2336 1677 2367 An
1703 2335 1850 2367 charitas
1887 2334 2073 2368 secundum
2108 2335 2331 2368 substantiam

1443 2384 1559 2425 augeri
1577 2384 1696 2425 possit.

1402 2432 1526 2470 Quaest.
1538 2434 1569 2464 2.
1582 2432 1634 2464 ΑΙ]
1645 2431 1790 2463 charitas
1802 2430 1924 2472 seipsa,
1936 2431 1991 2462 vel
2011 2430 2328 2473 aliundeaugeatur.

1403 2480 1517 2518 Quaest
1546 2480 1576 2512 3.
1595 2481 1646 2511 An
1665 2479 1809 2511 charitas
1825 2478 1933 2510 minui
1951 2479 2072 2519 possit.

1402 2527 1527 2565 Quaest.
1551 2528 1582 2558 4.
1600 2528 1652 2560 ΑΙ]
1671 2526 1818 2559 charitas
1842 2526 2028 2559 terminum
2045 2526 2169 2558 habeat
2192 2526 2228 2558 in
2247 2536 2330 2568 aug-

1442 2577 1572 2607 mento.

1402 2623 1496 2655 Disr.
1518 2631 1621 2656 xvm.

1402 2671 1574 2712 Expositio
1598 2672 1722 2703 textus.

1400 2721 1483 2751 ART.
1499 2728 1524 2751 1.
1546 2720 1673 2757 Quaest.
1692 2721 1721 2750 1.
1739 2719 1790 2751 ΑΙ]
1810 2718 1956 2759 Spiritus
1972 2719 2109 2750 sanctus
2127 2717 2170 2751 sit
2188 2718 2329 2760 donum,

1440 2767 1475 2798 in
1495 2777 1561 2808 quo
1582 2767 1646 2798 alia
1666 2767 1755 2798 dona
1775 2767 1957 2798 donantur.

1401 2816 1527 2854 Quaest.
1548 2818 1580 2846 2.
1600 2815 1651 2846 ΑΙ]
1671 2814 1814 2854 Spiritus
1833 2817 1970 2846 sanctus
1989 2813 2030 2846 ab
2052 2816 2196 2855 aeterno,
2213 2813 2267 2846 vel
2287 2822 2329 2846 ex

1441 2865 1595 2904 tempore
1616 2863 1744 2894 donum
1764 2862 1818 2894 sit.

1401 2911 1526 2949 Quaest.
1547 2912 1578 2942 3.
1594 2911 1645 2942 An
1663 2911 1791 2942 donum
1810 2909 1864 2942 vel
1878 2910 1993 2942 datum
2012 2908 2270 2942 convenientius
2289 2909 2330 2942 de

1443 2959 1570 3000 Spiritu
1588 2961 1707 2991 sancto
1727 2959 1871 2991 dicatur.

1400 3007 1527 3045 Quaest.
1556 3008 1588 3039 4.
1608 3008 1660 3038 An
1682 3007 1819 3048 proprie
1839 3006 1967 3038 donum
1995 3005 2037 3038 de
2057 3005 2183 3047 Spiritu
2212 3007 2329 3038 sancto

1442 3055 1585 3087 dicatur.

1401 3103 1526 3141 Quaest.
1545 3104 1576 3134 5.
1599 3103 1649 3134 An
1667 3102 1808 3142 donum,
1828 3101 1883 3134 vel
1904 3100 2105 3133 donabilitas
2122 3100 2165 3133 sit
2180 3100 2331 3143 proprie-

1442 3153 1492 3182 tas
1511 3150 1704 3182 distinctiva
1721 3149 1866 3191 Spiritus
1883 3149 2004 3180 sancti.

1400 3198 1526 3237 Quaest.
1546 3199 1577 3229 6.
1597 3199 1646 3229 ΑΙ]
1668 3197 1811 3238 Spiritus
1832 3199 1966 3228 sanctus
1983 3195 2114 3227 ratione
2133 3195 2332 3229 donabilita-

1441 3245 1482 3277 tis
1500 3245 1636 3286 spiritus
1655 3248 1772 3277 noster
1791 3244 1934 3276 dicatur.

1399 3294 1497 3325 D1sr.
1518 3301 1594 3325 xix.

1401 3341 1493 3373 PART
1512 3349 1537 3372 1.
1558 3339 1732 3381 Expositio
1749 3341 1873 3371 textus.

1399 3389 1481 3419 ΑΡΙΤ.
1501 3396 1525 3419 1.
1548 3388 1674 3426 Quaest.
1696 3389 1728 3419 1.
1745 3387 1798 3419 An
1814 3386 1849 3418 in
1867 3384 1990 3417 divinis
2009 3384 2184 3426 aequalitas
2202 3385 2245 3417 sit
2264 3394 2327 3426 po-

1438 3435 1564 3468 nenda.

1399 3483 1524 3520 Quaest.
1545 3484 1577 3514 2.
1597 3483 1648 3514 ΑΙ]
1663 3481 1698 3514 in
1715 3481 1838 3514 divinis
1857 3480 1899 3512 sit
1918 3489 2052 3512 summa
2070 3480 2256 3522 aequalitas.

1399 3530 1524 3567 Quaest.
1545 3530 1577 3562 3.
1606 3531 1656 3562 An
1675 3529 1848 3571 aequalitas
1871 3527 2067 3560 conversim
2082 3527 2118 3559 in
2137 3526 2259 3559 divinis
2274 3527 2325 3560 di-

1441 3578 1549 3610 catur.

1398 3624 1524 3662 Quaest.
1544 3625 1576 3656 4.
1594 3624 1647 3655 An
1671 3623 1708 3655 in
1735 3622 1859 3655 divinis
1878 3622 1921 3654 sit
1947 3621 2121 3664 aequalitas
2149 3631 2228 3654 cum
2257 3621 2323 3653 cir-

1439 3670 1720 3704 cumincessione.

2363 479 2424 510 236

2364 573 2423 603 237

2365 668 2425 698 239

2364 716 2425 745 242

2364 763 2423 793 245

2367 811 2426 841 248

2369 909 2387 985 ¹00

2413 956 2426 985 1-—

2370 1051 2430 1081 252

2368 1100 2427 1130 255

2363 1193 2425 1223 257

2368 1288 2428 1319 259

2367 1384 2427 1414 260

2372 1432 2429 1462 261

2369 1480 2429 1510 263

2370 1526 2430 1556 266

2371 1622 2430 1652 267

2371 1812 2431 1844 269

2370 1860 2430 1892 272

2371 1908 2430 1940 278

2370 1993 2430 2034 281

2368 2051 2429 2082 285

2371 2145 2431 2177 287

2372 2240 2431 2272 288

2371 2289 2430 2320 290

2374 2384 2430 2416 291

2373 2432 2432 2463 293

2374 2480 2434 2511 296

2374 2575 2434 2606 298

2374 2622 2433 2654 300

2373 2671 2432 2702 304

2374 2767 2433 2798 306

2373 2862 2432 2894 308

2374 2958 2433 2990 309

2373 3054 2432 3085 310

2372 3149 2432 3180 312

2372 3245 2433 3275 314

2373 3291 2433 3322 315

2372 3339 2433 3370 322

2370 3433 2429 3465 325

2369 3481 2429 3512 326

2367 3574 2426 3606 328

2367 3669 2425 3700 329
