2613 3990
842 251 968 292 DIST.
996 249 1138 291 XVIII.
1171 249 1288 290 ART.
1322 250 1353 290 I.
1386 247 1582 298 QUAEST.
1614 246 1683 287 III.

216 355 321 385 num
338 343 447 384 dicat
467 346 706 396 respectum
726 342 778 383 ad
798 353 895 382 eum
913 340 980 380 cui
998 340 1136 389 datur,
1157 339 1238 380 hoc

216 416 453 467 potestesse
473 414 689 467 tripliciter
706 428 714 454 ε
739 412 806 454 vel
824 410 1057 452 secundum
1077 412 1233 459 actum,

215 485 283 526 vel
302 486 535 527 secundum
553 485 760 532 habitum,
782 483 850 524 vel
873 482 1106 522 secundum
1123 481 1236 533 apti-

215 557 421 597 tudinem.
445 556 486 598 Si
507 556 738 598 secundum
758 557 913 602 actum,
933 553 1013 593 hoc
1032 552 1157 592 modo
1174 551 1238 592 di-

216 628 325 669 citur
343 629 518 679 donum,
550 628 650 680 quia
668 626 804 666 datur.
828 624 870 665 Si
902 624 1136 664 secundum
1156 623 1237 662 ha-

214 701 366 752 bitum,
394 701 474 741 hoc
503 700 626 741 modo
654 698 806 738 dicitur
834 697 1008 746 donum,
1042 695 1141 748 quia
1169 695 1239 734 do-

214 772 404 812 nandum
435 769 676 823 aliquando.
710 767 752 808 Si
778 767 1014 808 secundum
1035 765 1238 818 aptitudi-

214 855 328 893 nem,
350 843 431 883 hoc
453 841 578 882 modo
605 840 757 881 dicitur
783 839 958 889 donum,
984 837 1084 890 quia
1103 837 1237 877 dona—

214 914 310 955 bile.
325 913 566 955 Secundum
578 911 760 965 primam
775 911 1073 963 acceptionem,
1087 908 1239 949 dicitur

215 985 520 1038 temporaliter;
561 983 633 1024 sed
666 983 901 1023 secundum
936 981 1165 1023 secundam
1193 994 1239 1021 ac

215 1057 382 1097 tertiam
410 1055 561 1097 dicitur
586 1054 852 1095 aeternaliter.
882 1054 931 1095 Et
959 1055 1003 1093 in
1022 1053 1087 1094 his
1105 1053 1240 1093 tribus

215 1127 405 1168 sensibus
430 1126 578 1179 accipit
601 1126 885 1178 Augustinus.
919 1124 1239 1167 Concedendum

216 1202 278 1240 est
301 1211 404 1251 ergo
422 1198 536 1251 quod
556 1199 791 1239 secundum
818 1198 1006 1251 aliquam
1030 1196 1239 1249 acceptio-

215 1283 314 1311 nem
345 1271 506 1311 donum
538 1269 611 1310 Dei
648 1270 801 1310 dicitur
832 1269 1098 1318 aeternaliter,
1135 1268 1241 1308 sicut

215 1342 395 1396 probant
441 1342 628 1383 rationes
672 1342 856 1382 inductae
905 1339 956 1380 ad
1012 1338 1241 1380 secundam

216 1415 391 1467 partem.
496 1420 499 1423 ·
655 1448 657 1450 .

270 1487 309 1525 1.
343 1484 406 1524 Ad
424 1484 530 1525 illud
545 1495 645 1524 vero
665 1483 778 1536 quod
797 1482 997 1535 objicitur
1013 1481 1057 1521 in
1075 1482 1242 1520 contra-

216 1556 346 1604 rium,
368 1556 593 1596 dicendum
619 1555 732 1608 quod
761 1553 947 1607 procedit
976 1552 1026 1592 de
1045 1551 1170 1599 dono,
1195 1553 1243 1590 ut

217 1627 318 1668 dicit
347 1630 490 1667 actum
518 1626 777 1676 donationis;
811 1628 851 1665 et
881 1625 940 1664 sic
971 1636 1025 1664 ex
1052 1626 1243 1675 tempore

217 1697 374 1738 dicitur
395 1713 403 1738 :
425 1698 538 1739 unde
559 1710 645 1738 non
664 1697 776 1739 vaiet
795 1696 989 1750 objectio.

271 1772 310 1809 2.
344 1769 407 1809 Ad
429 1769 533 1810 illud
553 1769 665 1822 quod
694 1768 876 1810 secundo
899 1768 1109 1819 objicitur,
1131 1765 1244 1818 quod

219 1851 268 1880 eo
288 1840 441 1881 dicitur
457 1840 632 1890 donum,
655 1852 740 1893 quo
759 1840 951 1889 daturus,
974 1842 1076 1888 etc.;
1099 1839 1244 1879 dicen-

218 1911 322 1952 dum
353 1912 486 1964 quod,
523 1912 758 1952 secundum
786 1912 909 1951 istam
941 1909 1240 1963 acceptionem,

217 1983 372 2024 dicitur
385 1984 653 2034 aeternaliter,
676 1983 775 2036 quia
792 1995 880 2023 non
894 1982 992 2022 dicit
1006 1984 1243 2034 respectum

217 2054 270 2095 ad
289 2057 526 2095 creaturam
546 2055 781 2096 secundum
805 2057 962 2104 actum,
991 2053 1060 2093 sed
1089 2064 1244 2092 secun-

217 2125 320 2166 dum
338 2125 548 2175 habitum,
574 2126 681 2167 sicut
700 2129 740 2166 et
766 2125 1091 2179 praedestinatio.
1126 2123 1245 2173 Quod

219 2212 321 2252 ergo
340 2200 539 2253 objicitur
553 2201 665 2253 quod
679 2203 782 2240 tunc
796 2200 1027 2253 temporale
1045 2201 1106 2239 est
1120 2210 1245 2238 causa

219 2272 385 2322 aeterni3
418 2271 644 2312 dicendum
684 2272 796 2325 quod
824 2272 927 2312 illud
958 2271 1242 2324 participium,

219 2344 413 2394 daturus,
436 2344 520 2384 duo
533 2344 747 2397 importat,
769 2344 923 2384 scilicet
936 2343 1245 2384 ordinationem

219 2417 270 2457 ad
290 2416 492 2466 dandum,
515 2419 556 2456 et
575 2419 716 2457 actum
739 2416 1014 2456 ordinationis
1034 2428 1043 2455 :
1075 2417 1115 2455 et
1133 2415 1246 2455 ordi-

219 2488 335 2528 natio
354 2490 415 2528 est
432 2490 604 2538 aeterna,
633 2487 728 2528 licet
753 2490 870 2528 actus
899 2487 952 2527 sit
975 2487 1243 2539 temporalis3

219 2562 260 2600 et
278 2562 381 2600 tunc
401 2560 609 2601 ablativus
636 2571 723 2600 non
741 2559 839 2600 dicit
865 2558 1149 2599 causalitatem
1177 2570 1246 2598 ra-

218 2631 332 2672 tione
349 2634 482 2681 actus,
505 2631 575 2671 sed
593 2631 755 2671 ratione
776 2630 1068 2671 ordinationis.
1104 2629 1247 2670 Posset

219 2703 362 2744 tamen
375 2703 457 2743 dici
477 2702 590 2756 quod
609 2702 707 2743 dicit
725 2713 898 2742 causam
915 2701 1242 2754 consequentiae,

219 2786 307 2815 non
324 2773 633 2827 consequentis.

274 2848 313 2886 3.
344 2845 408 2886 Ad
428 2845 535 2886 illud
562 2845 674 2898 quod
694 2845 906 2898 objicitur,
927 2846 1041 2898 quod
1061 2846 1160 2887 dicit
1178 2857 1244 2886 re-

219 2917 419 2959 lationem
434 2917 486 2958 ad
507 2920 711 2965 extrema,
733 2916 956 2957 dicendum
974 2918 1087 2970 quod
1100 2917 1246 2958 relatio

219 2989 392 3029 actualis
412 2989 529 3042 ponit
550 2991 784 3041 utrumque
803 2991 1044 3029 extremum
1067 2989 1112 3029 in
1132 2992 1243 3038 actu,

220 3071 308 3100 non
324 3062 467 3100 autem
477 3060 623 3101 relatio
634 3059 784 3100 habitu
798 3059 868 3112 (α),
882 3059 990 3100 sicut
1004 3063 1115 3113 patet
1132 3060 1246 3113 quod

220 3131 330 3172 Deus
356 3132 609 3173 aeternaliter
635 3132 788 3173 dicitur
808 3132 1024 3184 exemplar
1041 3136 1246 3173 creaturae

220 3204 478 3257 temporalis.

274 3278 314 3315 4.
343 3275 408 3316 Ad
435 3275 538 3316 illud
558 3276 671 3329 quod
696 3275 909 3328 objicitur,
939 3277 1053 3329 quod
1085 3277 1246 3318 donum

222 3347 336 3387 addit
353 3358 480 3400 supra
499 3347 666 3398 datum3
696 3346 921 3388 dicendum
953 3347 1066 3399 quod
1086 3347 1246 3388 donum

265 3431 277 3453 1
293 3431 347 3471 Cf.
367 3431 461 3462 Alex.
482 3430 627 3471 Mensis,
642 3440 676 3472 p.
693 3431 719 3472 Ι,
739 3439 772 3472 q.
790 3437 883 3469 wa,
900 3430 1025 3462 memb.
1040 3432 1078 3471 3;
1102 3433 1136 3465 S.
1153 3433 1244 3465 Tho-

223 3488 308 3518 mas,
325 3488 359 3520 p.
378 3479 403 3520 Ι,
421 3488 454 3520 q.
469 3486 615 3519 xxxviii,
631 3481 692 3510 art.
705 3481 742 3519 23
761 3481 794 3510 et
809 3478 848 3509 cle
869 3478 985 3519 Verit„
1001 3488 1034 3519 q.
1057 3487 1115 3520 vn,
1131 3483 1194 3512 art.
1208 3482 1243 3521 33

223 3526 336 3567 AEgid.
352 3527 464 3568 Rom„
482 3528 494 3558 I
512 3527 630 3566 Sent..,
649 3527 727 3558 dist.
744 3534 844 3567 xviii,
859 3536 893 3567 p.
913 3526 952 3565 11,
969 3536 1002 3567 p.
1018 3535 1051 3567 13
1071 3528 1244 3568 Richard.,

225 3574 237 3605 1
255 3574 360 3614 Seni„
389 3574 465 3606 dist.
480 3581 585 3615 xvm,
605 3583 637 3615 q.
656 3581 719 3614 1113
747 3573 867 3606 Thom.
888 3574 983 3614 Arg„
1004 3574 1015 3605 l
1045 3574 1148 3613 Sent„
1166 3574 1243 3606 ὀλεῖ.

2253 248 2329 285 309

1310 339 1356 379 in
1389 337 1644 391 quibusdam
1688 335 1958 388 consequitur
1991 335 2198 375 rationem
2231 334 2330 385 dati,

1311 412 1463 463 utputa
1482 410 1580 449 sunt
1598 409 1668 448 illa
1698 419 1793 460 quae
1822 406 1872 446 de
1891 417 1933 446 se
1956 417 2043 445 non
2062 405 2207 445 dicunt
2226 405 2333 445 libe-

1311 481 1535 527 ralitatem,
1564 479 1644 518 nisi
1670 480 1795 531 prout
1816 476 1983 517 additur
2011 475 2070 516 eis
2096 475 2200 515 ratio
2220 488 2334 515 com-

1312 550 1622 598 municationiS,
1657 553 1703 590 ut
1732 549 1851 597 liber,
1886 546 2091 596 cultellus,
2126 549 2165 586 et
2184 546 2335 598 liujus-

1312 623 1440 663 modi.
1462 622 1510 661 ln
1527 621 1668 673 aliquo
1683 620 1829 660 datum
1846 618 2118 670 consequitur
2132 617 2336 657 rationem

1312 695 1424 741 doni,
1447 695 1599 745 utputa
1618 692 1662 731 in
1682 704 1730 731 eo
1747 691 1859 743 quod
1880 702 1934 729 ex
1956 701 1999 729 se
2016 688 2216 740 importat
2237 688 2338 728 libe-

1312 765 1540 813 ralitatem,
1567 762 1729 803 etiamsi
1747 773 1972 814 nunquam
1991 760 2112 800 detur
2140 759 2265 808 dono,
2290 761 2339 799 ut

1313 840 1372 877 est
1386 847 1504 876 amor
1525 850 1533 875 ε
1557 837 1597 875 θῖ
1615 834 1672 874 sic
1691 833 1888 874 convenit
1905 830 2081 884 Spiritui
2097 831 2254 870 sancto.

1366 910 1404 947 5.
1427 906 1490 946 Ad
1508 905 1611 945 illud
1625 904 1738 958 quod
1756 903 1967 956 objicitur,
1988 902 2101 955 quod
2119 901 2228 943 sicut
2243 901 2339 942 Filii

1313 982 1374 1018 est
1405 977 1614 1030 generari,
1647 978 1749 1025 etc.;
1786 973 2011 1014 dicendum
2040 973 2154 1026 quod
2187 972 2338 1013 falsum

1313 1052 1387 1100 est,
1410 1049 1510 1102 quia
1535 1048 1730 1101 perieram
1759 1045 1859 1086 dicit
1884 1045 2197 1085 emanationem
2228 1043 2339 1094 Filii,

1314 1133 1410 1175 quae
1434 1119 1667 1160 secundum
1700 1118 1908 1158 rationem
1939 1115 2202 1167 intelligendi
2230 1126 2341 1167 prae-

1314 1193 1421 1233 cedit
1446 1191 1614 1231 Filium.
1641 1189 1758 1230 Unde
1778 1187 2037 1241 impossibile
2057 1189 2118 1227 est
2133 1185 2247 1238 quod
2272 1185 2338 1236 sit,

1314 1263 1396 1303 nisi
1426 1265 1667 1315 generetur.
1712 1261 1875 1303 Donarz'
1908 1261 2050 1299 autem
2083 1270 2171 1298 non
2203 1257 2341 1297 solum

1315 1334 1412 1374 dicit
1441 1333 1540 1374 doni
1572 1332 1901 1381 emanationem3
1934 1330 2005 1371 sed
2036 1328 2217 1382 amplius
2242 1327 2342 1368 dicit

1316 1407 1408 1457 ejus
1428 1403 1858 1444 communicationem
1875 1416 1883 1441 :
1915 1405 1956 1442 et
1973 1401 2053 1441 hoc
2070 1399 2342 1452 consequitur

1317 1489 1405 1517 esse
1419 1476 1517 1517 doni
1534 1491 1542 1516 2
1561 1479 1601 1516 et
1618 1476 1709 1515 ideo
1726 1487 1812 1514 non
1829 1474 1981 1515 dicitur
1999 1474 2158 1514 donum
2172 1484 2225 1513 ex
2239 1475 2343 1512 tem-

1317 1560 1432 1601 pore,
1455 1546 1652 1600 quamvis
1670 1546 1851 1586 donetur
1870 1556 1924 1585 ex
1945 1547 2147 1597 tempore.

1639 1710 1910 1762 QUAESTIO
1941 1710 2023 1751 ΙΙΙ.

1358 1819 1418 1853 An
1437 1818 1575 1852 Donum
1590 1816 1645 1852 vel
1665 1817 1797 1850 Datum
1817 1814 2080 1850 convenientius
2105 1812 2146 1848 cle
2161 1811 2304 1858 Spiritu

1661 1878 1782 1911 sancto
1802 1874 1944 1910 dicatur
1963 1871 1987 1908 ¹.

1373 1978 1522 2019 Utrum
1555 1976 1877 2018 convenientius
1905 1975 2070 2015 dicatur
2102 1973 2153 2014 de
2184 1971 2344 2025 Spiritu

1318 2054 1459 2091 sancto
1484 2052 1658 2099 donum,
1693 2060 1824 2102 quam
1856 2048 2025 2096 datum3
2058 2048 2099 2086 et
2123 2045 2235 2098 quod
2258 2047 2344 2085 tam

1318 2122 1620 2164 convenienter
1644 2121 1808 2161 dicatur
1834 2120 1980 2159 datum
2006 2121 2054 2158 ut
2082 2117 2256 2165 donum,
2278 2116 2343 2156 vi-

1318 2195 1454 2243 detur3
1477 2194 1577 2246 quia
1596 2192 1774 2233 Jacobus
1796 2192 1877 2232 ait2
1895 2205 1903 2231 ε
1930 2190 2056 2231 Omne
2071 2189 2221 2231 datum
2235 2189 2344 2240 opti-

1318 2277 1432 2308 mum
1452 2270 1490 2308 et
1510 2276 1628 2307 Omne
1656 2264 1814 2306 donum
1836 2263 2068 2315 perfectum
2098 2259 2148 2302 cle
2176 2270 2346 2301 sursum

1319 2344 1414 2381 est:
1443 2349 1546 2390 ergo
1575 2350 1600 2377 a
1622 2335 1782 2389 Spiritu
1808 2337 1950 2375 sancto
1976 2336 2074 2373 sunt
2102 2332 2211 2383 data,
2239 2332 2348 2372 sicut

1319 2414 1359 2452 et
1391 2410 1528 2451 dona:
1563 2420 1667 2460 ergo
1702 2407 1811 2447 sicut
1841 2406 1894 2446 ad
1924 2405 2066 2458 ipsum
2097 2403 2348 2444 transfertur

1318 2482 1424 2522 ratio
1443 2481 1559 2530 doni,
1580 2481 1640 2521 ita
1657 2482 1696 2520 et
1717 2478 1816 2520 dati.

1373 2557 1412 2594 2.
1446 2554 1564 2603 Item,
1594 2550 1762 2592 mobilis
1782 2553 1822 2591 et
1840 2549 1942 2590 moti
1961 2552 2021 2590 est
2041 2548 2187 2589 eadem
2207 2547 2313 2587 ratio
2336 2562 2345 2587 ι

1320 2639 1423 2678 ergo
1451 2624 1643 2666 similiter
1662 2623 1748 2664 dati
1770 2625 1810 2663 et
1828 2621 2034 2663 donabilis
2057 2635 2065 2660 t
2096 2632 2199 2672 ergo
2220 2619 2254 2659 si
2274 2621 2350 2660 do-

1319 2710 1426 2739 num
1460 2697 1612 2737 dicitur
1649 2695 1694 2735 in
1732 2694 1893 2734 ratione
1930 2691 2156 2740 donabilis,
2202 2691 2348 2732 datum

1321 2781 1422 2810 vero
1440 2769 1485 2808 in
1504 2768 1665 2808 ratione
1684 2765 1938 2807 actualitatis
1956 2764 2054 2814 dati,
2077 2775 2180 2815 ergo
2199 2763 2346 2804 eadem

1319 2846 1381 2885 est
1398 2843 1506 2883 ratio
1523 2841 1623 2883 doni
1643 2844 1683 2881 et
1702 2840 1788 2881 dati
1807 2852 1817 2880 ε
1840 2850 1957 2890 ergo,
1977 2839 2054 2878 etc.

1373 2919 1411 2957 3.
1441 2915 1545 2956 Item
1572 2915 1616 2954 in
1640 2913 1830 2967 quolibet
1857 2922 2014 2963 genere
2041 2908 2262 2962 perfectior
2287 2911 2349 2949 est

1319 2990 1437 3029 actus
1451 2999 1581 3040 quam
1599 2984 1784 3038 potentia
1799 2984 1812 3005 ³
1831 2997 1840 3023 ε
1864 2993 1981 3033 ergO,
2002 2992 2100 3021 cum
2115 2980 2263 3021 datum
2281 2979 2346 3020 di-

1320 3062 1384 3100 cat
1412 3059 1458 3098 in
1489 3060 1587 3098 actu
1619 3057 1779 3097 donum
1811 3054 1856 3093 in
1886 3052 2091 3106 potentia,
2123 3051 2347 3104 perfectius

1320 3129 1575 3182 exprimitur
1615 3125 1800 3179 aliquid,
1844 3136 1942 3164 cum
1982 3122 2134 3164 dicitur
2173 3122 2342 3170 datum,

1320 3213 1450 3254 quam
1470 3201 1630 3241 donum
1650 3210 1659 3237 ε
1682 3197 1749 3237 sed
1774 3195 1889 3248 quod
1908 3194 2082 3247 majoris
2101 3196 2162 3234 est
2183 3193 2345 3246 perfec-

1319 3273 1457 3323 tionis,
1470 3284 1538 3312 ma
1543 3272 1609 3323 gis
1620 3269 1788 3322 proprie
1800 3267 1996 3308 convenit
2009 3266 2091 3307 Deo
2105 3280 2113 3307 :
2130 3277 2247 3317 ergo,
2264 3268 2341 3305 etc.

1373 3348 1412 3386 4.
1447 3344 1551 3384 Item
1582 3340 1752 3394 quando
1783 3339 1924 3392 aliqua
1951 3339 2035 3379 duo
2066 3338 2266 3379 dicuntur
2293 3336 2344 3376 de

1320 3437 1420 3469 xviii,
1440 3437 1473 3468 q.
1492 3435 1521 3465 1,
1542 3427 1603 3456 art.
1621 3426 1658 3464 33
1683 3423 1797 3464 Steph.
1820 3422 1959 3462 Brulef.,
1981 3422 1992 3452 1
2021 3421 2124 3458 Seni„
2143 3419 2220 3452 dist.
2235 3426 2343 3460 xvm,

1321 3488 1353 3518 q.
1370 3485 1430 3516 1¹13
1452 3476 1570 3506 Petrus
1585 3473 1625 3504 de
1642 3474 1791 3512 Tarant.,
1809 3471 1820 3502 l
1835 3471 1938 3508 Sent„
1957 3469 2033 3501 dist.
2048 3476 2146 3508 xviii,
2162 3476 2194 3508 q.
2210 3475 2238 3506 1,·
2258 3466 2342 3498 Gab.

1322 3524 1412 3564 Biel,
1432 3524 1442 3554 l
1463 3522 1569 3560 Sene„
1587 3520 1663 3551 dist.
1678 3527 1786 3560 xviii,
1808 3528 1840 3560 q.
1858 3526 1881 3559 Ι,
1902 3520 1964 3549 art.
1982 3519 2009 3548 1.
2023 3516 2183 3553 —2Jac.‚
2206 3522 2239 3554 1,
2260 3517 2342 3546 1.-

1322 3570 1460 3612 ³Arist.‚
1476 3569 1604 3611 Phyxia
1625 3569 1683 3600 lib.
1701 3569 1750 3609 11,
1773 3570 1864 3600 cont.
1879 3568 1930 3599 12.
1942 3582 1982 3590 —
1995 3565 2040 3607 (a)
2054 3564 2130 3605 Leq.
2147 3562 2338 3596 habitualis.

2398 1973 2442 2001 Ad
2458 1981 2507 2009 op·

2365 2023 2425 2047 pos.
