<?xml version="1.0" encoding="UTF-8"?>
<!DOCTYPE html PUBLIC "-//W3C//DTD XHTML 1.0 Transitional//EN"
    "http://www.w3.org/TR/xhtml1/DTD/xhtml1-transitional.dtd">
<html xmlns="http://www.w3.org/1999/xhtml" xml:lang="en" lang="en">
 <head>
  <title>
</title>
<meta http-equiv="Content-Type" content="text/html;charset=utf-8" />
  <meta name='ocr-system' content='tesseract 3.04.00' />
  <meta name='ocr-capabilities' content='ocr_page ocr_carea ocr_par ocr_line ocrx_word'/>
</head>
<body>
  <div class='ocr_page' id='page_1' title='image "./operaomniasixtiv01bonauoft/operaomniasixtiv01bonauoft_0195.png"; bbox 0 0 2613 3990; ppageno 0'>
   <div class='ocr_carea' id='block_1_1' title="bbox 1232 351 1564 395">
    <p class='ocr_par' dir='ltr' id='par_1_1' title="bbox 1232 351 1564 395">
     <span class='ocr_line' id='line_1_1' title="bbox 1232 351 1564 395; baseline -0.006 -1"><span class='ocrx_word' id='word_1_1' title='bbox 1232 351 1485 395; x_wconf 85' lang='lat' dir='ltr'>DISTlNCT.</span> <span class='ocrx_word' id='word_1_2' title='bbox 1516 352 1564 393; x_wconf 84' lang='lat' dir='ltr'>V.</span> 
     </span>
    </p>
   </div>
   <div class='ocr_carea' id='block_1_2' title="bbox 331 445 1357 1637">
    <p class='ocr_par' dir='ltr' id='par_1_2' title="bbox 336 445 1357 647">
     <span class='ocr_line' id='line_1_2' title="bbox 338 445 1357 503; baseline -0.01 -9"><span class='ocrx_word' id='word_1_3' title='bbox 338 464 416 494; x_wconf 91' lang='lat' dir='ltr'>nos</span> <span class='ocrx_word' id='word_1_4' title='bbox 440 451 549 494; x_wconf 88' lang='lat' dir='ltr'>Deus</span> <span class='ocrx_word' id='word_1_5' title='bbox 564 484 575 503; x_wconf 97' lang='lat'>,</span> <span class='ocrx_word' id='word_1_6' title='bbox 610 453 651 492; x_wconf 90' lang='lat' dir='ltr'>et</span> <span class='ocrx_word' id='word_1_7' title='bbox 683 448 873 491; x_wconf 86' lang='lat' dir='ltr'>metuant</span> <span class='ocrx_word' id='word_1_8' title='bbox 892 459 1016 497; x_wconf 89' lang='lat' dir='ltr'>eum;</span> <span class='ocrx_word' id='word_1_9' title='bbox 1051 460 1070 484; x_wconf 77' lang='grc'>1)</span> <span class='ocrx_word' id='word_1_10' title='bbox 1098 445 1179 486; x_wconf 88' lang='lat' dir='ltr'>hoc</span> <span class='ocrx_word' id='word_1_11' title='bbox 1198 456 1357 497; x_wconf 90' lang='lat' dir='ltr'>prono-</span> 
     </span>
     <span class='ocr_line' id='line_1_3' title="bbox 336 522 1355 575; baseline -0.008 -10"><span class='ocrx_word' id='word_1_12' title='bbox 336 536 452 575; x_wconf 87' lang='lat' dir='ltr'>men,</span> <span class='ocrx_word' id='word_1_13' title='bbox 482 534 596 573; x_wconf 82' lang='lat' dir='ltr'>eum,</span> <span class='ocrx_word' id='word_1_14' title='bbox 616 522 744 563; x_wconf 82' lang='lat' dir='ltr'><strong>refert</strong></span> <span class='ocrx_word' id='word_1_15' title='bbox 765 522 985 571; x_wconf 87' lang='lat' dir='ltr'>naturam,</span> <span class='ocrx_word' id='word_1_16' title='bbox 1001 530 1087 559; x_wconf 89' lang='lat' dir='ltr'>non</span> <span class='ocrx_word' id='word_1_17' title='bbox 1102 529 1321 571; x_wconf 76' lang='lat' dir='ltr'><strong>personam</strong></span> <span class='ocrx_word' id='word_1_18' title='bbox 1345 529 1355 558; x_wconf 89' lang='lat'><strong>:</strong></span> 
     </span>
     <span class='ocr_line' id='line_1_4' title="bbox 336 596 556 647; baseline -0.005 -12"><span class='ocrx_word' id='word_1_19' title='bbox 336 606 454 647; x_wconf 83' lang='lat' dir='ltr'>ergo,</span> <span class='ocrx_word' id='word_1_20' title='bbox 479 596 556 636; x_wconf 85' lang='lat' dir='ltr'>etc.</span> 
     </span>
    </p>

    <p class='ocr_par' dir='ltr' id='par_1_3' title="bbox 331 661 1357 1217">
     <span class='ocr_line' id='line_1_5' title="bbox 391 661 1357 719; baseline -0.005 -12"><span class='ocrx_word' id='word_1_21' title='bbox 391 665 516 717; x_wconf 90' lang='lat' dir='ltr'>Item,</span> <span class='ocrx_word' id='word_1_22' title='bbox 537 665 636 719; x_wconf 87' lang='lat' dir='ltr'>quia</span> <span class='ocrx_word' id='word_1_23' title='bbox 662 665 737 704; x_wconf 89' lang='lat' dir='ltr'>iste</span> <span class='ocrx_word' id='word_1_24' title='bbox 761 662 994 713; x_wconf 86' lang='lat' dir='ltr'>terminus,</span> <span class='ocrx_word' id='word_1_25' title='bbox 1022 661 1164 711; x_wconf 77' lang='lat' dir='ltr'>homo,</span> <span class='ocrx_word' id='word_1_26' title='bbox 1189 661 1357 714; x_wconf 80' lang='lat' dir='ltr'>proprie</span> 
     </span>
     <span class='ocr_line' id='line_1_6' title="bbox 339 732 1356 790; baseline -0.005 -12"><span class='ocrx_word' id='word_1_27' title='bbox 339 737 539 790; x_wconf 72' lang='lat' dir='ltr'>supponit</span> <span class='ocrx_word' id='word_1_28' title='bbox 556 748 632 789; x_wconf 92' lang='lat' dir='ltr'>pro</span> <span class='ocrx_word' id='word_1_29' title='bbox 650 734 890 784; x_wconf 89' lang='lat' dir='ltr'>individuo;</span> <span class='ocrx_word' id='word_1_30' title='bbox 911 734 989 774; x_wconf 89' lang='lat' dir='ltr'>ista</span> <span class='ocrx_word' id='word_1_31' title='bbox 1008 736 1068 774; x_wconf 93' lang='lat' dir='ltr'>est</span> <span class='ocrx_word' id='word_1_32' title='bbox 1087 732 1214 773; x_wconf 84' lang='lat' dir='ltr'>falsa:</span> <span class='ocrx_word' id='word_1_33' title='bbox 1237 748 1256 771; x_wconf 75' lang='grc' dir='ltr'>(ι</span> <span class='ocrx_word' id='word_1_34' title='bbox 1270 732 1356 773; x_wconf 90' lang='lat' dir='ltr'>Ho-</span> 
     </span>
     <span class='ocr_line' id='line_1_7' title="bbox 336 805 1356 859; baseline -0.005 -9"><span class='ocrx_word' id='word_1_35' title='bbox 336 821 406 850; x_wconf 90' lang='lat' dir='ltr'>mo</span> <span class='ocrx_word' id='word_1_36' title='bbox 427 812 487 850; x_wconf 90' lang='lat' dir='ltr'>est</span> <span class='ocrx_word' id='word_1_37' title='bbox 504 808 691 850; x_wconf 79' lang='lat' dir='ltr'>Socrates</span> <span class='ocrx_word' id='word_1_38' title='bbox 706 809 747 847; x_wconf 90' lang='lat' dir='ltr'>et</span> <span class='ocrx_word' id='word_1_39' title='bbox 763 805 878 847; x_wconf 86' lang='lat' dir='ltr'>Plato</span> <span class='ocrx_word' id='word_1_40' title='bbox 900 808 969 857; x_wconf 77' lang='lat' dir='ltr'>(a),</span> <span class='ocrx_word' id='word_1_41' title='bbox 992 806 1092 859; x_wconf 88' lang='lat' dir='ltr'>quia</span> <span class='ocrx_word' id='word_1_42' title='bbox 1111 805 1222 846; x_wconf 90' lang='lat' dir='ltr'>idem</span> <span class='ocrx_word' id='word_1_43' title='bbox 1245 806 1356 846; x_wconf 86' lang='lat' dir='ltr'>indi-</span> 
     </span>
     <span class='ocr_line' id='line_1_8' title="bbox 334 877 1349 931; baseline -0.005 -10"><span class='ocrx_word' id='word_1_44' title='bbox 334 880 512 922; x_wconf 85' lang='lat' dir='ltr'>viduum</span> <span class='ocrx_word' id='word_1_45' title='bbox 541 890 627 919; x_wconf 89' lang='lat' dir='ltr'>non</span> <span class='ocrx_word' id='word_1_46' title='bbox 647 877 792 931; x_wconf 82' lang='lat' dir='ltr'>recipit</span> <span class='ocrx_word' id='word_1_47' title='bbox 819 878 935 918; x_wconf 90' lang='lat' dir='ltr'>illam</span> <span class='ocrx_word' id='word_1_48' title='bbox 954 877 1349 931; x_wconf 62' lang='lat' dir='ltr'>praedicationem.»</span> 
     </span>
     <span class='ocr_line' id='line_1_9' title="bbox 337 948 1355 1000; baseline -0.002 -8"><span class='ocrx_word' id='word_1_49' title='bbox 337 950 415 992; x_wconf 85' lang='lat' dir='ltr'>Sed</span> <span class='ocrx_word' id='word_1_50' title='bbox 434 951 525 991; x_wconf 79' lang='lat' dir='ltr'>haee</span> <span class='ocrx_word' id='word_1_51' title='bbox 543 952 604 990; x_wconf 92' lang='lat' dir='ltr'>est</span> <span class='ocrx_word' id='word_1_52' title='bbox 621 961 723 991; x_wconf 86' lang='lat' dir='ltr'>vera</span> <span class='ocrx_word' id='word_1_53' title='bbox 744 964 752 989; x_wconf 92' lang='lat'>:</span> <span class='ocrx_word' id='word_1_54' title='bbox 781 965 799 987; x_wconf 68' lang='lat' dir='ltr'>a</span> <span class='ocrx_word' id='word_1_55' title='bbox 819 949 927 990; x_wconf 89' lang='lat' dir='ltr'>Deus</span> <span class='ocrx_word' id='word_1_56' title='bbox 945 951 1007 989; x_wconf 92' lang='lat' dir='ltr'>est</span> <span class='ocrx_word' id='word_1_57' title='bbox 1025 948 1219 1000; x_wconf 74' lang='lat' dir='ltr'>Trinitas,</span> <span class='ocrx_word' id='word_1_58' title='bbox 1241 965 1259 987; x_wconf 72' lang='lat' dir='ltr'>n</span> <span class='ocrx_word' id='word_1_59' title='bbox 1288 949 1355 990; x_wconf 81' lang='lat' dir='ltr'>vel</span> 
     </span>
     <span class='ocr_line' id='line_1_10' title="bbox 340 1020 1355 1073; baseline 0.002 -13"><span class='ocrx_word' id='word_1_60' title='bbox 340 1038 358 1060; x_wconf 75' lang='grc' dir='ltr'>(ι</span> <span class='ocrx_word' id='word_1_61' title='bbox 388 1022 495 1063; x_wconf 90' lang='lat' dir='ltr'>Deus</span> <span class='ocrx_word' id='word_1_62' title='bbox 528 1023 589 1062; x_wconf 86' lang='lat' dir='ltr'>est</span> <span class='ocrx_word' id='word_1_63' title='bbox 615 1020 751 1070; x_wconf 88' lang='lat' dir='ltr'>Pater,</span> <span class='ocrx_word' id='word_1_64' title='bbox 784 1023 824 1061; x_wconf 89' lang='lat' dir='ltr'>et</span> <span class='ocrx_word' id='word_1_65' title='bbox 857 1020 1004 1062; x_wconf 82' lang='lat' dir='ltr'>Filius.</span> <span class='ocrx_word' id='word_1_66' title='bbox 1036 1036 1054 1058; x_wconf 72' lang='lat' dir='ltr'>n</span> <span class='ocrx_word' id='word_1_67' title='bbox 1087 1020 1222 1073; x_wconf 84' lang='lat' dir='ltr'>Ergo,</span> <span class='ocrx_word' id='word_1_68' title='bbox 1259 1034 1355 1062; x_wconf 82' lang='lat' dir='ltr'>cuni</span> 
     </span>
     <span class='ocr_line' id='line_1_11' title="bbox 332 1092 1352 1147; baseline 0 -13"><span class='ocrx_word' id='word_1_69' title='bbox 332 1093 435 1134; x_wconf 88' lang='lat' dir='ltr'>illud</span> <span class='ocrx_word' id='word_1_70' title='bbox 451 1092 727 1147; x_wconf 84' lang='lat' dir='ltr'>praedicatum</span> <span class='ocrx_word' id='word_1_71' title='bbox 743 1104 831 1134; x_wconf 90' lang='lat' dir='ltr'>non</span> <span class='ocrx_word' id='word_1_72' title='bbox 851 1093 1076 1135; x_wconf 85' lang='lat' dir='ltr'>conveniat</span> <span class='ocrx_word' id='word_1_73' title='bbox 1092 1093 1167 1134; x_wconf 85' lang='lat' dir='ltr'>uni</span> <span class='ocrx_word' id='word_1_74' title='bbox 1184 1105 1352 1147; x_wconf 85' lang='lat' dir='ltr'>person-</span> 
     </span>
     <span class='ocr_line' id='line_1_12' title="bbox 331 1165 665 1217; baseline 0 -13"><span class='ocrx_word' id='word_1_75' title='bbox 331 1175 412 1215; x_wconf 77' lang='lat' dir='ltr'>nae,</span> <span class='ocrx_word' id='word_1_76' title='bbox 434 1165 560 1217; x_wconf 81' lang='lat' dir='ltr'>pate-t,</span> <span class='ocrx_word' id='word_1_77' title='bbox 587 1165 665 1204; x_wconf 89' lang='lat' dir='ltr'>etc.</span> 
     </span>
    </p>

    <p class='ocr_par' dir='ltr' id='par_1_4' title="bbox 331 1235 1356 1637">
     <span class='ocr_line' id='line_1_13' title="bbox 384 1235 1353 1290; baseline 0.002 -14"><span class='ocrx_word' id='word_1_78' title='bbox 384 1235 503 1285; x_wconf 89' lang='lat' dir='ltr'>Item,</span> <span class='ocrx_word' id='word_1_79' title='bbox 526 1235 736 1277; x_wconf 89' lang='lat' dir='ltr'>terminus</span> <span class='ocrx_word' id='word_1_80' title='bbox 756 1235 829 1289; x_wconf 90' lang='lat' dir='ltr'>qui</span> <span class='ocrx_word' id='word_1_81' title='bbox 851 1236 1018 1290; x_wconf 88' lang='lat' dir='ltr'>proprie</span> <span class='ocrx_word' id='word_1_82' title='bbox 1038 1237 1237 1290; x_wconf 85' lang='lat' dir='ltr'>supponit</span> <span class='ocrx_word' id='word_1_83' title='bbox 1258 1249 1353 1290; x_wconf 91' lang='lat' dir='ltr'>per-</span> 
     </span>
     <span class='ocr_line' id='line_1_14' title="bbox 332 1307 1356 1362; baseline 0.003 -15"><span class='ocrx_word' id='word_1_84' title='bbox 332 1318 502 1358; x_wconf 84' lang='lat' dir='ltr'>sonam,</span> <span class='ocrx_word' id='word_1_85' title='bbox 530 1307 668 1348; x_wconf 86' lang='lat' dir='ltr'>addito</span> <span class='ocrx_word' id='word_1_86' title='bbox 698 1307 776 1348; x_wconf 88' lang='lat' dir='ltr'>sibi</span> <span class='ocrx_word' id='word_1_87' title='bbox 804 1308 986 1349; x_wconf 88' lang='lat' dir='ltr'>termino</span> <span class='ocrx_word' id='word_1_88' title='bbox 1015 1308 1212 1362; x_wconf 88' lang='lat' dir='ltr'>partitivo</span> <span class='ocrx_word' id='word_1_89' title='bbox 1231 1341 1240 1358; x_wconf 96' lang='lat'>‚</span> <span class='ocrx_word' id='word_1_90' title='bbox 1276 1312 1356 1350; x_wconf 86' lang='lat' dir='ltr'>stat</span> 
     </span>
     <span class='ocr_line' id='line_1_15' title="bbox 331 1377 1355 1431; baseline 0.002 -13"><span class='ocrx_word' id='word_1_91' title='bbox 331 1377 468 1419; x_wconf 90' lang='lat' dir='ltr'>solum</span> <span class='ocrx_word' id='word_1_92' title='bbox 483 1390 559 1431; x_wconf 84' lang='lat' dir='ltr'>pro</span> <span class='ocrx_word' id='word_1_93' title='bbox 581 1391 684 1429; x_wconf 91' lang='lat' dir='ltr'>uno,</span> <span class='ocrx_word' id='word_1_94' title='bbox 697 1382 745 1419; x_wconf 91' lang='lat' dir='ltr'>ut</span> <span class='ocrx_word' id='word_1_95' title='bbox 758 1391 856 1420; x_wconf 88' lang='lat' dir='ltr'>cum</span> <span class='ocrx_word' id='word_1_96' title='bbox 875 1379 1040 1429; x_wconf 89' lang='lat' dir='ltr'>dicitur,</span> <span class='ocrx_word' id='word_1_97' title='bbox 1060 1379 1210 1420; x_wconf 83' lang='lat' dir='ltr'>«Unus</span> <span class='ocrx_word' id='word_1_98' title='bbox 1226 1379 1355 1420; x_wconf 91' lang='grc'>1101110</span> 
     </span>
     <span class='ocr_line' id='line_1_16' title="bbox 332 1449 1355 1503; baseline 0.002 -13"><span class='ocrx_word' id='word_1_99' title='bbox 332 1449 464 1491; x_wconf 87' lang='lat' dir='ltr'>currit</span> <span class='ocrx_word' id='word_1_100' title='bbox 481 1462 491 1490; x_wconf 91' lang='lat'>:</span> <span class='ocrx_word' id='word_1_101' title='bbox 511 1463 530 1487; x_wconf 72' lang='lat'>&gt;³</span> <span class='ocrx_word' id='word_1_102' title='bbox 550 1462 654 1503; x_wconf 82' lang='lat' dir='ltr'>ergo</span> <span class='ocrx_word' id='word_1_103' title='bbox 674 1450 878 1502; x_wconf 77' lang='lat' dir='ltr'>similiter,</span> <span class='ocrx_word' id='word_1_104' title='bbox 901 1463 1000 1492; x_wconf 92' lang='lat' dir='ltr'>cum</span> <span class='ocrx_word' id='word_1_105' title='bbox 1017 1451 1183 1502; x_wconf 79' lang='lat' dir='ltr'>dicitur,</span> <span class='ocrx_word' id='word_1_106' title='bbox 1205 1451 1355 1492; x_wconf 83' lang='lat' dir='ltr'>«Unus</span> 
     </span>
     <span class='ocr_line' id='line_1_17' title="bbox 331 1520 1353 1576; baseline 0.003 -14"><span class='ocrx_word' id='word_1_107' title='bbox 331 1520 441 1563; x_wconf 89' lang='lat' dir='ltr'>Deus</span> <span class='ocrx_word' id='word_1_108' title='bbox 471 1537 480 1564; x_wconf 90' lang='lat'>:</span> <span class='ocrx_word' id='word_1_109' title='bbox 512 1536 531 1559; x_wconf 85' lang='lat'>»</span> <span class='ocrx_word' id='word_1_110' title='bbox 563 1535 666 1575; x_wconf 79' lang='lat' dir='ltr'>ergo</span> <span class='ocrx_word' id='word_1_111' title='bbox 706 1522 797 1564; x_wconf 86' lang='lat' dir='ltr'>haec</span> <span class='ocrx_word' id='word_1_112' title='bbox 830 1527 891 1564; x_wconf 87' lang='lat' dir='ltr'>est</span> <span class='ocrx_word' id='word_1_113' title='bbox 926 1523 1171 1576; x_wconf 85' lang='lat' dir='ltr'>simpliciter</span> <span class='ocrx_word' id='word_1_114' title='bbox 1207 1524 1310 1565; x_wconf 81' lang='lat' dir='ltr'>falsa</span> <span class='ocrx_word' id='word_1_115' title='bbox 1343 1537 1353 1565; x_wconf 90' lang='lat'>:</span> 
     </span>
     <span class='ocr_line' id='line_1_18' title="bbox 337 1592 1110 1637; baseline 0.004 -5"><span class='ocrx_word' id='word_1_116' title='bbox 337 1608 356 1631; x_wconf 73' lang='grc' dir='ltr'>(ι</span> <span class='ocrx_word' id='word_1_117' title='bbox 377 1592 496 1636; x_wconf 90' lang='lat' dir='ltr'>Unus</span> <span class='ocrx_word' id='word_1_118' title='bbox 513 1593 624 1636; x_wconf 87' lang='lat' dir='ltr'>Deus</span> <span class='ocrx_word' id='word_1_119' title='bbox 644 1598 704 1637; x_wconf 89' lang='lat' dir='ltr'>est</span> <span class='ocrx_word' id='word_1_120' title='bbox 724 1595 845 1637; x_wconf 90' lang='lat' dir='ltr'>Pater</span> <span class='ocrx_word' id='word_1_121' title='bbox 864 1598 904 1637; x_wconf 88' lang='lat' dir='ltr'>et</span> <span class='ocrx_word' id='word_1_122' title='bbox 922 1595 1068 1637; x_wconf 82' lang='lat' dir='ltr'>Filius,</span> <span class='ocrx_word' id='word_1_123' title='bbox 1091 1611 1110 1635; x_wconf 79' lang='grc' dir='ltr'>ι)</span> 
     </span>
    </p>
   </div>
   <div class='ocr_carea' id='block_1_3' title="bbox 693 1740 990 1784">
    <p class='ocr_par' dir='ltr' id='par_1_5' title="bbox 693 1740 990 1784">
     <span class='ocr_line' id='line_1_19' title="bbox 693 1740 990 1784; baseline 0 -1"><span class='ocrx_word' id='word_1_124' title='bbox 693 1740 990 1784; x_wconf 87' lang='lat' dir='ltr'>CONCLUSIO.</span> 
     </span>
    </p>
   </div>
   <div class='ocr_carea' id='block_1_4' title="bbox 335 1841 1356 1999">
    <p class='ocr_par' dir='ltr' id='par_1_6' title="bbox 335 1841 1356 1999">
     <span class='ocr_line' id='line_1_20' title="bbox 335 1841 1355 1892; baseline 0.005 -15"><span class='ocrx_word' id='word_1_125' title='bbox 335 1841 408 1877; x_wconf 82' lang='lat' dir='ltr'>Hoc</span> <span class='ocrx_word' id='word_1_126' title='bbox 426 1852 562 1887; x_wconf 72' lang='lat' dir='ltr'>nomen,</span> <span class='ocrx_word' id='word_1_127' title='bbox 581 1844 686 1889; x_wconf 87' lang='lat' dir='ltr'>Deus,</span> <span class='ocrx_word' id='word_1_128' title='bbox 706 1846 877 1890; x_wconf 74' lang='lat' dir='ltr'>supponit</span> <span class='ocrx_word' id='word_1_129' title='bbox 889 1846 1057 1880; x_wconf 77' lang='lat' dir='ltr'>naturam</span> <span class='ocrx_word' id='word_1_130' title='bbox 1076 1849 1107 1881; x_wconf 80' lang='lat' dir='ltr'>et</span> <span class='ocrx_word' id='word_1_131' title='bbox 1121 1848 1355 1892; x_wconf 72' lang='lat' dir='ltr'>suppositum,</span> 
     </span>
     <span class='ocr_line' id='line_1_21' title="bbox 383 1902 1356 1949; baseline 0.007 -13"><span class='ocrx_word' id='word_1_132' title='bbox 383 1903 469 1947; x_wconf 77' lang='lat' dir='ltr'>quia</span> <span class='ocrx_word' id='word_1_133' title='bbox 489 1902 593 1938; x_wconf 72' lang='lat' dir='ltr'>habet</span> <span class='ocrx_word' id='word_1_134' title='bbox 620 1905 790 1939; x_wconf 77' lang='lat' dir='ltr'>naturam</span> <span class='ocrx_word' id='word_1_135' title='bbox 811 1906 956 1940; x_wconf 69' lang='lat' dir='ltr'>termini</span> <span class='ocrx_word' id='word_1_136' title='bbox 975 1908 1186 1949; x_wconf 71' lang='lat' dir='ltr'>communis,</span> <span class='ocrx_word' id='word_1_137' title='bbox 1221 1909 1255 1942; x_wconf 79' lang='lat' dir='ltr'>et</span> <span class='ocrx_word' id='word_1_138' title='bbox 1284 1910 1356 1944; x_wconf 81' lang='lat' dir='ltr'>ter-</span> 
     </span>
     <span class='ocr_line' id='line_1_22' title="bbox 380 1961 648 1999; baseline 0.007 -2"><span class='ocrx_word' id='word_1_139' title='bbox 380 1963 474 1997; x_wconf 77' lang='lat' dir='ltr'>mini</span> <span class='ocrx_word' id='word_1_140' title='bbox 493 1961 648 1999; x_wconf 75' lang='lat' dir='ltr'>discreti.</span> 
     </span>
    </p>
   </div>
   <div class='ocr_carea' id='block_1_5' title="bbox 327 2060 1355 2633">
    <p class='ocr_par' dir='ltr' id='par_1_7' title="bbox 327 2060 1355 2633">
     <span class='ocr_line' id='line_1_23' title="bbox 388 2060 1355 2120; baseline 0.01 -18"><span class='ocrx_word' id='word_1_141' title='bbox 388 2060 509 2115; x_wconf 91' lang='lat' dir='ltr'>Resp.</span> <span class='ocrx_word' id='word_1_142' title='bbox 537 2063 588 2104; x_wconf 86' lang='lat' dir='ltr'>ad</span> <span class='ocrx_word' id='word_1_143' title='bbox 614 2063 716 2116; x_wconf 83' lang='lat' dir='ltr'>Arg.</span> <span class='ocrx_word' id='word_1_144' title='bbox 739 2064 971 2107; x_wconf 86' lang='lat' dir='ltr'>Dicendum</span> <span class='ocrx_word' id='word_1_145' title='bbox 990 2099 1000 2118; x_wconf 82' lang='grc'><strong>,</strong></span> <span class='ocrx_word' id='word_1_146' title='bbox 1030 2069 1143 2120; x_wconf 86' lang='grc' dir='ltr'>(111οᾶ</span> <span class='ocrx_word' id='word_1_147' title='bbox 1162 2069 1232 2111; x_wconf 87' lang='grc'>1110</span> <span class='ocrx_word' id='word_1_148' title='bbox 1251 2082 1355 2112; x_wconf 83' lang='grc'>0011-</span> 
     </span>
     <span class='ocr_line' id='line_1_24' title="bbox 335 2133 1352 2195; baseline 0.011 -22"><span class='ocrx_word' id='word_1_149' title='bbox 335 2133 475 2174; x_wconf 84' lang='lat' dir='ltr'>suevit</span> <span class='ocrx_word' id='word_1_150' title='bbox 493 2145 581 2175; x_wconf 90' lang='lat' dir='ltr'>esse</span> <span class='ocrx_word' id='word_1_151' title='bbox 600 2134 757 2188; x_wconf 81' lang='lat' dir='ltr'>duplex</span> <span class='ocrx_word' id='word_1_152' title='bbox 781 2137 940 2190; x_wconf 91' lang='lat' dir='ltr'>opinio.</span> <span class='ocrx_word' id='word_1_153' title='bbox 968 2137 1059 2180; x_wconf 86' lang='lat' dir='ltr'>Una</span> <span class='ocrx_word' id='word_1_154' title='bbox 1086 2141 1258 2193; x_wconf 83' lang='lat' dir='ltr'>quidem</span> <span class='ocrx_word' id='word_1_155' title='bbox 1277 2146 1352 2195; x_wconf 88' lang='lat' dir='ltr'>est,</span> 
     </span>
     <span class='ocr_line' id='line_1_25' title="bbox 333 2210 1355 2274; baseline 0.012 -24"><span class='ocrx_word' id='word_1_156' title='bbox 333 2210 447 2262; x_wconf 87' lang='lat' dir='ltr'>quod</span> <span class='ocrx_word' id='word_1_157' title='bbox 477 2210 557 2252; x_wconf 89' lang='lat' dir='ltr'>hoc</span> <span class='ocrx_word' id='word_1_158' title='bbox 576 2223 756 2264; x_wconf 91' lang='lat' dir='ltr'>nomen,</span> <span class='ocrx_word' id='word_1_159' title='bbox 785 2214 920 2266; x_wconf 80' lang='lat' dir='ltr'>Deus,</span> <span class='ocrx_word' id='word_1_160' title='bbox 947 2215 1158 2268; x_wconf 79' lang='lat' dir='ltr'>significat</span> <span class='ocrx_word' id='word_1_161' title='bbox 1186 2221 1355 2274; x_wconf 89' lang='lat' dir='ltr'>proprie</span> 
     </span>
     <span class='ocr_line' id='line_1_26' title="bbox 330 2283 1353 2344; baseline 0.015 -24"><span class='ocrx_word' id='word_1_162' title='bbox 330 2283 549 2334; x_wconf 87' lang='lat' dir='ltr'>naturam,</span> <span class='ocrx_word' id='word_1_163' title='bbox 576 2285 617 2324; x_wconf 93' lang='lat' dir='ltr'>et</span> <span class='ocrx_word' id='word_1_164' title='bbox 635 2286 836 2338; x_wconf 83' lang='lat' dir='ltr'>supponit</span> <span class='ocrx_word' id='word_1_165' title='bbox 854 2299 1078 2339; x_wconf 81' lang='lat' dir='ltr'>personam</span> <span class='ocrx_word' id='word_1_166' title='bbox 1096 2302 1104 2330; x_wconf 91' lang='lat'>:</span> <span class='ocrx_word' id='word_1_167' title='bbox 1127 2290 1353 2344; x_wconf 88' lang='lat' dir='ltr'>aliquando</span> 
     </span>
     <span class='ocr_line' id='line_1_27' title="bbox 327 2355 1347 2414; baseline 0.01 -23"><span class='ocrx_word' id='word_1_168' title='bbox 327 2362 483 2404; x_wconf 89' lang='lat' dir='ltr'>unam,</span> <span class='ocrx_word' id='word_1_169' title='bbox 512 2356 562 2394; x_wconf 89' lang='lat' dir='ltr'>ut</span> <span class='ocrx_word' id='word_1_170' title='bbox 590 2366 689 2395; x_wconf 86' lang='lat' dir='ltr'>cum</span> <span class='ocrx_word' id='word_1_171' title='bbox 720 2355 903 2398; x_wconf 85' lang='lat' dir='ltr'>dicitur:</span> <span class='ocrx_word' id='word_1_172' title='bbox 931 2358 1080 2400; x_wconf 89' lang='lat' dir='ltr'>«Deus</span> <span class='ocrx_word' id='word_1_173' title='bbox 1109 2366 1308 2414; x_wconf 82' lang='lat' dir='ltr'>generat3</span> <span class='ocrx_word' id='word_1_174' title='bbox 1329 2379 1347 2401; x_wconf 84' lang='lat'>»</span> 
     </span>
     <span class='ocr_line' id='line_1_28' title="bbox 328 2422 1352 2489; baseline 0.014 -26"><span class='ocrx_word' id='word_1_175' title='bbox 328 2422 554 2476; x_wconf 82' lang='lat' dir='ltr'>aliquando</span> <span class='ocrx_word' id='word_1_176' title='bbox 567 2425 686 2478; x_wconf 88' lang='lat' dir='ltr'>duas,</span> <span class='ocrx_word' id='word_1_177' title='bbox 709 2430 756 2468; x_wconf 88' lang='lat' dir='ltr'>ut</span> <span class='ocrx_word' id='word_1_178' title='bbox 775 2441 872 2469; x_wconf 87' lang='lat' dir='ltr'>cum</span> <span class='ocrx_word' id='word_1_179' title='bbox 896 2430 1053 2472; x_wconf 88' lang='lat' dir='ltr'>dicitur</span> <span class='ocrx_word' id='word_1_180' title='bbox 1076 2447 1084 2474; x_wconf 89' lang='lat'>:</span> <span class='ocrx_word' id='word_1_181' title='bbox 1110 2433 1251 2475; x_wconf 87' lang='lat' dir='ltr'>«Deus</span> <span class='ocrx_word' id='word_1_182' title='bbox 1271 2436 1352 2489; x_wconf 89' lang='lat' dir='ltr'>spi-</span> 
     </span>
     <span class='ocr_line' id='line_1_29' title="bbox 328 2496 1353 2550; baseline 0.015 -15"><span class='ocrx_word' id='word_1_183' title='bbox 328 2496 415 2546; x_wconf 88' lang='lat' dir='ltr'>rat;</span> <span class='ocrx_word' id='word_1_184' title='bbox 436 2509 455 2533; x_wconf 74' lang='lat'>›)</span> <span class='ocrx_word' id='word_1_185' title='bbox 472 2496 699 2550; x_wconf 87' lang='lat' dir='ltr'>aliquando</span> <span class='ocrx_word' id='word_1_186' title='bbox 718 2502 816 2550; x_wconf 90' lang='lat' dir='ltr'>tres,</span> <span class='ocrx_word' id='word_1_187' title='bbox 833 2503 880 2541; x_wconf 87' lang='lat' dir='ltr'>ut</span> <span class='ocrx_word' id='word_1_188' title='bbox 896 2514 995 2542; x_wconf 91' lang='lat' dir='ltr'>cum</span> <span class='ocrx_word' id='word_1_189' title='bbox 1008 2503 1185 2547; x_wconf 88' lang='lat' dir='ltr'>dicitur:</span> <span class='ocrx_word' id='word_1_190' title='bbox 1208 2522 1226 2546; x_wconf 77' lang='lat' dir='ltr'>c(</span> <span class='ocrx_word' id='word_1_191' title='bbox 1244 2507 1353 2550; x_wconf 89' lang='lat' dir='ltr'>Deus</span> 
     </span>
     <span class='ocr_line' id='line_1_30' title="bbox 327 2565 1350 2633; baseline 0.015 -27"><span class='ocrx_word' id='word_1_192' title='bbox 327 2569 389 2608; x_wconf 87' lang='lat' dir='ltr'>est</span> <span class='ocrx_word' id='word_1_193' title='bbox 408 2565 605 2609; x_wconf 78' lang='lat' dir='ltr'>Trinitas.</span> <span class='ocrx_word' id='word_1_194' title='bbox 628 2584 648 2608; x_wconf 74' lang='grc'>1)</span> <span class='ocrx_word' id='word_1_195' title='bbox 667 2569 718 2611; x_wconf 90' lang='grc' dir='ltr'><strong>Εῖ</strong></span> <span class='ocrx_word' id='word_1_196' title='bbox 738 2571 845 2613; x_wconf 92' lang='lat' dir='ltr'>ratio</span> <span class='ocrx_word' id='word_1_197' title='bbox 864 2573 995 2627; x_wconf 71' lang='lat' dir='ltr'>huJus</span> <span class='ocrx_word' id='word_1_198' title='bbox 1015 2579 1099 2628; x_wconf 89' lang='lat' dir='ltr'>est,</span> <span class='ocrx_word' id='word_1_199' title='bbox 1123 2580 1171 2618; x_wconf 90' lang='lat' dir='ltr'>ut</span> <span class='ocrx_word' id='word_1_200' title='bbox 1189 2579 1350 2633; x_wconf 78' lang='lat' dir='ltr'>dicunt,</span> 
     </span>
    </p>
   </div>
   <div class='ocr_carea' id='block_1_6' title="bbox 326 2639 1354 2704">
    <p class='ocr_par' dir='ltr' id='par_1_8' title="bbox 326 2639 1354 2704">
     <span class='ocr_line' id='line_1_31' title="bbox 326 2639 1354 2704; baseline 0.013 -23"><span class='ocrx_word' id='word_1_201' title='bbox 326 2639 452 2692; x_wconf 90' lang='lat' dir='ltr'>quia,</span> <span class='ocrx_word' id='word_1_202' title='bbox 483 2652 582 2683; x_wconf 91' lang='lat' dir='ltr'>cum</span> <span class='ocrx_word' id='word_1_203' title='bbox 607 2642 741 2685; x_wconf 85' lang='lat' dir='ltr'>multa</span> <span class='ocrx_word' id='word_1_204' title='bbox 767 2646 983 2699; x_wconf 89' lang='lat' dir='ltr'>supposita</span> <span class='ocrx_word' id='word_1_205' title='bbox 1011 2648 1189 2704; x_wconf 83' lang='lat' dir='ltr'>habeat,</span> <span class='ocrx_word' id='word_1_206' title='bbox 1226 2652 1354 2696; x_wconf 86' lang='lat' dir='ltr'>habet</span> 
     </span>
    </p>
   </div>
   <div class='ocr_carea' id='block_1_7' title="bbox 2402 357 2453 394">
    <p class='ocr_par' dir='ltr' id='par_1_9' title="bbox 2402 357 2453 394">
     <span class='ocr_line' id='line_1_32' title="bbox 2402 357 2453 394; baseline 0 0"><span class='ocrx_word' id='word_1_207' title='bbox 2402 357 2453 394; x_wconf 75' lang='lat'>99</span> 
     </span>
    </p>
   </div>
   <div class='ocr_carea' id='block_1_8' title="bbox 1426 441 2461 2576">
    <p class='ocr_par' dir='ltr' id='par_1_10' title="bbox 1426 441 2461 2576">
     <span class='ocr_line' id='line_1_33' title="bbox 1432 441 2454 485; baseline 0.003 -2"><span class='ocrx_word' id='word_1_208' title='bbox 1432 444 1632 483; x_wconf 87' lang='lat' dir='ltr'>naturam</span> <span class='ocrx_word' id='word_1_209' title='bbox 1665 441 1831 482; x_wconf 85' lang='lat' dir='ltr'>termini</span> <span class='ocrx_word' id='word_1_210' title='bbox 1861 442 2100 483; x_wconf 90' lang='lat' dir='ltr'>communis</span> <span class='ocrx_word' id='word_1_211' title='bbox 2122 458 2131 484; x_wconf 77' lang='lat' dir='ltr'>z</span> <span class='ocrx_word' id='word_1_212' title='bbox 2152 444 2359 485; x_wconf 90' lang='lat' dir='ltr'>terminus</span> <span class='ocrx_word' id='word_1_213' title='bbox 2375 456 2454 485; x_wconf 89' lang='lat' dir='ltr'>au-</span> 
     </span>
     <span class='ocr_line' id='line_1_34' title="bbox 1434 513 2454 568; baseline 0.001 -14"><span class='ocrx_word' id='word_1_214' title='bbox 1434 515 1520 555; x_wconf 85' lang='lat' dir='ltr'>tem</span> <span class='ocrx_word' id='word_1_215' title='bbox 1539 513 1778 554; x_wconf 89' lang='lat' dir='ltr'>communis</span> <span class='ocrx_word' id='word_1_216' title='bbox 1808 513 1975 567; x_wconf 91' lang='lat' dir='ltr'>proprie</span> <span class='ocrx_word' id='word_1_217' title='bbox 1996 515 2194 568; x_wconf 81' lang='lat' dir='ltr'>supponit</span> <span class='ocrx_word' id='word_1_218' title='bbox 2211 528 2286 568; x_wconf 90' lang='lat' dir='ltr'>pro</span> <span class='ocrx_word' id='word_1_219' title='bbox 2304 515 2454 557; x_wconf 87' lang='lat' dir='ltr'>indivi-</span> 
     </span>
     <span class='ocr_line' id='line_1_35' title="bbox 1432 585 2456 639; baseline 0.002 -14"><span class='ocrx_word' id='word_1_220' title='bbox 1432 585 1517 626; x_wconf 92' lang='lat' dir='ltr'>duo</span> <span class='ocrx_word' id='word_1_221' title='bbox 1537 598 1546 626; x_wconf 79' lang='grc' dir='ltr'>ε</span> <span class='ocrx_word' id='word_1_222' title='bbox 1569 598 1644 638; x_wconf 87' lang='lat' dir='ltr'>pro</span> <span class='ocrx_word' id='word_1_223' title='bbox 1670 588 1823 626; x_wconf 88' lang='lat' dir='ltr'>natura</span> <span class='ocrx_word' id='word_1_224' title='bbox 1842 597 1964 635; x_wconf 82' lang='lat' dir='ltr'>vero,</span> <span class='ocrx_word' id='word_1_225' title='bbox 1989 586 2057 627; x_wconf 84' lang='lat' dir='ltr'>vel</span> <span class='ocrx_word' id='word_1_226' title='bbox 2084 599 2160 639; x_wconf 94' lang='lat' dir='ltr'>pro</span> <span class='ocrx_word' id='word_1_227' title='bbox 2182 587 2340 637; x_wconf 86' lang='lat' dir='ltr'>forma,</span> <span class='ocrx_word' id='word_1_228' title='bbox 2369 599 2456 628; x_wconf 92' lang='lat' dir='ltr'>non</span> 
     </span>
     <span class='ocr_line' id='line_1_36' title="bbox 1432 657 2455 710; baseline 0.001 -13"><span class='ocrx_word' id='word_1_229' title='bbox 1432 657 1645 710; x_wconf 83' lang='lat' dir='ltr'>supponit,</span> <span class='ocrx_word' id='word_1_230' title='bbox 1663 657 1743 697; x_wconf 90' lang='lat' dir='ltr'>nisi</span> <span class='ocrx_word' id='word_1_231' title='bbox 1763 657 1971 707; x_wconf 74' lang='lat' dir='ltr'>trahatur,</span> <span class='ocrx_word' id='word_1_232' title='bbox 1989 660 2035 698; x_wconf 85' lang='lat' dir='ltr'>ut</span> <span class='ocrx_word' id='word_1_233' title='bbox 2051 658 2085 697; x_wconf 89' lang='lat' dir='ltr'>si</span> <span class='ocrx_word' id='word_1_234' title='bbox 2104 658 2320 699; x_wconf 87' lang='lat' dir='ltr'>dicamus:</span> <span class='ocrx_word' id='word_1_235' title='bbox 2340 674 2358 696; x_wconf 78' lang='lat'>(‹</span> <span class='ocrx_word' id='word_1_236' title='bbox 2370 658 2455 698; x_wconf 85' lang='lat' dir='ltr'>Ho-</span> 
     </span>
     <span class='ocr_line' id='line_1_37' title="bbox 1431 727 2452 782; baseline 0.001 -13"><span class='ocrx_word' id='word_1_237' title='bbox 1431 740 1502 769; x_wconf 90' lang='lat' dir='ltr'>mo</span> <span class='ocrx_word' id='word_1_238' title='bbox 1530 731 1591 769; x_wconf 90' lang='lat' dir='ltr'>est</span> <span class='ocrx_word' id='word_1_239' title='bbox 1618 729 1790 781; x_wconf 87' lang='lat' dir='ltr'>species.</span> <span class='ocrx_word' id='word_1_240' title='bbox 1824 743 1842 765; x_wconf 81' lang='grc'>»</span> <span class='ocrx_word' id='word_1_241' title='bbox 1874 727 1941 769; x_wconf 85' lang='lat' dir='ltr'>Sic</span> <span class='ocrx_word' id='word_1_242' title='bbox 1971 728 2118 769; x_wconf 87' lang='lat' dir='ltr'>dicunt</span> <span class='ocrx_word' id='word_1_243' title='bbox 2146 729 2190 769; x_wconf 89' lang='lat' dir='ltr'>in</span> <span class='ocrx_word' id='word_1_244' title='bbox 2224 730 2452 782; x_wconf 89' lang='lat' dir='ltr'>proposito.</span> 
     </span>
     <span class='ocr_line' id='line_1_38' title="bbox 1432 798 2457 853; baseline 0 -13"><span class='ocrx_word' id='word_1_245' title='bbox 1432 798 1614 841; x_wconf 84' lang='lat' dir='ltr'>Ulterius</span> <span class='ocrx_word' id='word_1_246' title='bbox 1641 799 1787 840; x_wconf 88' lang='lat' dir='ltr'>dicunt</span> <span class='ocrx_word' id='word_1_247' title='bbox 1806 800 1940 852; x_wconf 89' lang='lat' dir='ltr'>quod,</span> <span class='ocrx_word' id='word_1_248' title='bbox 1961 799 2061 852; x_wconf 87' lang='lat' dir='ltr'>quia</span> <span class='ocrx_word' id='word_1_249' title='bbox 2079 800 2294 853; x_wconf 88' lang='lat' dir='ltr'>supposita</span> <span class='ocrx_word' id='word_1_250' title='bbox 2313 800 2457 840; x_wconf 87' lang='lat' dir='ltr'>omnia</span> 
     </span>
     <span class='ocr_line' id='line_1_39' title="bbox 1430 870 2457 923; baseline -0.001 -12"><span class='ocrx_word' id='word_1_251' title='bbox 1430 874 1529 912; x_wconf 91' lang='lat' dir='ltr'>sunt</span> <span class='ocrx_word' id='word_1_252' title='bbox 1552 871 1596 911; x_wconf 90' lang='lat' dir='ltr'>in</span> <span class='ocrx_word' id='word_1_253' title='bbox 1618 871 1688 911; x_wconf 90' lang='lat' dir='ltr'>illo</span> <span class='ocrx_word' id='word_1_254' title='bbox 1722 870 1849 911; x_wconf 83' lang='lat' dir='ltr'>unica</span> <span class='ocrx_word' id='word_1_255' title='bbox 1880 871 2190 923; x_wconf 83' lang='lat' dir='ltr'>suppositione3</span> <span class='ocrx_word' id='word_1_256' title='bbox 2211 871 2304 911; x_wconf 89' lang='lat' dir='ltr'>ideo</span> <span class='ocrx_word' id='word_1_257' title='bbox 2329 870 2457 911; x_wconf 88' lang='lat' dir='ltr'>simul</span> 
     </span>
     <span class='ocr_line' id='line_1_40' title="bbox 1430 941 2456 995; baseline 0 -13"><span class='ocrx_word' id='word_1_258' title='bbox 1430 945 1566 995; x_wconf 90' lang='lat' dir='ltr'>potest</span> <span class='ocrx_word' id='word_1_259' title='bbox 1584 954 1824 995; x_wconf 86' lang='lat' dir='ltr'>supponere</span> <span class='ocrx_word' id='word_1_260' title='bbox 1845 954 1921 994; x_wconf 91' lang='lat' dir='ltr'>pro</span> <span class='ocrx_word' id='word_1_261' title='bbox 1951 941 2097 982; x_wconf 89' lang='lat' dir='ltr'>multis</span> <span class='ocrx_word' id='word_1_262' title='bbox 2115 941 2304 994; x_wconf 88' lang='lat' dir='ltr'>personis</span> <span class='ocrx_word' id='word_1_263' title='bbox 2317 973 2328 992; x_wconf 89' lang='lat'>,</span> <span class='ocrx_word' id='word_1_264' title='bbox 2361 941 2456 982; x_wconf 87' lang='lat' dir='ltr'>licet</span> 
     </span>
     <span class='ocr_line' id='line_1_41' title="bbox 1430 1013 2458 1067; baseline -0.001 -14"><span class='ocrx_word' id='word_1_265' title='bbox 1430 1013 1533 1054; x_wconf 89' lang='lat' dir='ltr'>illud</span> <span class='ocrx_word' id='word_1_266' title='bbox 1553 1026 1638 1054; x_wconf 91' lang='lat' dir='ltr'>non</span> <span class='ocrx_word' id='word_1_267' title='bbox 1651 1013 1780 1067; x_wconf 87' lang='lat' dir='ltr'>possit</span> <span class='ocrx_word' id='word_1_268' title='bbox 1793 1013 1869 1054; x_wconf 90' lang='lat' dir='ltr'>iste</span> <span class='ocrx_word' id='word_1_269' title='bbox 1882 1013 2103 1064; x_wconf 83' lang='lat' dir='ltr'>terminus,</span> <span class='ocrx_word' id='word_1_270' title='bbox 2120 1014 2255 1063; x_wconf 71' lang='lat' dir='ltr'>homo,</span> <span class='ocrx_word' id='word_1_271' title='bbox 2270 1013 2336 1055; x_wconf 88' lang='lat' dir='ltr'>vel</span> <span class='ocrx_word' id='word_1_272' title='bbox 2351 1013 2458 1054; x_wconf 88' lang='lat' dir='ltr'>alius</span> 
     </span>
     <span class='ocr_line' id='line_1_42' title="bbox 1430 1084 2458 1138; baseline -0.002 -12"><span class='ocrx_word' id='word_1_273' title='bbox 1430 1085 1638 1126; x_wconf 88' lang='lat' dir='ltr'>terminus</span> <span class='ocrx_word' id='word_1_274' title='bbox 1669 1085 1909 1126; x_wconf 88' lang='lat' dir='ltr'>communis</span> <span class='ocrx_word' id='word_1_275' title='bbox 1930 1098 1940 1136; x_wconf 82' lang='lat'><em>3</em></span> <span class='ocrx_word' id='word_1_276' title='bbox 1968 1087 2010 1126; x_wconf 90' lang='lat' dir='ltr'>et</span> <span class='ocrx_word' id='word_1_277' title='bbox 2039 1086 2097 1125; x_wconf 86' lang='lat' dir='ltr'>sic</span> <span class='ocrx_word' id='word_1_278' title='bbox 2122 1085 2292 1127; x_wconf 87' lang='lat' dir='ltr'>solvunt</span> <span class='ocrx_word' id='word_1_279' title='bbox 2309 1084 2357 1138; x_wconf 87' lang='lat' dir='ltr'>(b)</span> <span class='ocrx_word' id='word_1_280' title='bbox 2381 1085 2458 1125; x_wconf 87' lang='grc'>011-</span> 
     </span>
     <span class='ocr_line' id='line_1_43' title="bbox 1426 1157 2458 1211; baseline -0.001 -13"><span class='ocrx_word' id='word_1_281' title='bbox 1426 1159 1554 1211; x_wconf 72' lang='lat' dir='ltr'>Jecta.</span> <span class='ocrx_word' id='word_1_282' title='bbox 1576 1157 1669 1198; x_wconf 90' lang='lat' dir='ltr'>Alia</span> <span class='ocrx_word' id='word_1_283' title='bbox 1687 1158 1829 1211; x_wconf 89' lang='lat' dir='ltr'>opinio</span> <span class='ocrx_word' id='word_1_284' title='bbox 1853 1160 1928 1209; x_wconf 87' lang='lat' dir='ltr'>est,</span> <span class='ocrx_word' id='word_1_285' title='bbox 1947 1158 2059 1210; x_wconf 91' lang='lat' dir='ltr'>quod</span> <span class='ocrx_word' id='word_1_286' title='bbox 2074 1157 2242 1211; x_wconf 85' lang='lat' dir='ltr'>proprie</span> <span class='ocrx_word' id='word_1_287' title='bbox 2258 1157 2458 1210; x_wconf 87' lang='lat' dir='ltr'>supponit</span> 
     </span>
     <span class='ocr_line' id='line_1_44' title="bbox 1430 1229 2458 1282; baseline -0.001 -12"><span class='ocrx_word' id='word_1_288' title='bbox 1430 1232 1653 1281; x_wconf 85' lang='lat' dir='ltr'>naturam,</span> <span class='ocrx_word' id='word_1_289' title='bbox 1680 1229 1790 1270; x_wconf 89' lang='lat' dir='ltr'>sicut</span> <span class='ocrx_word' id='word_1_290' title='bbox 1817 1229 2051 1281; x_wconf 83' lang='lat' dir='ltr'>significat,</span> <span class='ocrx_word' id='word_1_291' title='bbox 2077 1232 2118 1270; x_wconf 87' lang='lat' dir='ltr'>et</span> <span class='ocrx_word' id='word_1_292' title='bbox 2143 1241 2230 1270; x_wconf 91' lang='lat' dir='ltr'>non</span> <span class='ocrx_word' id='word_1_293' title='bbox 2256 1229 2458 1282; x_wconf 88' lang='lat' dir='ltr'>supponit</span> 
     </span>
     <span class='ocr_line' id='line_1_45' title="bbox 1430 1300 2457 1353; baseline 0 -12"><span class='ocrx_word' id='word_1_294' title='bbox 1430 1312 1654 1353; x_wconf 82' lang='lat' dir='ltr'>personam</span> <span class='ocrx_word' id='word_1_295' title='bbox 1667 1334 1678 1353; x_wconf 92' lang='lat'>,</span> <span class='ocrx_word' id='word_1_296' title='bbox 1699 1301 1780 1341; x_wconf 88' lang='lat' dir='ltr'>nisi</span> <span class='ocrx_word' id='word_1_297' title='bbox 1796 1301 1990 1342; x_wconf 89' lang='lat' dir='ltr'>trahatur</span> <span class='ocrx_word' id='word_1_298' title='bbox 2009 1301 2061 1341; x_wconf 85' lang='lat' dir='ltr'>ab</span> <span class='ocrx_word' id='word_1_299' title='bbox 2078 1300 2175 1352; x_wconf 92' lang='lat' dir='ltr'>alio,</span> <span class='ocrx_word' id='word_1_300' title='bbox 2198 1303 2246 1341; x_wconf 90' lang='lat' dir='ltr'>ut</span> <span class='ocrx_word' id='word_1_301' title='bbox 2265 1313 2364 1342; x_wconf 90' lang='lat' dir='ltr'>cum</span> <span class='ocrx_word' id='word_1_302' title='bbox 2386 1301 2457 1342; x_wconf 90' lang='lat' dir='ltr'>di·-</span> 
     </span>
     <span class='ocr_line' id='line_1_46' title="bbox 1431 1372 2455 1426; baseline 0.001 -14"><span class='ocrx_word' id='word_1_303' title='bbox 1431 1372 1539 1413; x_wconf 85' lang='lat' dir='ltr'>citur</span> <span class='ocrx_word' id='word_1_304' title='bbox 1562 1388 1570 1414; x_wconf 91' lang='lat'>:</span> <span class='ocrx_word' id='word_1_305' title='bbox 1597 1389 1615 1412; x_wconf 75' lang='grc' dir='ltr'>(ι</span> <span class='ocrx_word' id='word_1_306' title='bbox 1634 1373 1742 1414; x_wconf 89' lang='lat' dir='ltr'>Deus</span> <span class='ocrx_word' id='word_1_307' title='bbox 1770 1376 1968 1425; x_wconf 80' lang='lat' dir='ltr'>generat3</span> <span class='ocrx_word' id='word_1_308' title='bbox 1994 1388 2013 1411; x_wconf 88' lang='lat'>»</span> <span class='ocrx_word' id='word_1_309' title='bbox 2036 1376 2076 1413; x_wconf 92' lang='lat' dir='ltr'>et</span> <span class='ocrx_word' id='word_1_310' title='bbox 2094 1373 2139 1412; x_wconf 89' lang='lat' dir='ltr'>hi</span> <span class='ocrx_word' id='word_1_311' title='bbox 2169 1372 2317 1413; x_wconf 88' lang='lat' dir='ltr'>dicunt</span> <span class='ocrx_word' id='word_1_312' title='bbox 2340 1373 2455 1426; x_wconf 83' lang='lat' dir='ltr'>quod</span> 
     </span>
     <span class='ocr_line' id='line_1_47' title="bbox 1430 1443 2459 1497; baseline -0.001 -12"><span class='ocrx_word' id='word_1_313' title='bbox 1430 1457 1530 1485; x_wconf 90' lang='lat' dir='ltr'>cum</span> <span class='ocrx_word' id='word_1_314' title='bbox 1557 1445 1726 1497; x_wconf 84' lang='lat' dir='ltr'>dicitur,</span> <span class='ocrx_word' id='word_1_315' title='bbox 1759 1444 1907 1486; x_wconf 84' lang='lat' dir='ltr'>«Deus</span> <span class='ocrx_word' id='word_1_316' title='bbox 1936 1447 1997 1485; x_wconf 91' lang='lat' dir='ltr'>est</span> <span class='ocrx_word' id='word_1_317' title='bbox 2017 1443 2223 1494; x_wconf 82' lang='lat' dir='ltr'>Trinitas,</span> <span class='ocrx_word' id='word_1_318' title='bbox 2245 1459 2264 1482; x_wconf 90' lang='lat'>»</span> <span class='ocrx_word' id='word_1_319' title='bbox 2290 1444 2349 1484; x_wconf 88' lang='lat' dir='ltr'>ibi</span> <span class='ocrx_word' id='word_1_320' title='bbox 2378 1446 2459 1484; x_wconf 89' lang='lat' dir='ltr'>stat</span> 
     </span>
     <span class='ocr_line' id='line_1_48' title="bbox 1430 1518 2460 1570; baseline -0.001 -14"><span class='ocrx_word' id='word_1_321' title='bbox 1430 1528 1507 1568; x_wconf 90' lang='lat' dir='ltr'>pro</span> <span class='ocrx_word' id='word_1_322' title='bbox 1525 1520 1692 1567; x_wconf 86' lang='lat' dir='ltr'>natura,</span> <span class='ocrx_word' id='word_1_323' title='bbox 1714 1529 1800 1557; x_wconf 88' lang='lat' dir='ltr'>non</span> <span class='ocrx_word' id='word_1_324' title='bbox 1820 1529 1896 1570; x_wconf 89' lang='lat' dir='ltr'>pro</span> <span class='ocrx_word' id='word_1_325' title='bbox 1917 1528 2118 1569; x_wconf 85' lang='lat' dir='ltr'>persona:</span> <span class='ocrx_word' id='word_1_326' title='bbox 2139 1519 2180 1557; x_wconf 86' lang='lat' dir='ltr'>et</span> <span class='ocrx_word' id='word_1_327' title='bbox 2198 1529 2286 1557; x_wconf 90' lang='lat' dir='ltr'>una</span> <span class='ocrx_word' id='word_1_328' title='bbox 2306 1518 2460 1556; x_wconf 90' lang='lat' dir='ltr'>natura</span> 
     </span>
     <span class='ocr_line' id='line_1_49' title="bbox 1431 1586 2459 1642; baseline 0.001 -15"><span class='ocrx_word' id='word_1_329' title='bbox 1431 1590 1491 1628; x_wconf 88' lang='grc' dir='ltr'>θεῖ</span> <span class='ocrx_word' id='word_1_330' title='bbox 1514 1590 1597 1629; x_wconf 91' lang='lat' dir='ltr'>tres</span> <span class='ocrx_word' id='word_1_331' title='bbox 1616 1601 1806 1642; x_wconf 81' lang='lat' dir='ltr'>personae</span> <span class='ocrx_word' id='word_1_332' title='bbox 1832 1604 1840 1629; x_wconf 92' lang='grc'>;</span> <span class='ocrx_word' id='word_1_333' title='bbox 1866 1588 1959 1629; x_wconf 87' lang='lat' dir='ltr'>ideo</span> <span class='ocrx_word' id='word_1_334' title='bbox 1986 1601 2088 1630; x_wconf 87' lang='lat' dir='ltr'>vera</span> <span class='ocrx_word' id='word_1_335' title='bbox 2119 1591 2181 1629; x_wconf 87' lang='lat' dir='ltr'>est</span> <span class='ocrx_word' id='word_1_336' title='bbox 2212 1588 2383 1629; x_wconf 86' lang='lat' dir='ltr'>locutio.</span> <span class='ocrx_word' id='word_1_337' title='bbox 2407 1586 2459 1628; x_wconf 90' lang='lat' dir='ltr'>Et</span> 
     </span>
     <span class='ocr_line' id='line_1_50' title="bbox 1430 1659 2458 1713; baseline 0.001 -14"><span class='ocrx_word' id='word_1_338' title='bbox 1430 1659 1537 1700; x_wconf 89' lang='lat' dir='ltr'>ratio</span> <span class='ocrx_word' id='word_1_339' title='bbox 1563 1660 1694 1713; x_wconf 86' lang='lat' dir='ltr'>hujus</span> <span class='ocrx_word' id='word_1_340' title='bbox 1720 1660 1938 1713; x_wconf 87' lang='lat' dir='ltr'>positionis</span> <span class='ocrx_word' id='word_1_341' title='bbox 1962 1662 2048 1709; x_wconf 90' lang='grc' dir='ltr'><strong>θεῖ,</strong></span> <span class='ocrx_word' id='word_1_342' title='bbox 2070 1659 2171 1713; x_wconf 90' lang='lat' dir='ltr'>quia</span> <span class='ocrx_word' id='word_1_343' title='bbox 2188 1660 2268 1700; x_wconf 87' lang='lat' dir='ltr'>hoc</span> <span class='ocrx_word' id='word_1_344' title='bbox 2284 1671 2458 1711; x_wconf 82' lang='lat' dir='ltr'>nomen,</span> 
     </span>
     <span class='ocr_line' id='line_1_51' title="bbox 1431 1730 2459 1783; baseline 0.001 -12"><span class='ocrx_word' id='word_1_345' title='bbox 1431 1730 1542 1772; x_wconf 80' lang='lat' dir='ltr'>Deus</span> <span class='ocrx_word' id='word_1_346' title='bbox 1561 1763 1570 1779; x_wconf 90' lang='lat'>,</span> <span class='ocrx_word' id='word_1_347' title='bbox 1602 1731 1729 1772; x_wconf 84' lang='lat' dir='ltr'>habet</span> <span class='ocrx_word' id='word_1_348' title='bbox 1748 1733 1946 1772; x_wconf 88' lang='lat' dir='ltr'>naturam</span> <span class='ocrx_word' id='word_1_349' title='bbox 1965 1731 2136 1772; x_wconf 85' lang='lat' dir='ltr'>termini</span> <span class='ocrx_word' id='word_1_350' title='bbox 2156 1731 2338 1783; x_wconf 88' lang='lat' dir='ltr'>discreti,</span> <span class='ocrx_word' id='word_1_351' title='bbox 2361 1744 2459 1773; x_wconf 88' lang='lat' dir='ltr'>cum</span> 
     </span>
     <span class='ocr_line' id='line_1_52' title="bbox 1431 1801 2460 1856; baseline 0.004 -16"><span class='ocrx_word' id='word_1_352' title='bbox 1431 1812 1519 1841; x_wconf 90' lang='lat' dir='ltr'>non</span> <span class='ocrx_word' id='word_1_353' title='bbox 1537 1801 1689 1842; x_wconf 83' lang='lat' dir='ltr'>habeat</span> <span class='ocrx_word' id='word_1_354' title='bbox 1708 1802 1870 1856; x_wconf 85' lang='lat' dir='ltr'>plurale</span> <span class='ocrx_word' id='word_1_355' title='bbox 1893 1834 1902 1843; x_wconf 85' lang='lat'>.</span> <span class='ocrx_word' id='word_1_356' title='bbox 1924 1803 2018 1844; x_wconf 88' lang='lat' dir='ltr'>ideo</span> <span class='ocrx_word' id='word_1_357' title='bbox 2043 1802 2155 1843; x_wconf 90' lang='lat' dir='ltr'>idem</span> <span class='ocrx_word' id='word_1_358' title='bbox 2173 1803 2396 1855; x_wconf 80' lang='lat' dir='ltr'>significat,</span> <span class='ocrx_word' id='word_1_359' title='bbox 2420 1806 2460 1844; x_wconf 88' lang='lat' dir='ltr'>et</span> 
     </span>
     <span class='ocr_line' id='line_1_53' title="bbox 1430 1873 2460 1928; baseline 0.004 -16"><span class='ocrx_word' id='word_1_360' title='bbox 1430 1873 1630 1926; x_wconf 84' lang='lat' dir='ltr'>supponit</span> <span class='ocrx_word' id='word_1_361' title='bbox 1650 1875 1819 1928; x_wconf 91' lang='lat' dir='ltr'>proprie</span> <span class='ocrx_word' id='word_1_362' title='bbox 1837 1888 1846 1916; x_wconf 90' lang='lat'><strong>:</strong></span> <span class='ocrx_word' id='word_1_363' title='bbox 1865 1888 1965 1916; x_wconf 85' lang='lat' dir='ltr'>cum</span> <span class='ocrx_word' id='word_1_364' title='bbox 1986 1888 2090 1928; x_wconf 79' lang='lat' dir='ltr'>ergo</span> <span class='ocrx_word' id='word_1_365' title='bbox 2111 1875 2321 1928; x_wconf 79' lang='lat' dir='ltr'>significet</span> <span class='ocrx_word' id='word_1_366' title='bbox 2338 1878 2460 1916; x_wconf 86' lang='lat' dir='ltr'>natu-</span> 
     </span>
     <span class='ocr_line' id='line_1_54' title="bbox 1430 1945 2461 2000; baseline 0.003 -17"><span class='ocrx_word' id='word_1_367' title='bbox 1430 1955 1537 1995; x_wconf 89' lang='lat' dir='ltr'>ram,</span> <span class='ocrx_word' id='word_1_368' title='bbox 1567 1945 1683 1986; x_wconf 88' lang='lat' dir='ltr'>illam</span> <span class='ocrx_word' id='word_1_369' title='bbox 1702 1946 1871 1999; x_wconf 62' lang='lat' dir='ltr'>propi-le</span> <span class='ocrx_word' id='word_1_370' title='bbox 1891 1946 2104 2000; x_wconf 89' lang='lat' dir='ltr'>supponit.</span> <span class='ocrx_word' id='word_1_371' title='bbox 2129 1946 2208 1988; x_wconf 85' lang='lat' dir='ltr'>Sed</span> <span class='ocrx_word' id='word_1_372' title='bbox 2228 1946 2380 1987; x_wconf 90' lang='lat' dir='ltr'>melius</span> <span class='ocrx_word' id='word_1_373' title='bbox 2399 1949 2461 1988; x_wconf 91' lang='lat' dir='ltr'>est</span> 
     </span>
     <span class='ocr_line' id='line_1_55' title="bbox 1430 2015 2461 2072; baseline 0.005 -17"><span class='ocrx_word' id='word_1_374' title='bbox 1430 2015 1566 2057; x_wconf 89' lang='lat' dir='ltr'>dicere</span> <span class='ocrx_word' id='word_1_375' title='bbox 1595 2020 1829 2071; x_wconf 82' lang='lat' dir='ltr'>utrumque</span> <span class='ocrx_word' id='word_1_376' title='bbox 1846 2051 1856 2070; x_wconf 83' lang='lat'>,</span> <span class='ocrx_word' id='word_1_377' title='bbox 1888 2019 1987 2072; x_wconf 87' lang='lat' dir='ltr'>quia</span> <span class='ocrx_word' id='word_1_378' title='bbox 2016 2019 2142 2059; x_wconf 83' lang='lat' dir='ltr'>hahet</span> <span class='ocrx_word' id='word_1_379' title='bbox 2160 2021 2359 2060; x_wconf 86' lang='lat' dir='ltr'>naturam</span> <span class='ocrx_word' id='word_1_380' title='bbox 2374 2022 2461 2060; x_wconf 87' lang='lat' dir='ltr'>ter-</span> 
     </span>
     <span class='ocr_line' id='line_1_56' title="bbox 1430 2087 2460 2140; baseline 0.006 -14"><span class='ocrx_word' id='word_1_381' title='bbox 1430 2087 1535 2128; x_wconf 89' lang='lat' dir='ltr'>mini</span> <span class='ocrx_word' id='word_1_382' title='bbox 1556 2090 1810 2140; x_wconf 81' lang='lat' dir='ltr'>communis,</span> <span class='ocrx_word' id='word_1_383' title='bbox 1832 2094 1872 2132; x_wconf 89' lang='lat' dir='ltr'>et</span> <span class='ocrx_word' id='word_1_384' title='bbox 1891 2091 2063 2132; x_wconf 85' lang='lat' dir='ltr'>termini</span> <span class='ocrx_word' id='word_1_385' title='bbox 2079 2091 2243 2132; x_wconf 87' lang='lat' dir='ltr'>discreti</span> <span class='ocrx_word' id='word_1_386' title='bbox 2262 2106 2271 2132; x_wconf 78' lang='lat' dir='ltr'>t</span> <span class='ocrx_word' id='word_1_387' title='bbox 2289 2092 2460 2132; x_wconf 87' lang='lat' dir='ltr'>termini</span> 
     </span>
     <span class='ocr_line' id='line_1_57' title="bbox 1430 2161 2458 2217; baseline 0.006 -18"><span class='ocrx_word' id='word_1_388' title='bbox 1430 2161 1672 2201; x_wconf 85' lang='lat' dir='ltr'>communis</span> <span class='ocrx_word' id='word_1_389' title='bbox 1688 2194 1697 2212; x_wconf 91' lang='lat'>,</span> <span class='ocrx_word' id='word_1_390' title='bbox 1718 2165 1889 2215; x_wconf 87' lang='lat' dir='ltr'>propter</span> <span class='ocrx_word' id='word_1_391' title='bbox 1908 2162 2193 2216; x_wconf 83' lang='lat' dir='ltr'>pluralitatem</span> <span class='ocrx_word' id='word_1_392' title='bbox 2219 2164 2458 2217; x_wconf 88' lang='lat' dir='ltr'>supposito—</span> 
     </span>
     <span class='ocr_line' id='line_1_58' title="bbox 1429 2233 2461 2286; baseline 0.005 -15"><span class='ocrx_word' id='word_1_393' title='bbox 1429 2243 1526 2272; x_wconf 88' lang='lat' dir='ltr'>rum</span> <span class='ocrx_word' id='word_1_394' title='bbox 1543 2246 1553 2282; x_wconf 86' lang='lat'>;</span> <span class='ocrx_word' id='word_1_395' title='bbox 1576 2233 1747 2274; x_wconf 87' lang='lat' dir='ltr'>termini</span> <span class='ocrx_word' id='word_1_396' title='bbox 1778 2234 1969 2286; x_wconf 86' lang='lat' dir='ltr'>discreti,</span> <span class='ocrx_word' id='word_1_397' title='bbox 2006 2235 2168 2276; x_wconf 85' lang='lat' dir='ltr'>ratione</span> <span class='ocrx_word' id='word_1_398' title='bbox 2194 2236 2341 2276; x_wconf 82' lang='lat' dir='ltr'>formae</span> <span class='ocrx_word' id='word_1_399' title='bbox 2374 2247 2461 2276; x_wconf 91' lang='lat' dir='ltr'>non</span> 
     </span>
     <span class='ocr_line' id='line_1_59' title="bbox 1431 2303 2456 2360; baseline 0.004 -17"><span class='ocrx_word' id='word_1_400' title='bbox 1431 2303 1763 2358; x_wconf 87' lang='lat' dir='ltr'>multiplicabilis</span> <span class='ocrx_word' id='word_1_401' title='bbox 1786 2307 1909 2348; x_wconf 88' lang='lat' dir='ltr'>:ideo</span> <span class='ocrx_word' id='word_1_402' title='bbox 1938 2307 2109 2360; x_wconf 88' lang='lat' dir='ltr'>proprie</span> <span class='ocrx_word' id='word_1_403' title='bbox 2138 2307 2338 2360; x_wconf 87' lang='lat' dir='ltr'>supponit</span> <span class='ocrx_word' id='word_1_404' title='bbox 2372 2310 2456 2347; x_wconf 89' lang='lat' dir='ltr'>tam</span> 
     </span>
     <span class='ocr_line' id='line_1_60' title="bbox 1428 2377 2460 2432; baseline 0.005 -17"><span class='ocrx_word' id='word_1_405' title='bbox 1428 2377 1626 2417; x_wconf 86' lang='lat' dir='ltr'>naturam</span> <span class='ocrx_word' id='word_1_406' title='bbox 1640 2409 1650 2428; x_wconf 81' lang='grc'><strong>,</strong></span> <span class='ocrx_word' id='word_1_407' title='bbox 1684 2391 1814 2431; x_wconf 89' lang='lat' dir='ltr'>quam</span> <span class='ocrx_word' id='word_1_408' title='bbox 1840 2391 2065 2432; x_wconf 89' lang='lat' dir='ltr'>personam</span> <span class='ocrx_word' id='word_1_409' title='bbox 2084 2393 2093 2429; x_wconf 93' lang='lat'>;</span> <span class='ocrx_word' id='word_1_410' title='bbox 2114 2382 2255 2420; x_wconf 86' lang='lat' dir='ltr'>tamen</span> <span class='ocrx_word' id='word_1_411' title='bbox 2277 2379 2460 2420; x_wconf 87' lang='lat' dir='ltr'>rationes</span> 
     </span>
     <span class='ocr_line' id='line_1_61' title="bbox 1427 2446 2458 2503; baseline 0.007 -17"><span class='ocrx_word' id='word_1_412' title='bbox 1427 2446 1479 2487; x_wconf 83' lang='lat' dir='ltr'>ad</span> <span class='ocrx_word' id='word_1_413' title='bbox 1500 2449 1728 2501; x_wconf 86' lang='lat' dir='ltr'>utramque</span> <span class='ocrx_word' id='word_1_414' title='bbox 1748 2453 1912 2503; x_wconf 89' lang='lat' dir='ltr'>partem</span> <span class='ocrx_word' id='word_1_415' title='bbox 1932 2451 2192 2493; x_wconf 86' lang='lat' dir='ltr'>concludunt</span> <span class='ocrx_word' id='word_1_416' title='bbox 2211 2464 2362 2494; x_wconf 85' lang='lat' dir='ltr'>verum</span> <span class='ocrx_word' id='word_1_417' title='bbox 2381 2464 2458 2493; x_wconf 90' lang='lat' dir='ltr'>suo</span> 
     </span>
     <span class='ocr_line' id='line_1_62' title="bbox 1427 2518 2458 2576; baseline 0.007 -18"><span class='ocrx_word' id='word_1_418' title='bbox 1427 2519 1568 2559; x_wconf 88' lang='lat' dir='ltr'>modo.</span> <span class='ocrx_word' id='word_1_419' title='bbox 1593 2518 1680 2561; x_wconf 90' lang='lat' dir='ltr'>Hoc</span> <span class='ocrx_word' id='word_1_420' title='bbox 1696 2524 1839 2562; x_wconf 88' lang='lat' dir='ltr'>autem</span> <span class='ocrx_word' id='word_1_421' title='bbox 1856 2534 1943 2563; x_wconf 91' lang='lat' dir='ltr'>non</span> <span class='ocrx_word' id='word_1_422' title='bbox 1959 2525 2094 2576; x_wconf 91' lang='lat' dir='ltr'>potest</span> <span class='ocrx_word' id='word_1_423' title='bbox 2113 2523 2158 2564; x_wconf 91' lang='lat' dir='ltr'>in</span> <span class='ocrx_word' id='word_1_424' title='bbox 2177 2523 2258 2564; x_wconf 89' lang='lat' dir='ltr'>alio</span> <span class='ocrx_word' id='word_1_425' title='bbox 2275 2523 2458 2565; x_wconf 87' lang='lat' dir='ltr'>termino</span> 
     </span>
    </p>
   </div>
   <div class='ocr_carea' id='block_1_9' title="bbox 1426 2588 2458 2713">
    <p class='ocr_par' dir='ltr' id='par_1_11' title="bbox 1426 2588 2458 2713">
     <span class='ocr_line' id='line_1_63' title="bbox 1428 2588 2458 2651; baseline 0.01 -23"><span class='ocrx_word' id='word_1_426' title='bbox 1428 2588 1634 2643; x_wconf 86' lang='lat' dir='ltr'>inveniri,</span> <span class='ocrx_word' id='word_1_427' title='bbox 1664 2594 1704 2633; x_wconf 91' lang='lat' dir='ltr'>et</span> <span class='ocrx_word' id='word_1_428' title='bbox 1728 2593 1821 2636; x_wconf 89' lang='lat' dir='ltr'>ideo</span> <span class='ocrx_word' id='word_1_429' title='bbox 1844 2607 1923 2637; x_wconf 88' lang='lat' dir='ltr'>nec</span> <span class='ocrx_word' id='word_1_430' title='bbox 1943 2595 2172 2637; x_wconf 89' lang='lat' dir='ltr'>consimilis</span> <span class='ocrx_word' id='word_1_431' title='bbox 2190 2595 2342 2638; x_wconf 87' lang='lat' dir='ltr'>modus</span> <span class='ocrx_word' id='word_1_432' title='bbox 2362 2609 2458 2651; x_wconf 90' lang='lat' dir='ltr'>sup-</span> 
     </span>
     <span class='ocr_line' id='line_1_64' title="bbox 1426 2662 1626 2713; baseline 0.005 -12"><span class='ocrx_word' id='word_1_433' title='bbox 1426 2662 1626 2713; x_wconf 87' lang='lat' dir='ltr'>ponendi.</span> 
     </span>
    </p>
   </div>
   <div class='ocr_carea' id='block_1_10' title="bbox 1077 2815 1706 2888">
    <p class='ocr_par' dir='ltr' id='par_1_12' title="bbox 1077 2815 1706 2888">
     <span class='ocr_line' id='line_1_65' title="bbox 1077 2815 1706 2888; baseline 0.021 -13"><span class='ocrx_word' id='word_1_434' title='bbox 1077 2815 1599 2886; x_wconf 85' lang='lat' dir='ltr'>DlSTlNCTIO</span> <span class='ocrx_word' id='word_1_435' title='bbox 1654 2826 1706 2888; x_wconf 93' lang='lat' dir='ltr'>V</span> 
     </span>
    </p>
   </div>
   <div class='ocr_carea' id='block_1_11' title="bbox 449 2956 2330 3028">
    <p class='ocr_par' dir='ltr' id='par_1_13' title="bbox 449 2956 2330 3028">
     <span class='ocr_line' id='line_1_66' title="bbox 449 2956 2330 3028; baseline 0.016 -42"><span class='ocrx_word' id='word_1_436' title='bbox 449 2956 500 2986; x_wconf 90' lang='lat' dir='ltr'>DE</span> <span class='ocrx_word' id='word_1_437' title='bbox 531 2958 843 2991; x_wconf 82' lang='lat' dir='ltr'>COMPARATIONE</span> <span class='ocrx_word' id='word_1_438' title='bbox 874 2962 1167 2999; x_wconf 84' lang='lat' dir='ltr'><strong>GENERATIONIS</strong></span> <span class='ocrx_word' id='word_1_439' title='bbox 1198 2971 1250 3000; x_wconf 86' lang='lat' dir='ltr'>AD</span> <span class='ocrx_word' id='word_1_440' title='bbox 1281 2973 1492 3006; x_wconf 84' lang='lat' dir='ltr'><strong>TERMINUM</strong></span> <span class='ocrx_word' id='word_1_441' title='bbox 1525 2978 1803 3009; x_wconf 87' lang='lat' dir='ltr'><strong>ESSENTIALEM</strong></span> <span class='ocrx_word' id='word_1_442' title='bbox 1833 2981 2120 3028; x_wconf 82' lang='lat' dir='ltr'>ABSTRACTUM,</span> <span class='ocrx_word' id='word_1_443' title='bbox 2157 2984 2225 3019; x_wconf 80' lang='lat' dir='ltr'>QUI</span> <span class='ocrx_word' id='word_1_444' title='bbox 2258 2987 2330 3016; x_wconf 85' lang='lat' dir='ltr'>EST</span> 
     </span>
    </p>
   </div>
   <div class='ocr_carea' id='block_1_12' title="bbox 1282 3052 1488 3084">
    <p class='ocr_par' dir='ltr' id='par_1_14' title="bbox 1282 3052 1488 3084">
     <span class='ocr_line' id='line_1_67' title="bbox 1282 3052 1488 3084; baseline 0.019 -4"><span class='ocrx_word' id='word_1_445' title='bbox 1282 3052 1473 3084; x_wconf 83' lang='lat' dir='ltr'>ESSENTIA</span> <span class='ocrx_word' id='word_1_446' title='bbox 1481 3075 1488 3084; x_wconf 88' lang='lat'>.</span> 
     </span>
    </p>
   </div>
   <div class='ocr_carea' id='block_1_13' title="bbox 2486 1167 2613 1279">
    <p class='ocr_par' dir='ltr' id='par_1_15' title="bbox 2486 1167 2613 1279">
     <span class='ocr_line' id='line_1_68' title="bbox 2513 1167 2613 1203; baseline 0 -7"><span class='ocrx_word' id='word_1_447' title='bbox 2513 1167 2613 1203; x_wconf 84' lang='lat' dir='ltr'>Opinio</span> 
     </span>
     <span class='ocr_line' id='line_1_69' title="bbox 2486 1209 2613 1237; baseline 0 0"><span class='ocrx_word' id='word_1_448' title='bbox 2486 1209 2516 1237; x_wconf 88' lang='lat' dir='ltr'>S.</span> <span class='ocrx_word' id='word_1_449' title='bbox 2537 1210 2613 1237; x_wconf 85' lang='lat' dir='ltr'>Tho-</span> 
     </span>
     <span class='ocr_line' id='line_1_70' title="bbox 2486 1259 2550 1279; baseline 0.016 -1"><span class='ocrx_word' id='word_1_450' title='bbox 2486 1259 2550 1279; x_wconf 87' lang='lat' dir='ltr'>mae.</span> 
     </span>
    </p>
   </div>
   <div class='ocr_carea' id='block_1_14' title="bbox 2494 1961 2613 2074">
    <p class='ocr_par' dir='ltr' id='par_1_16' title="bbox 2494 1961 2613 2074">
     <span class='ocr_line' id='line_1_71' title="bbox 2515 1961 2613 1999; baseline 0.01 -9"><span class='ocrx_word' id='word_1_451' title='bbox 2515 1961 2613 1999; x_wconf 83' lang='lat' dir='ltr'>Opinic</span> 
     </span>
     <span class='ocr_line' id='line_1_72' title="bbox 2509 2005 2592 2032; baseline 0 0"><span class='ocrx_word' id='word_1_452' title='bbox 2509 2005 2592 2032; x_wconf 70' lang='lat' dir='ltr'>Alex.</span> 
     </span>
     <span class='ocr_line' id='line_1_73' title="bbox 2494 2047 2608 2074; baseline -0.018 0"><span class='ocrx_word' id='word_1_453' title='bbox 2494 2047 2608 2074; x_wconf 71' lang='lat' dir='ltr'>Alensis</span> 
     </span>
    </p>
   </div>
   <div class='ocr_carea' id='block_1_15' title="bbox 385 3138 2613 3227">
    <p class='ocr_par' dir='ltr' id='par_1_17' title="bbox 385 3138 2613 3227">
     <span class='ocr_line' id='line_1_74' title="bbox 385 3138 2613 3227; baseline 0.017 -46"><span class='ocrx_word' id='word_1_454' title='bbox 385 3138 487 3183; x_wconf 88' lang='lat' dir='ltr'>Post</span> <span class='ocrx_word' id='word_1_455' title='bbox 516 3140 610 3186; x_wconf 55' lang='lat' dir='ltr'>haec</span> <span class='ocrx_word' id='word_1_456' title='bbox 640 3150 856 3202; x_wconf 69' lang='lat' dir='ltr'>quaeritur</span> <span class='ocrx_word' id='word_1_457' title='bbox 875 3151 1026 3193; x_wconf 78' lang='lat' dir='ltr'>utrum</span> <span class='ocrx_word' id='word_1_458' title='bbox 1059 3154 1383 3201; x_wconf 84' lang='lat' dir='ltr'>concedendum</span> <span class='ocrx_word' id='word_1_459' title='bbox 1412 3159 1492 3217; x_wconf 89' lang='lat' dir='ltr'>sit,</span> <span class='ocrx_word' id='word_1_460' title='bbox 1515 3163 1633 3221; x_wconf 86' lang='lat' dir='ltr'>quod</span> <span class='ocrx_word' id='word_1_461' title='bbox 1656 3163 1785 3208; x_wconf 86' lang='lat' dir='ltr'>Pater</span> <span class='ocrx_word' id='word_1_462' title='bbox 1813 3166 1965 3223; x_wconf 78' lang='lat' dir='ltr'>genuit</span> <span class='ocrx_word' id='word_1_463' title='bbox 1990 3166 2185 3212; x_wconf 83' lang='lat' dir='ltr'>divinam</span> <span class='ocrx_word' id='word_1_464' title='bbox 2205 3171 2449 3227; x_wconf 88' lang='lat' dir='ltr'>essentiam,</span> <span class='ocrx_word' id='word_1_465' title='bbox 2474 3179 2613 3209; x_wconf 72' lang='lat' dir='ltr'>Haelocu-</span> 
     </span>
    </p>
   </div>
   <div class='ocr_carea' id='block_1_16' title="bbox 327 3215 2490 3300">
    <p class='ocr_par' dir='ltr' id='par_1_18' title="bbox 327 3215 2490 3300">
     <span class='ocr_line' id='line_1_75' title="bbox 327 3215 2490 3300; baseline 0.015 -43"><span class='ocrx_word' id='word_1_466' title='bbox 327 3215 396 3258; x_wconf 88' lang='lat' dir='ltr'>vel</span> <span class='ocrx_word' id='word_1_467' title='bbox 415 3218 529 3275; x_wconf 88' lang='lat' dir='ltr'>quod</span> <span class='ocrx_word' id='word_1_468' title='bbox 551 3219 702 3265; x_wconf 84' lang='lat' dir='ltr'>divina</span> <span class='ocrx_word' id='word_1_469' title='bbox 720 3223 902 3268; x_wconf 85' lang='lat' dir='ltr'>essentia</span> <span class='ocrx_word' id='word_1_470' title='bbox 920 3228 1072 3283; x_wconf 81' lang='lat' dir='ltr'>genuit</span> <span class='ocrx_word' id='word_1_471' title='bbox 1091 3229 1273 3290; x_wconf 87' lang='lat' dir='ltr'>Filium,</span> <span class='ocrx_word' id='word_1_472' title='bbox 1296 3235 1367 3279; x_wconf 91' lang='lat' dir='ltr'>vel</span> <span class='ocrx_word' id='word_1_473' title='bbox 1387 3238 1572 3282; x_wconf 88' lang='lat' dir='ltr'>essentia</span> <span class='ocrx_word' id='word_1_474' title='bbox 1598 3241 1752 3297; x_wconf 82' lang='lat' dir='ltr'>genuit</span> <span class='ocrx_word' id='word_1_475' title='bbox 1783 3242 2013 3287; x_wconf 88' lang='lat' dir='ltr'>essentiam</span> <span class='ocrx_word' id='word_1_476' title='bbox 2033 3279 2043 3300; x_wconf 90' lang='lat'>‚</span> <span class='ocrx_word' id='word_1_477' title='bbox 2066 3260 2122 3289; x_wconf 90' lang='lat' dir='ltr'>an</span> <span class='ocrx_word' id='word_1_478' title='bbox 2150 3247 2328 3291; x_wconf 91' lang='lat' dir='ltr'>omnino</span> <span class='ocrx_word' id='word_1_479' title='bbox 2363 3263 2450 3292; x_wconf 92' lang='lat' dir='ltr'>non</span> <span class='ocrx_word' id='word_1_480' title='bbox 2472 3273 2490 3290; x_wconf 73' lang='lat' dir='ltr'>u</span> 
     </span>
    </p>
   </div>
   <div class='ocr_carea' id='block_1_17' title="bbox 2472 3307 2613 3333">
    <p class='ocr_par' dir='ltr' id='par_1_19' title="bbox 2472 3307 2613 3333">
     <span class='ocr_line' id='line_1_76' title="bbox 2472 3307 2613 3333; baseline -0.007 0"><span class='ocrx_word' id='word_1_481' title='bbox 2472 3307 2613 3333; x_wconf 77' lang='lat' dir='ltr'>ceduntur</span> 
     </span>
    </p>
   </div>
   <div class='ocr_carea' id='block_1_18' title="bbox 327 3299 2448 3381">
    <p class='ocr_par' dir='ltr' id='par_1_20' title="bbox 327 3299 2448 3381">
     <span class='ocr_line' id='line_1_77' title="bbox 327 3299 2448 3381; baseline 0.017 -47"><span class='ocrx_word' id='word_1_482' title='bbox 327 3300 493 3351; x_wconf 79' lang='lat' dir='ltr'>genuit,</span> <span class='ocrx_word' id='word_1_483' title='bbox 515 3311 593 3340; x_wconf 91' lang='lat' dir='ltr'>nec</span> <span class='ocrx_word' id='word_1_484' title='bbox 611 3299 758 3356; x_wconf 82' lang='lat' dir='ltr'>genita</span> <span class='ocrx_word' id='word_1_485' title='bbox 777 3305 839 3344; x_wconf 88' lang='lat' dir='ltr'>est</span> <span class='ocrx_word' id='word_1_486' title='bbox 875 3301 1026 3349; x_wconf 86' lang='lat' dir='ltr'>divina</span> <span class='ocrx_word' id='word_1_487' title='bbox 1046 3311 1242 3354; x_wconf 85' lang='lat' dir='ltr'>essentia.</span> <span class='ocrx_word' id='word_1_488' title='bbox 1266 3312 1335 3356; x_wconf 85' lang='lat' dir='ltr'>Ad</span> <span class='ocrx_word' id='word_1_489' title='bbox 1362 3314 1479 3372; x_wconf 86' lang='lat' dir='ltr'>quod</span> <span class='ocrx_word' id='word_1_490' title='bbox 1495 3349 1506 3371; x_wconf 85' lang='lat'>,</span> <span class='ocrx_word' id='word_1_491' title='bbox 1535 3316 1756 3361; x_wconf 85' lang='lat' dir='ltr'>catholicis</span> <span class='ocrx_word' id='word_1_492' title='bbox 1786 3321 2089 3367; x_wconf 84' lang='lat' dir='ltr'>tractatoribus</span> <span class='ocrx_word' id='word_1_493' title='bbox 2120 3326 2448 3381; x_wconf 81' lang='lat' dir='ltr'>consentienteS‚</span> 
     </span>
    </p>
   </div>
   <div class='ocr_carea' id='block_1_19' title="bbox 328 3367 510 3415">
    <p class='ocr_par' dir='ltr' id='par_1_21' title="bbox 328 3367 510 3415">
     <span class='ocr_line' id='line_1_78' title="bbox 328 3367 510 3415; baseline 0.027 -5"><span class='ocrx_word' id='word_1_494' title='bbox 328 3367 510 3415; x_wconf 89' lang='lat' dir='ltr'>dicimus</span> 
     </span>
    </p>
   </div>
   <div class='ocr_carea' id='block_1_20' title="bbox 525 3375 2430 3459">
    <p class='ocr_par' dir='ltr' id='par_1_22' title="bbox 525 3375 2430 3459">
     <span class='ocr_line' id='line_1_79' title="bbox 525 3375 2430 3459; baseline 0.016 -43"><span class='ocrx_word' id='word_1_495' title='bbox 525 3407 536 3429; x_wconf 91' lang='lat'>‚</span> <span class='ocrx_word' id='word_1_496' title='bbox 568 3375 685 3434; x_wconf 86' lang='lat' dir='ltr'>quod</span> <span class='ocrx_word' id='word_1_497' title='bbox 713 3391 791 3421; x_wconf 91' lang='lat' dir='ltr'>nec</span> <span class='ocrx_word' id='word_1_498' title='bbox 822 3378 950 3423; x_wconf 84' lang='lat' dir='ltr'>Pater</span> <span class='ocrx_word' id='word_1_499' title='bbox 979 3386 1132 3440; x_wconf 83' lang='lat' dir='ltr'>genuit</span> <span class='ocrx_word' id='word_1_500' title='bbox 1151 3387 1346 3433; x_wconf 86' lang='lat' dir='ltr'>divinam</span> <span class='ocrx_word' id='word_1_501' title='bbox 1365 3392 1611 3449; x_wconf 88' lang='lat' dir='ltr'>essentiam,</span> <span class='ocrx_word' id='word_1_502' title='bbox 1633 3409 1711 3438; x_wconf 89' lang='lat' dir='ltr'>nec</span> <span class='ocrx_word' id='word_1_503' title='bbox 1728 3395 1879 3440; x_wconf 87' lang='lat' dir='ltr'>divina</span> <span class='ocrx_word' id='word_1_504' title='bbox 1898 3400 2083 3444; x_wconf 87' lang='lat' dir='ltr'>essentia</span> <span class='ocrx_word' id='word_1_505' title='bbox 2100 3403 2251 3459; x_wconf 80' lang='lat' dir='ltr'>genuit</span> <span class='ocrx_word' id='word_1_506' title='bbox 2270 3402 2430 3446; x_wconf 89' lang='lat' dir='ltr'>Filium</span> 
     </span>
    </p>
   </div>
   <div class='ocr_carea' id='block_1_21' title="bbox 2438 3438 2448 3459">
    <p class='ocr_par' dir='ltr' id='par_1_23' title="bbox 2438 3438 2448 3459">
     <span class='ocr_line' id='line_1_80' title="bbox 2438 3438 2448 3459; baseline 0 0"><span class='ocrx_word' id='word_1_507' title='bbox 2438 3438 2448 3459; x_wconf 77' lang='lat'>7</span> 
     </span>
    </p>
   </div>
   <div class='ocr_carea' id='block_1_22' title="bbox 2492 3223 2611 3292">
    <p class='ocr_par' dir='ltr' id='par_1_24' title="bbox 2492 3223 2611 3292">
     <span class='ocr_line' id='line_1_81' title="bbox 2500 3223 2590 3250; baseline 0.011 -1"><span class='ocrx_word' id='word_1_508' title='bbox 2500 3223 2590 3250; x_wconf 82' lang='lat' dir='ltr'>tiones</span> 
     </span>
     <span class='ocr_line' id='line_1_82' title="bbox 2492 3273 2611 3292; baseline -0.008 0"><span class='ocrx_word' id='word_1_509' title='bbox 2492 3273 2528 3292; x_wconf 88' lang='lat' dir='ltr'>on</span> <span class='ocrx_word' id='word_1_510' title='bbox 2544 3274 2611 3292; x_wconf 86' lang='lat' dir='ltr'>con—</span> 
     </span>
    </p>
   </div>
   <div class='ocr_carea' id='block_1_23' title="bbox 2488 3348 2611 3458">
    <p class='ocr_par' dir='ltr' id='par_1_25' title="bbox 2488 3348 2611 3458">
     <span class='ocr_line' id='line_1_83' title="bbox 2495 3348 2602 3375; baseline 0.019 -3"><span class='ocrx_word' id='word_1_511' title='bbox 2495 3359 2504 3372; x_wconf 73' lang='grc'>1(</span> <span class='ocrx_word' id='word_1_512' title='bbox 2519 3348 2602 3375; x_wconf 72' lang='lat' dir='ltr'>Pater</span> 
     </span>
     <span class='ocr_line' id='line_1_84' title="bbox 2498 3390 2595 3425; baseline -0.01 -9"><span class='ocrx_word' id='word_1_513' title='bbox 2498 3390 2595 3425; x_wconf 75' lang='lat' dir='ltr'>genuit</span> 
     </span>
     <span class='ocr_line' id='line_1_85' title="bbox 2488 3431 2611 3458; baseline 0 0"><span class='ocrx_word' id='word_1_514' title='bbox 2488 3431 2611 3458; x_wconf 73' lang='lat' dir='ltr'>divinam</span> 
     </span>
    </p>
   </div>
   <div class='ocr_carea' id='block_1_24' title="bbox 328 3447 2591 3540">
    <p class='ocr_par' dir='ltr' id='par_1_26' title="bbox 328 3447 2591 3540">
     <span class='ocr_line' id='line_1_86' title="bbox 328 3447 2591 3540; baseline 0.017 -52"><span class='ocrx_word' id='word_1_515' title='bbox 328 3458 405 3489; x_wconf 85' lang='lat' dir='ltr'>nec</span> <span class='ocrx_word' id='word_1_516' title='bbox 436 3447 582 3494; x_wconf 84' lang='lat' dir='ltr'>divina</span> <span class='ocrx_word' id='word_1_517' title='bbox 611 3455 796 3499; x_wconf 87' lang='lat' dir='ltr'>essentia</span> <span class='ocrx_word' id='word_1_518' title='bbox 819 3458 971 3514; x_wconf 80' lang='lat' dir='ltr'>genuit</span> <span class='ocrx_word' id='word_1_519' title='bbox 989 3459 1184 3508; x_wconf 89' lang='lat' dir='ltr'>divinam</span> <span class='ocrx_word' id='word_1_520' title='bbox 1210 3468 1454 3513; x_wconf 88' lang='lat' dir='ltr'>essentiam.</span> <span class='ocrx_word' id='word_1_521' title='bbox 1476 3470 1558 3514; x_wconf 89' lang='lat' dir='ltr'>Hic</span> <span class='ocrx_word' id='word_1_522' title='bbox 1578 3477 1724 3516; x_wconf 86' lang='lat' dir='ltr'>autem</span> <span class='ocrx_word' id='word_1_523' title='bbox 1744 3474 1921 3519; x_wconf 89' lang='lat' dir='ltr'>nomine</span> <span class='ocrx_word' id='word_1_524' title='bbox 1941 3478 2140 3522; x_wconf 83' lang='lat' dir='ltr'>essentiae</span> <span class='ocrx_word' id='word_1_525' title='bbox 2160 3478 2451 3538; x_wconf 82' lang='lat' dir='ltr'>intelligimus</span> <span class='ocrx_word' id='word_1_526' title='bbox 2470 3481 2591 3540; x_wconf 53' lang='lat'>,5⁰⁵⁵⁶¹¹‘</span> 
     </span>
    </p>
   </div>
   <div class='ocr_carea' id='block_1_25' title="bbox 327 3521 2432 3613">
    <p class='ocr_par' dir='ltr' id='par_1_27' title="bbox 327 3521 2432 3613">
     <span class='ocr_line' id='line_1_87' title="bbox 327 3521 2432 3613; baseline 0.017 -47"><span class='ocrx_word' id='word_1_527' title='bbox 327 3521 522 3570; x_wconf 75' lang='lat' dir='ltr'>divinam</span> <span class='ocrx_word' id='word_1_528' title='bbox 554 3534 755 3576; x_wconf 88' lang='lat' dir='ltr'>naturam</span> <span class='ocrx_word' id='word_1_529' title='bbox 771 3567 782 3588; x_wconf 88' lang='lat'>‚</span> <span class='ocrx_word' id='word_1_530' title='bbox 814 3549 913 3593; x_wconf 80' lang='lat' dir='ltr'>quae</span> <span class='ocrx_word' id='word_1_531' title='bbox 943 3542 1186 3586; x_wconf 82' lang='lat' dir='ltr'>communis</span> <span class='ocrx_word' id='word_1_532' title='bbox 1218 3551 1281 3588; x_wconf 88' lang='lat' dir='ltr'>est</span> <span class='ocrx_word' id='word_1_533' title='bbox 1302 3546 1443 3591; x_wconf 87' lang='lat' dir='ltr'>tribus</span> <span class='ocrx_word' id='word_1_534' title='bbox 1469 3549 1680 3607; x_wconf 80' lang='lat' dir='ltr'>personis,</span> <span class='ocrx_word' id='word_1_535' title='bbox 1704 3556 1745 3594; x_wconf 92' lang='lat' dir='ltr'>et</span> <span class='ocrx_word' id='word_1_536' title='bbox 1764 3557 1852 3596; x_wconf 87' lang='lat' dir='ltr'>tota</span> <span class='ocrx_word' id='word_1_537' title='bbox 1871 3553 1917 3597; x_wconf 91' lang='lat' dir='ltr'>in</span> <span class='ocrx_word' id='word_1_538' title='bbox 1934 3554 2134 3613; x_wconf 64' lang='lat' dir='ltr'>singulis</span> <span class='ocrx_word' id='word_1_539' title='bbox 2161 3555 2260 3600; x_wconf 89' lang='lat' dir='ltr'>Ideo</span> <span class='ocrx_word' id='word_1_540' title='bbox 2279 3572 2369 3602; x_wconf 91' lang='lat' dir='ltr'>non</span> <span class='ocrx_word' id='word_1_541' title='bbox 2389 3573 2432 3602; x_wconf 90' lang='lat' dir='ltr'>es</span> 
     </span>
    </p>
   </div>
   <div class='ocr_carea' id='block_1_26' title="bbox 374 3655 1365 3709">
    <p class='ocr_par' dir='ltr' id='par_1_28' title="bbox 374 3655 1365 3709">
     <span class='ocr_line' id='line_1_88' title="bbox 374 3655 1365 3709; baseline 0.023 -22"><span class='ocrx_word' id='word_1_542' title='bbox 374 3655 417 3698; x_wconf 81' lang='lat' dir='ltr'>(a)</span> <span class='ocrx_word' id='word_1_543' title='bbox 436 3658 516 3690; x_wconf 84' lang='lat' dir='ltr'>Caet.</span> <span class='ocrx_word' id='word_1_544' title='bbox 533 3659 612 3693; x_wconf 66' lang='lat' dir='ltr'>edit.</span> <span class='ocrx_word' id='word_1_545' title='bbox 635 3664 712 3695; x_wconf 62' lang='lat' dir='ltr'>Sor.</span> <span class='ocrx_word' id='word_1_546' title='bbox 727 3667 759 3695; x_wconf 86' lang='lat' dir='ltr'>et</span> <span class='ocrx_word' id='word_1_547' title='bbox 779 3666 848 3697; x_wconf 81' lang='lat' dir='ltr'>Pla.</span> <span class='ocrx_word' id='word_1_548' title='bbox 862 3684 902 3690; x_wconf 82' lang='lat'>-</span> <span class='ocrx_word' id='word_1_549' title='bbox 918 3667 960 3709; x_wconf 65' lang='lat' dir='ltr'>(b)</span> <span class='ocrx_word' id='word_1_550' title='bbox 982 3669 1062 3702; x_wconf 76' lang='lat' dir='ltr'>Cwl.</span> <span class='ocrx_word' id='word_1_551' title='bbox 1080 3673 1159 3705; x_wconf 61' lang='lat' dir='ltr'>edit.</span> <span class='ocrx_word' id='word_1_552' title='bbox 1177 3676 1365 3709; x_wconf 78' lang='lat' dir='ltr'>solverunt.</span> 
     </span>
    </p>
   </div>
   <div class='ocr_carea' id='block_1_27' title="bbox 2494 3515 2613 3548">
    <p class='ocr_par' dir='ltr' id='par_1_29' title="bbox 2494 3515 2613 3548">
     <span class='ocr_line' id='line_1_89' title="bbox 2494 3515 2613 3548; baseline 0 -8"><span class='ocrx_word' id='word_1_553' title='bbox 2494 3523 2535 3540; x_wconf 81' lang='lat' dir='ltr'>am</span> <span class='ocrx_word' id='word_1_554' title='bbox 2547 3525 2553 3548; x_wconf 72' lang='lat'><em>3</em></span> <span class='ocrx_word' id='word_1_555' title='bbox 2567 3515 2613 3541; x_wconf 88' lang='lat' dir='ltr'>Di-</span> 
     </span>
    </p>
   </div>
   <div class='ocr_carea' id='block_1_28' title="bbox 2438 3556 2610 3603">
    <p class='ocr_par' dir='ltr' id='par_1_30' title="bbox 2438 3556 2610 3603">
     <span class='ocr_line' id='line_1_90' title="bbox 2438 3556 2610 3603; baseline 0.012 -23"><span class='ocrx_word' id='word_1_556' title='bbox 2438 3565 2451 3603; x_wconf 72' lang='lat' dir='ltr'>t</span> <span class='ocrx_word' id='word_1_557' title='bbox 2482 3556 2544 3582; x_wconf 71' lang='lat' dir='ltr'>vina</span> <span class='ocrx_word' id='word_1_558' title='bbox 2565 3565 2610 3582; x_wconf 79' lang='grc' dir='ltr'><strong>θε-</strong></span> 
     </span>
    </p>
   </div>
   <div class='ocr_carea' id='block_1_29' title="bbox 2499 3597 2586 3623">
    <p class='ocr_par' dir='ltr' id='par_1_31' title="bbox 2499 3597 2586 3623">
     <span class='ocr_line' id='line_1_91' title="bbox 2499 3597 2586 3623; baseline -0.011 0"><span class='ocrx_word' id='word_1_559' title='bbox 2499 3597 2586 3623; x_wconf 79' lang='lat' dir='ltr'>sentia</span> 
     </span>
    </p>
   </div>
  </div>
 </body>
</html>
