2613 3990
694 236 942 277 DISTlNCT.
971 236 1054 277 XV.
1085 237 1235 277 PART.
1270 237 1320 277 ll.
1352 237 1467 278 ΑΗΤ.
1502 237 1530 276 l.
1565 236 1761 285 QUAEST.
1795 237 1826 278 I.

206 327 321 368 Unde
343 326 610 378 Augustinus
631 326 818 378 loquitur
839 326 849 346 ¹
867 338 943 377 pro
960 329 1071 365 statu
1091 326 1225 377 glori-

204 397 434 438 ficationis:
458 397 626 450 proprie
655 399 797 437 autem
823 408 910 436 non
935 396 1088 437 dicitur
1118 396 1228 436 mitti

204 480 339 518 nunc,
361 468 441 507 nisi
461 468 624 508 dicatur
643 468 759 519 large
779 467 887 507 mitti
906 467 959 507 ad
982 468 1228 507 manifesta-

203 539 362 579 tionem
380 539 560 592 alicuius
576 539 740 580 occulti.

639 671 729 699 DUB.
760 671 802 698 V.

206 757 291 788 Nam
317 760 350 788 et
368 766 431 788 nos
449 756 636 788 secundum
665 756 755 796 quod
781 757 894 786 mente
915 754 1039 796 aliquid
1064 758 1230 787 aeternum

374 803 546 845 capimus,
566 812 635 834 non
654 803 689 833 111
709 803 773 834 hoc
787 802 915 834 mundo
931 812 1057 834 sumus.

262 896 432 936 Videtur
458 895 611 936 falsum
636 894 797 944 dicere3
821 894 921 947 quia
945 897 1019 934 aut
1038 894 1136 935 dicit
1163 906 1232 934 se-

207 968 395 1008 cundum
421 967 630 1016 animam,
660 968 734 1006 aut
760 966 993 1006 secundum
1020 978 1191 1006 carnem
1221 978 1230 1006 :

208 1051 294 1079 non
314 1038 544 1078 secundum
571 1050 764 1087 carnem,
788 1037 867 1077 hoc
897 1040 1058 1077 constat
1089 1052 1098 1078 :
1129 1050 1232 1089 ergo

207 1110 439 1150 secundum
460 1109 647 1149 animam
665 1123 673 1149 z
696 1120 799 1160 ergo
824 1109 991 1149 videtur
1009 1109 1123 1161 quod
1141 1109 1231 1149 ani-

208 1193 292 1231 ma,
308 1180 475 1233 quando
488 1180 621 1221 Deum
636 1180 866 1232 cognoscit,
884 1181 993 1220 sitin
1009 1181 1127 1232 coelo,
1144 1181 1233 1221 sive

208 1255 327 1292 extra
346 1251 572 1292 mundum.

262 1322 366 1364 Item
407 1323 488 1363 hoc
522 1323 692 1363 videtur
726 1324 909 1374 ratione,
951 1324 1050 1376 (1010
1087 1335 1234 1376 capere

209 1398 418 1436 aeternum
435 1427 445 1443 ,
467 1397 528 1434 est
545 1395 682 1447 magis
700 1395 792 1448 capi
814 1408 824 1435 ι
846 1407 949 1447 ergo
974 1396 1007 1435 si
1027 1395 1139 1447 quod
1162 1408 1235 1435 ca-

210 1467 324 1519 pitur
343 1479 368 1506 a
386 1467 575 1519 capiente
596 1467 773 1518 locatur,
794 1479 897 1519 ergo
915 1467 1057 1507 anima
1073 1467 1236 1507 locatur

209 1538 254 1578 in
273 1538 504 1579 aeternitate
523 1550 533 1578 :
551 1550 654 1590 ergo
673 1542 791 1579 extra
807 1541 989 1591 tempus.
1012 1538 1233 1587 Praeterea,

210 1611 322 1663 quod
339 1611 553 1662 cognoscit
577 1613 617 1650 et
635 1613 770 1660 amat,
793 1612 865 1649 aut
892 1610 1074 1649 trahitur
1092 1622 1116 1649 0
1135 1622 1236 1661 cog-

210 1684 407 1722 noscente
424 1684 464 1720 et
479 1684 662 1732 amante,
677 1684 751 1722 aut
764 1693 786 1721 e
801 1693 1004 1722 converso
1021 1694 1030 1720 :
1048 1681 1116 1721 sed
1133 1681 1237 1721 dum

212 1753 343 1793 Deum
374 1765 568 1793 amamus
586 1756 626 1793 et
648 1753 943 1805 cognoscimus
957 1784 967 1802 ,,
990 1765 1076 1793 11011
1100 1752 1237 1792 trahi—

213 1837 309 1865 mus
327 1824 462 1865 Deum
480 1825 531 1865 ad
550 1836 627 1865 nos
643 1857 653 1875 ,
676 1824 747 1865 sed
771 1837 849 1865 nos
874 1825 926 1865 ad
951 1824 1084 1865 Deum
1101 1856 1110 1873 ,
1131 1825 1240 1864 sicut

213 1897 364 1937 dicitur
381 1909 402 1936 0
423 1896 620 1950 Dionysio
641 1901 670 1937 2.

267 1968 385 2021 Resp.
415 1968 648 2009 Dicendum
675 1968 789 2021 quod
818 1968 935 2009 locus
962 1968 1088 2009 habet
1112 1970 1238 2009 natu-

212 2052 304 2080 ram
333 2040 586 2080 continentis
611 2043 653 2081 et
678 2040 918 2093 quietantia
949 2040 1045 2080 Esse
1072 2053 1175 2092 ergo
1195 2040 1241 2080 in

213 2111 292 2151 hoc
313 2111 474 2152 mundo
493 2114 554 2152 est
572 2112 795 2164 dupliciter
815 2124 826 2152 :
856 2114 929 2152 aut
953 2115 1161 2164 quantum
1189 2111 1241 2152 ad

213 2182 433 2223 veritatem
461 2186 501 2223 et
522 2183 846 2233 continentiam,
866 2186 940 2223 aut
960 2186 1171 2236 quantum
1189 2183 1241 2223 ad

213 2254 414 2307 quietem.
448 2254 717 2307 Augustinus
749 2258 894 2295 autem
924 2255 1112 2307 loquitur
1155 2267 1241 2295 non

215 2328 384 2380 proprio
412 2329 556 2379 modo,
579 2328 691 2380 quod
723 2329 868 2368 anima
896 2331 936 2368 et
963 2340 1116 2381 corpus
1144 2340 1242 2369 vere

215 2400 459 2451 egrediatur
477 2401 595 2441 110110
611 2400 837 2450 mundum,
854 2400 957 2440 dum
972 2404 1112 2440 mente
1133 2400 1243 2452 capit

217 2472 369 2522 Deum,
402 2472 472 2512 sed
499 2472 698 2524 intelligit
717 2475 926 2524 quantum
951 2472 1000 2512 ad
1030 2472 1240 2524 quietem3

217 2543 317 2596 quia
342 2543 515 2584 affectus
536 2543 692 2584 animae
714 2556 801 2584 non
827 2543 1051 2596 requiescit
1068 2543 1112 2583 in
1133 2546 1243 2584 tem-

217 2615 435 2667 poralibus
448 2647 458 2665 ,
482 2615 636 2667 quibus
655 2615 935 2667 superfertur,
961 2616 1033 2655 sed
1053 2615 1099 2654 in
1116 2618 1242 2655 feter-

217 2686 283 2726 nis
306 2701 314 2727 ;
337 2689 378 2726 01
396 2689 606 2739 (1110010111
627 2686 679 2727 ad
699 2687 779 2727 hoc
808 2687 1060 2739 intelligitur
1085 2686 1244 2739 Diony—

218 2757 327 2807 sius,
372 2762 411 2798 et
448 2757 698 2810 intelligitur
738 2759 921 2799 secunda
955 2759 1062 2799 ratio
1079 2791 1090 2809 ,
1130 2758 1243 2811 quod

218 2830 407 2869 amatum
426 2829 578 2879 trahit,
600 2841 687 2869 non
718 2829 904 2870 localiter
923 2830 1126 2870 mutando
1141 2862 1151 2880 ,
1173 2829 1244 2870 sed

219 2901 299 2941 sibi
318 2901 617 2942 conformando
644 2915 653 2942 z
681 2902 781 2954 quia
802 2914 949 2942 amans
966 2902 1246 2942 transforma-

221 2973 290 3011 tur
308 2971 352 3012 in
380 2975 594 3023 amatum,
615 2974 656 3013 et
679 2984 936 3024 cognoscens
957 2972 1245 3012 conformatur

221 3043 402 3094 cognito.

646 3121 737 3151 11011.
772 3121 833 3151 vi.

222 3199 320 3234 Pater
339 3201 429 3233 enim
454 3204 521 3238 est,
555 3204 633 3243 etc.,
666 3201 870 3243 principium
897 3201 999 3234 totius
1025 3201 1246 3243 Divinitatis,

450 3250 503 3281 vel
523 3249 548 3281 si
568 3250 688 3282 melius
703 3250 835 3290 dicitur,
859 3249 1009 3282 Deitatis.

275 3328 450 3370 Videtur
467 3330 576 3371 male
591 3331 749 3381 dicere,
770 3330 871 3383 quia
896 3333 970 3370 aut
990 3330 1071 3372 hoc
1093 3335 1154 3372 est
1172 3343 1248 3384 per

224 3401 566 3454 generationem,
586 3405 660 3444 aut
678 3415 753 3457 per
777 3402 1052 3456 spirationem
1082 3417 1091 3444 ;
1120 3403 1194 3444 5οἀ
1212 3402 1248 3443 51

265 3512 274 3523 ·
292 3512 445 3551 August„
462 3508 501 3540 de
522 3510 625 3552 Tria„
642 3511 700 3543 lib.
719 3512 775 3552 lv,
793 3521 823 3543 c.
845 3519 909 3551 xx,
925 3520 959 3541 11.
981 3512 1032 3543 28.
1055 3528 1093 3534 —
1114 3512 1127 3532 2
1143 3511 1246 3543 Dion.

226 3560 363 3599 Areop„
382 3557 421 3588 cle
435 3558 511 3589 Dio.
528 3558 676 3600 Nomia„
689 3559 747 3590 lib.
764 3560 821 3592 1v.
833 3574 872 3582 -—
889 3559 902 3581 3
916 3558 999 3590 Dist.
1018 3566 1048 3590 V.
1064 3558 1124 3581 —4
1142 3561 1245 3600 Aug„

411 3629 509 3659 1011.
541 3630 570 3659 1.

2249 241 2325 278 257

1303 326 1395 376 hoc,
1413 337 1515 377 ergo
1530 323 1651 365 Pater
1669 326 1858 377 generat,
1880 324 1950 365 vel
1967 325 2096 377 spirat
2115 325 2325 375 deitatem,

1303 399 1414 450 quod
1435 399 1496 438 est
1516 399 1659 438 contra
1682 397 1934 450 Magistrum
1949 408 2077 449 supra
2090 400 2119 446 ³,
2139 398 2211 437 ubi
2231 398 2330 439 dicit

1303 468 1416 520 quod
1442 468 1620 508 essentia
1644 481 1721 509 nec
1742 472 1941 520 generat,
1975 480 2050 509 nec
2084 472 2327 520 generatur.

1305 538 1514 579 Praeterea
1531 538 1739 591 quaeritur
1756 551 1888 592 quare
1907 538 2005 579 dicit
2027 550 2035 576 ;
2063 553 2082 576 ((
2102 539 2169 579 vel
2189 539 2223 579 si
2241 551 2331 580 me-

1304 610 1387 650 lius
1405 610 1572 660 dicitur,
1595 610 1773 650 deitatis.
1798 624 1818 648 »

1360 681 1479 734 Resp.
1519 680 1749 721 Dicendum
1789 681 1903 734 quod
1935 679 2205 731 Augustinus
2245 691 2333 720 non

1306 752 1549 805 simpliciter
1571 752 1668 792 dicit
1687 752 1722 802 ¹⁴,
1743 751 1855 804 quod
1877 751 1931 791 sit
1947 750 2205 804 principium
2225 749 2332 791 divi-

1306 824 1467 873 nitatis,
1490 823 1561 863 sed
1582 835 1680 863 cum
1700 823 1779 862 hac
1800 823 2166 871 determinatione,
2187 822 2331 863 totius.

1306 892 1357 933 Et
1375 893 1579 946 quoniam
1608 893 1653 933 in
1674 893 1983 946 simplicissimo
2010 904 2098 933 11011
2129 892 2239 933 cadit
2259 892 2334 932 ali-

1307 976 1393 1016 qua
1407 964 1610 1013 totalitas,
1632 964 1715 1004 nisi
1736 966 1909 1004 extenso
1929 963 2101 1003 nomine
2123 963 2337 1003 totalitatis

1307 1037 1360 1077 ad
1380 1049 1659 1089 personarum
1678 1036 1979 1089 pluralitatem,
1995 1035 2088 1076 ideo
2101 1036 2232 1076 deitas
2248 1036 2337 1076 sive

1308 1108 1510 1148 divinitas
1528 1111 1607 1148 stat
1624 1111 1672 1148 ut
1685 1108 1729 1147 in
1743 1107 1932 1160 personis
1949 1122 1958 1147 :
1979 1109 2120 1147 tamen
2135 1106 2237 1159 quia
2250 1118 2338 1146 non

1308 1182 1443 1230 potest
1478 1179 1592 1219 trahi
1627 1179 1679 1219 ad
1710 1191 1934 1232 personas,
1971 1190 2070 1218 cum
2100 1178 2152 1217 sit
2183 1189 2340 1218 nomen

1309 1250 1587 1299 abstractum,
1623 1250 1847 1303 praedictus
1885 1261 2024 1290 sermo
2062 1249 2340 1301 exponendus

1310 1325 1370 1362 est
1394 1322 1500 1363 sicut
1526 1334 1655 1374 supra
1683 1322 1856 1375 exponit
1881 1321 2084 1373 Magister
2105 1321 2339 1362 locutiones

1310 1393 1562 1434 consimiles.
1598 1393 1718 1442 Quod
1753 1393 1960 1445 (101011101-
1978 1424 1987 1441 ,
2022 1405 2154 1444 quare
2186 1392 2338 1432 dicitur

1310 1464 1485 1506 deitatis
1519 1465 1691 1515 mellus,
1727 1464 1954 1504 dicendum
1990 1463 2102 1515 quod
2142 1463 2336 1503 divinum

1312 1538 1445 1588 potest
1479 1536 1560 1576 dici
1601 1535 1651 1575 de
1686 1534 1890 1575 creaturis
1906 1567 1916 1585 ,
1957 1534 2191 1574 secundum
2225 1534 2338 1587 quod

1311 1606 1462 1646 dicitur
1492 1607 1620 1647 bomo
1648 1606 1851 1648 divinus:
1874 1607 1944 1646 sed
1975 1605 2086 1646 Deus
2108 1606 2238 1646 solius
2268 1605 2339 1646 Dei

1312 1683 1372 1721 est
1406 1681 1628 1733 proprium
1669 1695 1678 1722 ε
1710 1681 1804 1722 ideo
1839 1680 1972 1722 deitas
2007 1680 2146 1732 magis
2173 1680 2342 1733 proprie

1312 1751 1411 1792 dicit
1429 1752 1611 1792 sormam
1631 1751 1704 1792 Dei
1729 1764 1860 1804 quam
1887 1751 2107 1803 divinitas3
2129 1752 2223 1792 ideo
2249 1763 2342 1792 me-

1318 1822 1400 1863 lius
1425 1823 1577 1863 dicitur
1597 1822 1794 1874 deitatis,
1813 1835 1943 1876 quam
1965 1823 2234 1866 divinitalis.

1591 1978 1961 2023 ARTICULUS
2000 1979 2036 2022 I.

1371 2104 1433 2144 Ad
1450 2104 1774 2157 intelligentiam
1800 2117 1949 2146 eorum
1970 2116 2066 2157 quae
2084 2104 2284 2145 dicuntur
2300 2105 2346 2146 in

1316 2178 1432 2228 parte
1452 2176 1529 2216 ista
1542 2208 1553 2227 ,
1577 2177 1657 2218 tria
1678 2180 1935 2230 quaeruntur
1954 2177 2004 2217 de
2025 2176 2224 2217 missione
2251 2176 2346 2217 Filii

1316 2247 1536 2298 invisibili,
1547 2248 1648 2300 quia
1661 2248 1711 2289 de
1729 2249 1885 2291 visibili
1902 2251 2055 2301 agetur
2071 2248 2117 2288 in
2133 2248 2256 2289 tertio
2273 2248 2346 2302 (α).

1317 2318 1367 2359 Ε1
1402 2320 1502 2372 quia
1538 2320 1681 2360 missio
1718 2321 1942 2361 invisibilis
1978 2319 2073 2361 Filii
2104 2319 2252 2360 similis
2287 2322 2348 2359 est

1317 2391 1507 2431 missioni
1523 2391 1726 2432 invisibili
1743 2391 1926 2444 Spiritus
1941 2392 2095 2442 sancti,
2112 2391 2205 2432 ideo
2221 2391 2349 2431 5111101

1317 2464 1526 2516 quaeritur
1539 2465 1589 2505 de
1608 2467 1802 2518 utraque.
1823 2464 1966 2506 Primo
1980 2465 2189 2518 quaeritur
2202 2466 2348 2505 utrum

1318 2535 1408 2575 haec
1427 2535 1570 2576 missio
1590 2536 1642 2576 sit
1663 2536 1898 2577 secundum
1927 2536 2038 2577 dona
2068 2535 2218 2588 gratiae
2248 2547 2348 2586 gra-

1317 2610 1410 2647 tum
1422 2607 1625 2659 facientis,
1638 2608 1706 2649 vel
1714 2609 1864 2660 gratiae
1877 2608 2010 2660 gratis
2021 2608 2129 2648 datae
2141 2620 2151 2657 3
2164 2606 2348 2647 secundo

1317 2678 1526 2730 quaeritur
1542 2682 1691 2720 utrum
1708 2680 1946 2721 secundum
1963 2679 2110 2719 eadem
2129 2678 2239 2718 dona
2252 2689 2348 2730 gra-

1318 2751 1386 2790 tiae
1405 2750 1569 2791 dicatur
1588 2751 1700 2791 mitti
1720 2750 1874 2800 Filius,
1893 2753 1933 2791 et
1951 2749 2131 2803 Spiritus
2150 2752 2344 2798 sanctus;

1317 2822 1460 2872 tertio,
1484 2825 1632 2862 utrum
1661 2826 1843 2875 utraque
1875 2822 2001 2861 misso
2033 2820 2086 2860 sit
2113 2820 2348 2861 secundum

1318 2890 1464 2931 eadem
1483 2891 1595 2931 dona
1613 2890 1765 2943 gratiae
1786 2892 2078 2942 augmentata.

1703 3058 1954 3109 QUAESTIO.

1320 3162 1381 3197 An
1401 3163 1523 3197 Missio
1543 3161 1702 3206 Spiritus
1714 3161 1832 3195 sancti
1847 3160 1897 3195 sit
1909 3160 2096 3196 secundum
2110 3162 2204 3198 dona
2219 3167 2349 3209 qratiae

1480 3223 1595 3266 gratis
1615 3220 1720 3263 datae,
1742 3220 1797 3254 vel
1814 3222 1959 3266 yratum
1977 3221 2146 3265 facientis
2165 3221 2193 3258 ⁵.

1375 3329 1495 3380 Quod
1516 3330 1610 3370 haec
1628 3329 1772 3370 missio
1793 3329 1845 3370 sit
1863 3331 2098 3373 secundum
2114 3332 2223 3373 dona
2243 3343 2347 3384 gra-

1323 3460 1547 3502 ibat—⁵010.
1562 3462 1656 3493 Alex.
1684 3461 1812 3502 Alens.,
1834 3471 1866 3502 p.
1891 3464 1915 3502 l,
1945 3472 1976 3503 q.
1996 3470 2128 3503 Lxxm,
2158 3461 2284 3494 memb.
2310 3464 2347 3504 4,

1323 3512 1384 3541 art.
1407 3511 1446 3549 23
1477 3511 1511 3541 S.
1534 3509 1668 3549 Thom.,
1688 3518 1723 3550 p.
1747 3511 1780 3550 1,
1801 3518 1834 3550 q.
1859 3517 1969 3550 xL111,
2000 3513 2062 3541 art.
2089 3513 2129 3549 33
2149 3512 2182 3540 et
2208 3511 2216 3540 1
2240 3510 2345 3550 δεηί.,

1322 3557 1399 3589 dist.
1416 3564 1489 3598 xix,
1511 3566 1545 3598 q.
1566 3565 1611 3598 11,
1628 3559 1691 3589 art.
1713 3565 1786 3589 1.—
1803 3558 1843 3598 (α)
1870 3557 1986 3598 Suppl.
2007 3558 2106 3588 libro.

2111 3618 2160 3655 17

2368 1400 2498 1427 Divinum

2384 1438 2476 1471 potest

2371 1477 2426 1503 dici
2453 1476 2487 1502 de

2358 1516 2507 1545 creaturis.

2388 3357 2434 3385 Ad
2453 3366 2506 3394 op-

2369 3407 2430 3434 pos.
