2613 3990
240 277 318 315 43ss

240 361 501 403 nerationeni
520 358 565 398 in
581 358 744 399 eodem.
775 355 818 396 Si
834 364 936 405 ergo
960 351 1261 392 innascibilitas

239 437 298 474 est
319 431 485 472 fontalis
509 429 723 483 plenitudo
738 460 747 477 ,
770 427 895 479 patet,
917 427 994 464 etc.

292 503 431 544 Movet
449 502 575 542 etiam
596 498 835 540 communis
853 495 994 547 opinio
1008 527 1017 543 ,
1046 506 1143 546 quse
1166 492 1263 533 dicit

237 574 603 615 innascibilitatem
626 583 713 611 esse
739 568 961 621 proprium
985 565 1117 606 Patris
1150 580 1158 604 ;
1191 564 1262 603 sed

236 658 321 686 non
342 649 472 698 potest
502 658 587 685 esse
618 641 857 695 proprium,
887 642 926 678 et
958 637 1141 677 maxime
1162 648 1261 688 pro—

235 718 392 770 prium,
427 717 538 769 quod
566 715 762 765 importat
792 711 1007 751 notionem
1028 708 1261 749 secundum

236 790 347 842 quod
364 790 562 841 importat
577 797 726 838 puram
747 782 1047 835 privationem3
1067 780 1125 819 510
1146 779 1261 819 enim

235 861 429 900 convenit
450 858 659 907 essentia),
681 859 722 896 ct
739 854 911 907 Spiritui
934 855 1075 893 sancto
1099 866 1107 891 ε
1130 851 1263 902 igitur

235 932 391 983 aliquid
413 931 530 983 ponit
550 945 558 970 z
580 941 666 969 non
683 927 940 974 absolutum,
960 925 1140 973 constat,
1159 921 1261 974 quia

233 1004 394 1042 rat'wne
413 1002 526 1041 illius
545 1013 631 1040 non
652 1002 892 1052 potestesse
917 995 1170 1048 proprietas:
1189 992 1258 1032 sed

234 1088 316 1114 non
362 1078 493 1127 potest
526 1085 682 1126 ponere
717 1069 998 1123 respectivum
1028 1065 1259 1119 positivum

230 1149 421 1198 respectu
449 1144 731 1198 producentis.
761 1142 898 1194 Igitur
919 1141 969 1180 de
994 1139 1155 1179 ratione
1185 1148 1262 1176 sua

231 1218 349 1270 ponit
369 1220 559 1269 respectu
579 1215 771 1268 producti
796 1229 804 1254 z
828 1213 914 1261 sed,
939 1210 1175 1251 secundum
1195 1220 1260 1247 ra-

230 1289 390 1329 tionem
408 1287 695 1340 intelligendi,
717 1285 855 1338 prima
883 1283 989 1324 ratio
1010 1278 1261 1333 respiciendi

230 1360 416 1413 aliquem
435 1364 481 1400 ut
496 1360 751 1413 productum
766 1390 776 1407 ,
798 1360 859 1397 est
883 1353 1100 1408 generatio
1125 1368 1131 1393 :
1156 1362 1260 1403 ergo

231 1432 281 1472 ad
302 1431 635 1472 innascibilitatis
661 1429 911 1483 positionem
933 1425 1126 1479 sequitur
1144 1423 1260 1477 posi-

229 1505 287 1545 tio
307 1503 590 1556 generationis
611 1516 621 1543 :
643 1503 790 1554 igitur,
813 1504 889 1541 etc.

282 1575 421 1617 Movet
441 1575 570 1615 etiam
589 1574 768 1616 verbum
788 1571 957 1622 Hilarii,
980 1569 1051 1611 vssx‘ll
1072 1569 1123 1610 de
1156 1568 1252 1609 Tri-

227 1649 392 1699 m'mtte,
413 1648 488 1688 ubi
507 1647 605 1688 dicit
624 1646 736 1699 quod
754 1645 874 1686 Pater
895 1646 956 1684 est
976 1645 1124 1684 auctor
1137 1641 1229 1682 Filii
1247 1655 1255 1681 :

227 1723 387 1761 constat
406 1722 549 1761 autem
564 1751 574 1768 ,
595 1718 710 1771 quod
730 1730 805 1771 per
824 1719 1041 1758 auctorem
1059 1713 1258 1765 intelligit

227 1804 313 1832 non
331 1793 531 1832 factorem
545 1823 555 1842 ,
578 1791 649 1831 sed
668 1789 907 1842 genitorem
928 1803 936 1829 ε
960 1799 1009 1828 eo
1029 1798 1134 1839 ergo
1155 1797 1257 1826 con-

226 1863 344 1905 venit
363 1863 474 1903 Patri
497 1874 585 1903 esse
605 1861 844 1914 genitorem
857 1893 867 1912 ,
889 1872 975 1913 quo
995 1857 1193 1900 convenit
1217 1856 1257 1898 01

226 1948 313 1976 0550
330 1938 547 1976 auctorem
567 1949 576 1975 :
599 1936 815 1975 auctorem
834 1935 977 1973 autem
994 1943 1083 1972 esse
1101 1942 1257 1972 conve-

225 2007 287 2047 nit
307 2007 344 2047 ei
364 2019 438 2059 per
457 2006 499 2047 id
517 2006 630 2059 quod
658 2006 757 2046 dicit
778 2004 1068 2046 auctoritatem
1095 2015 1184 2044 esse
1211 2002 1256 2042 in

225 2078 347 2119 Patre
368 2093 376 2119 z
396 2079 467 2119 sed
487 2090 656 2119 summa
676 2077 901 2118 auctoritas
912 2079 973 2117 est
992 2076 1034 2115 in
1051 2074 1172 2116 Patre
1187 2087 1256 2115 ra-

223 2150 338 2191 tione
357 2149 691 2190 innascibilitatis
714 2162 723 2189 :
747 2160 851 2200 ergo
872 2146 1072 2188 convenit
1089 2146 1251 2199 hypos-

222 2219 301 2259 tasi
326 2218 459 2259 Patris
482 2218 644 2258 ratione
671 2215 1005 2257 innascibilitatis
1028 2225 1249 2267 generare.

222 2288 274 2329 Et
305 2289 384 2329 1100
409 2288 606 2329 videntur
632 2288 768 2328 dicere
805 2287 936 2328 verba
969 2286 1144 2335 Hilarii,
1179 2284 1250 2325 XII

222 2359 273 2402 cle
310 2360 542 2411 Τνῖηῐίαῐε,
574 2360 606 2400 51
636 2360 731 2412 (11115
758 2359 969 2409 attendat3
1001 2360 1041 2398 et
1063 2357 1254 2398 similiter

223 2433 269 2472 in
303 2436 470 2485 quarto.

277 2503 417 2545 Movet
436 2504 564 2544 etiam
582 2503 762 2545 verbum
784 2502 1028 2556 Philosophi
1044 2507 1072 2552 ¹,
1095 2502 1169 2555 qui
1189 2501 1254 2542 di—

223 2575 279 2614 cit
298 2575 411 2628 quod
429 2575 649 2628 principia,
669 2578 828 2627 quanto
847 2577 947 2615 sunt
962 2574 1118 2627 priora,
1137 2576 1252 2613 tanto

222 2647 472 2699 potentiora,
486 2650 526 2687 et
545 2647 658 2700 quod
677 2659 803 2687 causa
822 2647 960 2699 prima
981 2646 1076 2699 plus
1090 2645 1248 2696 influit,

223 2721 263 2758 et
286 2719 400 2771 quod
425 2731 522 2771 quaa
544 2722 605 2759 est
629 2719 874 2772 simpliciter
897 2719 1056 2771 prima,
1086 2730 1253 2759 summe

222 2791 348 2831 habet
367 2792 546 2833 influere
566 2804 639 2845 per
664 2804 835 2833 omnem
857 2792 1048 2833 modum.
1073 2790 1116 2832 Si
1144 2803 1249 2843 ergo

222 2861 418 2902 videmus
436 2864 481 2903 in
501 2864 648 2904 ordine
667 2875 915 2914 causarum,
940 2863 1048 2903 inter
1068 2875 1173 2915 quas
1191 2865 1254 2903 est

223 2934 326 2974 ordo
358 2936 586 2976 essentialis
605 2969 615 2987 ,
653 2936 768 2989 quod
797 2935 989 2989 primitas
1031 2935 1130 2975 facit
1163 2947 1252 2975 esse

223 3018 437 3047 summam
458 3008 724 3048 influentiam
743 3008 788 3047 in
809 3019 948 3058 causa,
983 3010 1023 3047 et
1045 3008 1252 3059 majorem

222 3076 490 3117 influentiam
513 3078 748 3119 secundum
768 3078 1014 3127 essentiam3
1053 3077 1144 3129 pari
1179 3089 1252 3117 ra-

223 3148 337 3190 tione
352 3180 361 3196 ,
386 3148 457 3189 11111
478 3152 538 3189 051
556 3150 658 3190 ordo
678 3161 956 3203 personarum
969 3181 979 3200 ,
997 3148 1189 3201 primitas
1207 3148 1252 3188 in

223 3219 362 3271 prima
388 3231 566 3272 persona
598 3224 659 3260 est
696 3221 803 3261 ratio
827 3219 1084 3274 producendi
1119 3219 1248 3260 alias:

224 3293 265 3330 et
291 3292 391 3344 quia
416 3290 673 3331 innascibilis
706 3292 804 3332 dicit
836 3292 1120 3344 primitatem,
1150 3291 1251 3331 hinc

223 3366 284 3402 est
325 3363 439 3416 quod
473 3362 572 3404 dicit
599 3363 798 3403 fontalem
825 3364 1134 3416 plenitudinem
1162 3375 1251 3404 res-

222 3437 347 3486 pectu
367 3434 654 3487 productionis
680 3435 925 3487 personalis.
961 3435 1011 3476 Et
1037 3436 1169 3489 hujus
1194 3435 1249 3475 51-

223 3517 361 3557 gnum
388 3507 610 3557 videmus,
640 3507 754 3559 quod
783 3507 921 3559 prima
950 3507 994 3546 in
1023 3507 1252 3558 generibus

268 3589 276 3609 ¹
293 3587 363 3619 Lib.
383 3588 422 3618 (Ic
441 3590 570 3627 Ccmsis,
591 3592 678 3621 auct.
695 3589 815 3621 incest.
829 3606 868 3611 —
884 3590 896 3610 ²
911 3589 993 3622 nist.
1010 3597 1071 3622 vu.

1001 258 1415 304 SENTENTIARUM
1443 260 1541 316 LIB.
1573 261 1605 302 I.

1336 357 1435 390 sunt
1463 351 1669 403 principia
1695 350 1903 399 aliorum;
1932 351 1973 390 et
2000 361 2098 402 quae
2127 352 2228 390 sunt
2253 350 2358 391 sim—

1336 420 1498 473 pliciter
1517 422 1654 474 prima
1670 453 1680 472 ,
1703 421 1760 461 ita
1779 420 1891 473 quod
1912 419 1957 459 in
1976 419 2035 459 eis
2058 419 2109 459 sit
2129 422 2261 460 status
2274 452 2284 470 ,
2314 423 2362 461 ut

1335 491 1379 530 in
1394 492 1586 544 pluribus
1602 492 1756 532 habent
1767 491 1996 544 potentiam
2011 490 2236 540 infinitam,
2254 491 2362 531 sicut

1336 566 1518 614 punctus
1546 566 1738 616 respectu
1764 563 1995 612 linearum,
2034 565 2074 602 et
2101 562 2242 602 unitas
2271 574 2362 601 res-

1336 637 1459 685 pectu
1482 647 1761 675 numerorum
1778 667 1787 685 ,
1819 635 1875 674 510
1896 634 2023 674 0113111
2052 633 2195 673 divina
2216 644 2362 673 essen—

1335 705 1394 744 tia
1407 737 1416 754 ,
1436 706 1537 758 quia
1556 706 1691 758 prima
1712 709 1902 758 respectu
1920 707 2224 745 creaturarum.
2246 702 2362 743 Unde

1335 773 1539 823 fortassis,
1571 774 1673 826 quia
1705 774 1848 814 divina
1883 774 2063 814 essentia
2099 775 2160 813 est
2193 772 2358 824 prima,

1335 844 1428 884 ideo
1461 847 1523 885 est
1550 845 1976 897 omnipotentissima.
2008 844 2058 885 Et
2094 843 2194 896 quia
2223 842 2363 883 omnis

1337 916 1516 956 essentia
1543 916 1735 968 sequitur
1764 917 1987 956 essentiam
2006 915 2138 955 trium
2169 924 2364 967 persona-

1334 1000 1453 1037 rum,
1476 987 1734 1040 impossibile
1753 991 1811 1028 est
1829 988 1943 1040 quod
1963 1000 2049 1028 una
2066 998 2245 1040 persona
2262 997 2361 1038 pro-

1335 1059 1460 1099 ducat
1491 1059 1648 1111 aliquid
1687 1060 1776 1099 sine
1809 1059 1951 1100 altera.
1986 1059 2190 1109 Quamvis
2219 1060 2362 1098 autem

1335 1130 1521 1182 potentia
1558 1130 1815 1183 producendi
1851 1134 2044 1183 respectu
2085 1142 2362 1185 personarum

1334 1200 1600 1241 infinitarum
1630 1214 1717 1242 non
1743 1202 1934 1243 debuerit
1959 1215 2070 1252 esse,
2101 1203 2209 1243 sicut
2235 1214 2362 1254 supra

1335 1272 1668 1313 demonstratum
1697 1277 1757 1314 est
1792 1278 1828 1323 ‘-';
1863 1277 2075 1324 attamen,
2109 1274 2142 1313 si
2173 1285 2247 1326 per
2275 1273 2360 1313 im-

1334 1345 1529 1397 possibile
1546 1348 1775 1398 poneretur
1794 1345 1907 1398 quod
1928 1345 2041 1385 mille
2061 1357 2251 1398 personae
2269 1358 2362 1398 pro-

1334 1416 1602 1467 ducerentur,
1624 1428 1790 1457 necesse
1821 1419 1928 1457 esset
1958 1416 2070 1469 quod
2104 1429 2252 1458 omnes
2278 1418 2362 1457 im-

1334 1488 1512 1528 mediate
1535 1488 1805 1541 procederent
1824 1501 1849 1528 a
1868 1499 2050 1540 persona
2064 1487 2223 1538 Patris;
2243 1489 2358 1541 quia,

1333 1559 1440 1600 sicut
1465 1572 1592 1600 causa
1617 1560 1756 1612 prima
1781 1559 2017 1601 necessario
2048 1560 2093 1600 in
2121 1560 2238 1600 omni
2260 1573 2363 1614 pro-

1333 1634 1528 1675 ductione
1561 1635 1753 1687 sequenti
1786 1634 2028 1675 immediate
2057 1636 2278 1688 operatur,
2306 1635 2364 1675 sic

1332 1718 1410 1746 5110
1430 1706 1555 1747 modo
1574 1706 1618 1746 in
1637 1706 1842 1759 personis.

1385 1778 1449 1819 Ad
1484 1779 1565 1819 hoc
1595 1781 1739 1820 autem
1770 1781 1912 1821 movet
1941 1779 2065 1820 ratio.
2097 1779 2214 1820 Sicut
2247 1779 2362 1820 enim

1331 1850 1525 1903 possibile
1545 1853 1606 1891 est
1625 1851 1808 1904 intelligi
1832 1851 2093 1904 hypostasim
2121 1850 2256 1891 Patris
2273 1882 2283 1900 ‚
2320 1853 2362 1891 et

1330 1920 1444 1973 Filii,
1466 1934 1553 1963 non
1573 1922 1783 1964 intellecta
1802 1922 2020 1976 hypostasi
2041 1921 2225 1975 Spiritus
2243 1934 2362 1962 sanc-

1330 1993 1383 2045 ti,
1405 1994 1463 2034 sic
1483 1994 1611 2035 etiam
1633 1994 1828 2047 possibile
1860 1997 1921 2035 est
1953 1994 2133 2046 intelligi
2154 1993 2357 2047 hyposta—

1329 2065 1409 2105 sim
1429 2064 1585 2115 Patris,
1608 2066 1725 2106 nulla
1744 2066 1825 2106 alia
1843 2078 2023 2118 persona
2049 2065 2258 2105 intellecta
2279 2077 2288 2105 :
2317 2066 2358 2104 et

1328 2139 1431 2176 111110
1460 2137 1634 2190 quidem
1666 2137 1976 2189 intelligeretur
1993 2168 2004 2185 ,
2033 2148 2121 2176 non
2150 2135 2357 2176 intellecta

1328 2211 1577 2264 paternitate
1594 2226 1602 2252 ε
1626 2214 1668 2252 01
1686 2214 1848 2252 certum
1867 2214 1929 2251 est
1948 2210 2063 2264 quod
2083 2210 2276 2263 possibile
2297 2211 2358 2250 est

1328 2287 1408 2328 hoc
1437 2287 1617 2340 intelligi
1645 2299 1655 2327 :
1686 2299 1914 2340 possumus
1945 2286 2081 2338 enim,
2112 2299 2199 2327 non
2231 2286 2356 2327 intel-

1327 2358 1433 2398 lecta
1450 2370 1731 2411 personarum
1751 2358 1988 2411 pluralitate
2003 2390 2013 2409 ,
2032 2358 2271 2410 intelligere
2288 2357 2353 2399 di-

1327 2430 1474 2470 vinam
1491 2433 1690 2471 naturam
1706 2462 1717 2480 ,
1737 2432 1777 2470 et
1786 2430 2014 2470 habentem
2028 2429 2163 2480 illam,
2187 2432 2227 2470 et
2244 2429 2358 2482 quod

1327 2500 1443 2541 illam
1476 2513 1563 2542 non
1594 2501 1746 2541 habeat
1784 2501 1837 2540 ab
1867 2500 1947 2541 alia
1982 2515 1991 2541 :
2025 2501 2084 2541 ita
2113 2501 2358 2553 intelligunt

1327 2575 1519 2628 gentiles.
1542 2575 1679 2628 Igitur
1699 2607 1709 2624 ,
1732 2575 1791 2615 sic
1809 2575 2084 2627 intelligendo
2099 2607 2110 2626 ,
2147 2575 2357 2626 contingit

1327 2647 1377 2687 de
1396 2647 1474 2687 isto
1502 2647 1639 2687 dicere
1660 2649 1701 2687 et
1725 2646 1961 2698 intelligere
1990 2646 2103 2699 quod
2123 2646 2252 2699 possit
2275 2658 2356 2698 ge-

1326 2730 1490 2759 nerare.
1514 2717 1594 2759 Per
1615 2718 1718 2771 quid
1738 2730 1842 2770 ergo
1864 2719 2028 2772 potest?
2049 2717 2162 2759 Nihil
2181 2718 2354 2760 invenio

1327 2789 1371 2830 in
1391 2790 1462 2830 illa
1480 2790 1695 2843 hypostasi
1715 2803 1801 2831 non
1830 2802 2081 2842 commune,
2103 2793 2257 2843 praeter
2284 2790 2355 2830 in-

1326 2862 1662 2902 nascibilitatem.
1689 2861 1733 2902 Si
1753 2874 1855 2914 ergo
1879 2863 2097 2915 generatio
2115 2874 2203 2902 non
2222 2864 2356 2915 potest

1327 2933 1366 2974 ei
1385 2933 1520 2974 inesse
1539 2946 1614 2987 per
1632 2934 1736 2975 illud
1755 2935 1868 2988 quod
1890 2938 1951 2975 est
1972 2946 2199 2976 commune
2213 2965 2223 2984 ‚
2246 2934 2355 2974 inest

1327 3006 1366 3046 01
1389 3018 1464 3058 per
1480 3006 1584 3047 illud
1604 3007 1717 3059 quod
1738 3010 1798 3047 est
1823 3007 2069 3060 proprium3
2104 3006 2184 3047 1100
2211 3009 2354 3047 autem

1327 3080 1387 3118 est
1406 3078 1708 3118 innascibilitas
1727 3093 1735 3119 :
1758 3090 1861 3130 ergo
1875 3110 1885 3130 ,
1908 3082 1987 3119 010.

1382 3149 1541 3190 Rursus
1554 3181 1567 3200 ,
1591 3150 1699 3190 510111
1714 3150 1909 3191 videmus
1929 3150 2071 3203 plures
2090 3161 2290 3202 personas
2308 3150 2353 3190 in

1326 3232 1414 3261 una
1433 3224 1609 3272 natura,
1631 3221 1691 3261 sic
1722 3221 1863 3274 plures
1892 3221 2165 3274 proprietates
2196 3221 2240 3261 in
2268 3233 2354 3262 una

1325 3304 1526 3346 persona:
1541 3305 1645 3345 ergo
1660 3293 1766 3335 510111
1784 3293 1835 3334 ad
1854 3293 2152 3346 perfectionem
2173 3292 2353 3346 comple-

1324 3364 1530 3404 tissimam
1551 3376 1716 3405 necesse
1736 3368 1799 3405 est
1817 3376 1964 3405 omnes
1987 3376 2188 3418 personas
2206 3364 2351 3405 reduci

1325 3436 1378 3477 ad
1396 3448 1550 3488 unam,
1580 3449 1677 3490 quae
1700 3437 1753 3478 sit
1770 3435 2034 3490 principium
2060 3435 2269 3486 aliarum;
2291 3435 2350 3475 510

1325 3520 1473 3548 01111105
1486 3509 1760 3561 proprietates
1772 3519 1964 3560 personae
1977 3507 2122 3548 reduci
2135 3507 2188 3548 ad
2200 3518 2348 3556 unam,

1324 3590 1422 3632 quae
1447 3579 1499 3619 sit
1523 3579 1630 3620 ratio
1650 3579 1822 3620 illarum
1845 3593 1854 3619 :
1875 3579 1948 3620 sed
1967 3578 2014 3619 in
2043 3577 2165 3619 Patre
2187 3579 2248 3619 est
2272 3589 2349 3630 pa-
