2613 3990
91 1366 196 1395 Coroll-

869 275 996 316 DIST.
1028 274 1132 314 XIII.
1163 274 1280 316 ART.
1316 276 1344 316 l.
1377 274 1574 325 QUAEST.
1608 277 1677 317 III.

229 364 390 404 neratio
421 366 462 404 et
487 365 672 417 spiratio,
698 365 750 405 ad
777 376 846 404 eas
874 363 1157 416 consequitur,
1177 376 1246 404 se—

229 434 418 475 cundum
450 436 654 476 rationem
695 434 975 486 intelligendi,
1016 435 1250 475 differentia

229 505 386 557 duplex
408 520 416 546 :
439 519 538 557 una,
561 507 660 559 quia
681 505 898 557 generatio
915 508 974 545 est
993 505 1046 545 ab
1061 517 1163 554 uno,
1179 506 1249 546 sed

228 576 400 628 spiratio
427 590 451 617 a
476 577 668 617 duobus:
691 576 790 628 quia
819 576 931 616 enim
951 577 1167 628 generatio
1190 580 1251 617 est

229 648 438 688 emanatio
467 660 541 701 per
572 648 746 688 modum
770 648 962 700 perfectae
987 648 1251 688 assimilatio-

228 718 307 769 nis,
329 719 421 759 ideo
441 720 493 760 ad
513 731 648 759 unum
668 718 923 771 principium
944 718 1129 771 respicit3
1153 720 1252 772 quia

228 801 331 830 vero
353 790 525 843 spiratio
544 792 605 830 est
624 789 833 829 emanatio
852 801 926 842 per
952 790 1127 830 modum
1150 802 1250 830 con-

229 861 437 910 nexionis,
460 861 552 902 ideo
572 862 634 900 est
653 873 677 900 a
697 860 876 901 duobus.
904 860 996 900 Alia
1015 861 1253 902 differentia

230 932 350 972 estin
367 932 678 984 comparatione
699 931 748 972 ad
767 943 842 971 1105
861 943 870 971 :
903 932 1002 984 quia
1027 932 1139 972 enim
1159 933 1252 986 Spi-

229 1004 336 1044 ritus
365 1005 532 1044 sanctus
563 1003 747 1057 spiratur
778 1006 825 1043 ut
852 1007 1035 1051 nectens,
1066 1007 1107 1044 et
1134 1005 1190 1045 ita
1210 1005 1252 1044 in

230 1075 410 1116 alterum
439 1075 613 1115 tendens
627 1107 636 1123 ,
657 1074 749 1115 ideo
771 1074 950 1127 Spiritus
969 1078 1137 1116 sanctus
1156 1088 1253 1128 pro-

230 1146 336 1187 cedit
355 1149 402 1186 ut
421 1145 626 1186 donabilis
646 1160 655 1185 :
680 1145 811 1186 Filius
828 1158 931 1187 vero
951 1150 1195 1198 generatur,
1214 1150 1255 1187 et

231 1217 445 1268 generatio
471 1229 558 1257 non
577 1217 745 1269 respicit
766 1218 953 1258 tertium.
979 1217 1057 1258 Per
1076 1217 1152 1258 has
1173 1218 1253 1258 dif-

232 1288 425 1329 ferentias
454 1289 689 1330 necessario
716 1289 880 1329 elicitur
903 1289 1058 1329 harum
1087 1301 1255 1330 emana-

228 1360 394 1400 tionum
435 1360 782 1411 concomitantia,
830 1360 931 1413 quia
973 1360 1144 1413 spiratio
1187 1360 1257 1400 dat

229 1430 554 1484 praeintelligere
570 1432 886 1483 generationem
908 1446 916 1472 z
933 1443 1019 1471 non
1033 1431 1148 1472 enim
1162 1444 1256 1472 nec-

229 1505 378 1545 tuntur
396 1503 478 1543 nisi
497 1503 677 1543 distincti
695 1506 735 1543 et
753 1503 924 1553 51011165,
946 1506 987 1543 61
1003 1504 1060 1543 ita
1077 1503 1136 1543 illi
1152 1515 1256 1555 quo-

230 1587 328 1615 rum
348 1586 461 1615 unus
481 1577 542 1615 est
561 1575 613 1614 ab
631 1574 712 1615 alio
735 1571 809 1627 per
835 1575 1162 1626 generationem.
1191 1574 1256 1614 Si-

231 1645 385 1687 militer
414 1646 632 1698 generatio
662 1647 732 1687 dat
767 1649 1071 1699 consequenter
1101 1646 1256 1686 intelli-

231 1730 332 1770 gere
343 1718 635 1771 spirationem:
649 1730 815 1758 necesse
827 1722 887 1758 est
897 1718 1011 1758 enim
1023 1718 1254 1768 distinctos,

231 1791 271 1830 et
290 1789 462 1830 omnino
491 1789 663 1841 similes,
694 1802 767 1843 per
790 1789 1035 1830 deliciosum
1067 1802 1256 1829 amorem

232 1862 453 1913 conjungi.
499 1862 781 1908 Concedendae
813 1873 916 1913 ergo
947 1864 1044 1901 sunt
1075 1862 1258 1901 rationes

232 1932 455 1985 probantes
470 1934 584 1986 quod
606 1933 820 1981 differunt,
839 1933 947 1973 sicut
968 1935 1029 1973 est
1056 1933 1257 1973 manifes-

232 2005 365 2043 tatum
391 2004 435 2043 in
462 2004 715 2055 rationibus3
750 2004 820 2044 sed
852 2004 934 2044 illae
959 2004 1142 2044 rationes
1172 2016 1256 2045 non

231 2077 332 2115 sunt
350 2078 533 2128 sumptae
562 2088 587 2115 a
611 2076 757 2128 priori.
785 2076 925 2128 Aliqui
945 2078 1086 2115 tamen
1105 2076 1256 2117 volue-

230 2149 331 2186 runt
357 2147 573 2200 assignare
597 2148 699 2188 alias
718 2148 988 2198 differentias,
1014 2151 1054 2188 et
1084 2148 1258 2200 quidam

233 2230 308 2271 per
325 2218 414 2259 vim
435 2219 695 2272 spirativam,
725 2222 766 2260 et
784 2219 1090 2271 generativam,
1112 2220 1260 2260 dicunt

231 2289 399 2331 differre
420 2306 428 2332 :
463 2291 533 2331 sed
565 2291 658 2332 haec
676 2291 911 2331 differentia
935 2291 1116 2332 declarat
1134 2292 1258 2344 igno-

230 2363 324 2402 tum
348 2374 423 2414 per
446 2361 651 2414 ignotius.
675 2363 753 2402 Alii
774 2362 900 2403 etiam
921 2363 1120 2403 dixerunt
1146 2364 1259 2416 quod

231 2430 365 2473 Filius
395 2434 582 2486 procedit
608 2446 683 2486 per
712 2434 888 2491 ‘modum
925 2446 1034 2483 esse,
1081 2434 1260 2487 Spiritus

230 2507 400 2545 sanctus
413 2517 487 2558 per
501 2505 677 2546 modum
691 2505 798 2545 bene
813 2518 901 2546 esse
916 2520 925 2546 ε
942 2506 1013 2546 5611
1027 2506 1119 2547 haec
1130 2507 1259 2547 verba

230 2588 317 2617 non
330 2579 429 2617 sunt
442 2589 558 2627 sana,
574 2588 652 2617 nec
662 2577 736 2617 tali
750 2578 938 2618 materiae
950 2578 1255 2619 convenientia.

285 2650 323 2688 1.
359 2647 423 2688 Ad
456 2648 561 2688 illud
590 2660 694 2701 ergo
728 2649 841 2701 quod
871 2649 1008 2702 primo
1040 2649 1257 2702 objicitur,

231 2720 379 2759 utrum
406 2719 528 2761 Pater
548 2720 676 2774 spiret
703 2721 747 2761 in
768 2724 977 2774 quantum
998 2734 1130 2773 1111115,
1155 2726 1256 2774 etc.;

231 2789 460 2832 dicendum·
476 2792 589 2844 quod
609 2792 750 2832 necin
774 2797 986 2845 quantum
1014 2806 1154 2844 111105,
1183 2807 1261 2835 nec

231 2861 274 2901 in
300 2865 510 2915 quantum
526 2863 689 2916 plures,
713 2864 781 2905 sed
800 2864 844 2904 in
862 2868 1072 2917 quantum
1091 2865 1197 2914 alio,
1220 2869 1260 2906 et

232 2931 313 2972 alio
331 2933 456 2974 modo
473 2945 516 2974 se
534 2934 710 2984 habens,
729 2935 828 2987 quia
842 2935 923 2976 alio
937 2936 1061 2976 modo
1075 2949 1117 2977 se
1134 2937 1261 2978 habet

233 3003 284 3043 ad
303 3003 457 3045 Filium
469 3037 478 3055 ,
500 3005 581 3047 alio
600 3006 726 3047 modo
745 3006 794 3047 ad
820 3006 1027 3059 Spiritum
1045 3011 1254 3050 sanctum.

234 3073 314 3115 Iste
342 3079 485 3117 autem
511 3077 619 3119 alius
638 3080 679 3118 et
702 3078 811 3119 alius
831 3079 983 3120 modus
1010 3092 1054 3121 se
1075 3080 1258 3122 habendi

234 3157 321 3186 non
338 3152 549 3200 repugnat
572 3149 726 3190 unitati
753 3150 998 3192 substantiae
1022 3152 1090 3193 vel
1108 3165 1257 3205 perso-

235 3228 317 3258 nae.
338 3215 418 3259 Sed
445 3217 568 3260 Pater
595 3223 635 3261 et
663 3220 794 3262 Filius
823 3221 984 3274 spirant
1003 3223 1048 3263 in
1067 3235 1116 3264 eo
1145 3224 1259 3277 quod

235 3300 373 3329 unum
392 3302 480 3331 uno
498 3292 622 3332 modo
642 3304 685 3333 se
705 3292 863 3333 habens
893 3307 901 3333 :
932 3293 1031 3335 inde
1057 3298 1119 3336 est
1147 3296 1259 3349 quod

235 3358 393 3412 duplex
416 3363 478 3402 est
502 3364 709 3414 processio
735 3363 830 3404 Filii
853 3367 894 3405 et
921 3363 1101 3418 Spiritus
1127 3367 1260 3408 sancti

238 3443 263 3471 a
281 3430 402 3472 Patre
423 3446 433 3472 ε
449 3433 520 3473 5611
532 3446 619 3475 una
636 3438 697 3476 est
713 3436 899 3489 spiratio,
919 3436 1009 3478 sive
1030 3439 1254 3491 processio,

235 3501 414 3556 Spiritus
435 3505 607 3546 sanctia
626 3505 746 3548 Patre
765 3510 807 3549 et
825 3507 946 3549 Filio.

261 3589 272 3610 ¹
285 3588 339 3620 Sic
347 3588 459 3630 arguit
470 3589 590 3622 Scotus
604 3594 696 3624 cont.
710 3594 828 3634 fleur„
840 3594 888 3626 lit.
902 3595 939 3627 C.
951 3596 1023 3626 Hoc
1035 3595 1113 3628 dicit
1125 3596 1255 3627 Albert.

2264 285 2339 323 227

1376 368 1413 405 2.
1437 364 1499 405 Ad
1518 364 1621 406 illud
1641 365 1754 418 quod
1774 366 1984 419 objicitur,
2002 369 2114 420 quod
2131 372 2284 411 natura
2303 374 2343 412 et

1321 436 1518 477 voluntas
1538 435 1581 475 in
1603 436 1684 477 Deo
1703 440 1802 478 sunt
1821 437 1950 488 idem;
1973 439 2197 480 dicendum
2214 442 2340 493 quod,

1323 507 1398 547 etsi
1430 509 1582 546 natura
1607 510 1648 547 et
1675 508 1872 549 voluntas
1899 509 1943 549 in
1977 509 2058 550 Deo
2086 511 2344 553 considerata

1324 578 1511 618 absolute
1542 578 1624 618 sint
1656 579 1793 630 idem,
1828 583 1970 621 tamen
1998 581 2155 634 aliquid
2180 583 2346 635 respicit

1324 649 1522 689 voluntas
1553 652 1599 689 ut
1629 650 1826 691 voluntas
1854 651 1899 691 in
1929 652 2089 693 ratione
2125 653 2343 707 principii,

1325 721 1436 773 quod
1459 732 1545 760 non
1565 721 1731 773 respicit
1750 724 1902 762 natura
1920 726 1968 763 ut
1990 726 2157 764 natura.
2180 724 2230 765 Et
2251 725 2347 765 inde

1325 794 1385 832 est
1417 791 1550 844 quod,
1577 791 1684 832 sicut
1713 805 1799 833 non
1834 794 2026 846 sequitur
2051 795 2120 848 (a),
2155 799 2348 836 creatura

1325 866 1386 903 est
1407 875 1432 903 a
1456 862 1536 903 Deo
1556 875 1629 915 per
1649 864 1824 905 modum
1844 865 2075 907 voluntatis
2090 898 2099 916 ,
2121 867 2235 920 quod
2257 867 2349 908 ideo

1326 934 1378 974 sit
1393 934 1519 974 etiam
1533 947 1607 987 per
1623 935 1798 976 modum
1815 940 1980 978 naturae
1995 952 2004 988 ;
2022 938 2226 989 similiter,
2249 939 2351 991 quia

1327 1008 1480 1046 natura
1494 1009 1534 1046 et
1553 1006 1750 1047 voluntas
1764 1011 2060 1061 comparantur
2076 1010 2127 1050 ad
2145 1010 2221 1050 has
2239 1023 2351 1051 ema-

1326 1077 1516 1117 nationes
1547 1078 1624 1118 sub
1657 1079 1818 1120 ratione
1854 1080 2050 1134 principii
2069 1113 2079 1132 ,
2118 1081 2211 1122 ideo
2246 1082 2353 1122 nihil

1327 1148 1520 1200 prohibet
1539 1148 1615 1189 has
1641 1151 1927 1192 emanationes
1945 1152 2134 1204 differre,
2156 1154 2354 1206 quamvis

1327 1219 1438 1259 idem
1456 1220 1539 1260 sint
1558 1221 1603 1260 111
1623 1222 1855 1263 substantia
1871 1226 2023 1264 natura
2039 1226 2080 1264 et
2099 1225 2311 1266 voluntas.

1383 1294 1422 1332 3.
1444 1292 1506 1332 Ad
1532 1292 1636 1333 illud
1661 1294 1774 1346 quod
1793 1295 2009 1347 objicitur,
2037 1297 2150 1349 quod
2181 1309 2355 1338 emana-

1327 1363 1462 1403 tiones
1491 1363 1690 1405 differunt
1717 1378 1846 1418 penes
1875 1367 2102 1419 terminos;
2131 1369 2354 1410 dicendum

1329 1435 1441 1486 quod
1460 1435 1506 1475 in
1522 1435 1589 1475 his
1605 1437 1875 1478 inferioribus
1887 1442 1948 1478 est
1964 1452 2130 1490 verum,
2151 1441 2225 1480 ubi
2244 1453 2356 1482 ema-

1328 1506 1444 1546 natio
1464 1507 1564 1547 dicit
1590 1520 1664 1547 ens
1691 1508 1735 1548 in
1762 1510 1949 1561 potentia
1964 1542 1975 1561 ,
1997 1513 2038 1551 et
2056 1511 2113 1551 ita
2132 1512 2355 1565 imperfec-

1329 1579 1421 1618 tum
1447 1592 1455 1618 :
1477 1590 1563 1618 non
1583 1582 1727 1619 autem
1745 1583 1805 1620 est
1821 1593 1973 1622 verum
1991 1581 2036 1622 iu
2055 1582 2159 1633 Deo,
2177 1584 2278 1636 quia
2298 1585 2356 1625 ibi

1330 1660 1417 1688 11011
1436 1649 1583 1689 dicunt
1603 1651 1738 1691 605111
1757 1653 1956 1704 potentia,
1980 1665 2057 1693 nec
2077 1653 2359 1706 imperfectio-

1331 1732 1429 1759 nem
1453 1735 1461 1760 :
1483 1721 1595 1761 unde
1615 1722 1659 1761 in
1679 1722 1836 1763 divinis
1854 1735 1941 1764 non
1961 1727 2061 1765 sunt
2082 1725 2188 1765 ratio
2208 1725 2359 1766 distin-

1331 1791 1506 1842 guendi.
1529 1791 1709 1843 Tamen,
1732 1794 1766 1834 si
1786 1794 1967 1836 velimus
1986 1796 2123 1837 dicere
2146 1797 2259 1849 quod
2279 1797 2359 1837 dif-

1330 1862 1473 1903 ferunt
1510 1876 1636 1916 penes
1674 1867 1905 1907 terminum
1922 1900 1932 1918 ,
1976 1880 2061 1908 non
2105 1868 2360 1921 accipiemus

1331 1935 1562 1976 terminum
1588 1948 1664 1989 pro
1696 1938 1947 1987 substantia,
1971 1939 2039 1980 vel
2065 1941 2266 1991 essentia3
2288 1941 2358 1982 sed

1332 2018 1408 2058 pro
1427 2006 1656 2059 liypostasi,
1678 2012 1725 2048 ut
1745 2010 1863 2062 prius
1881 2010 2076 2051 habitum
2096 2014 2171 2052 est.

1386 2078 1425 2119 [ι.
1446 2079 1509 2119 Α11
1528 2079 1632 2120 illud
1649 2080 1760 2132 quod
1781 2081 2003 2134 quaeritur,
2030 2085 2176 2124 utrum
2195 2083 2355 2137 seipsis,

1333 2150 1401 2190 vel
1429 2150 1547 2200 aliis;
1575 2154 1687 2203 patet
1715 2153 1828 2205 quod
1856 2153 2016 2206 seipsis.
2042 2154 2091 2195 Et
2111 2155 2162 2196 ad
2185 2155 2226 2196 id
2246 2156 2359 2208 quod

1333 2221 1545 2274 objicitur,
1577 2223 1691 2275 quod
1712 2236 1800 2265 non
1828 2225 1984 2266 habent
2003 2238 2091 2267 esse
2117 2239 2141 2267 a
2162 2240 2228 2277 se,
2256 2240 2360 2280 ergo

1333 2305 1411 2333 nec
1447 2293 1672 2346 distingui3
1712 2295 1939 2337 dicendum
1981 2298 2093 2350 quod
2129 2298 2233 2340 illud
2273 2312 2360 2340 non

1333 2367 1447 2405 tenet
1483 2365 1527 2405 in
1565 2378 1653 2406 esse
1684 2367 1904 2419 originali3
1946 2370 2143 2422 quamvis
2183 2371 2298 2411 enim
2337 2383 2361 2411 a

1334 2448 1490 2488 genere
1522 2437 1769 2479 differentiae
1800 2439 1985 2481 habeant
2017 2444 2184 2492 ortum,
2218 2445 2359 2484 tamen

1334 2520 1419 2548 non
1440 2508 1764 2561 distinguuntur
1779 2524 1805 2552 a
1823 2524 1994 2564 genere,
2017 2514 2089 2555 sed
2110 2527 2133 2555 a
2153 2514 2311 2568 seipsiS.

1388 2581 1427 2620 5.
1455 2580 1519 2621 Ad
1538 2581 1643 2621 illud
1664 2583 1777 2634 quod
1797 2583 2009 2636 objicitur,
2030 2598 2114 2639 quo
2134 2587 2259 2628 modo
2278 2588 2360 2628 dif-

1334 2651 1489 2701 ferunt,
1508 2655 1583 2692 aut
1599 2653 1867 2695 substantiali
1885 2659 1961 2696 aut
1975 2657 2219 2699 accidentali
2240 2659 2361 2700 diffe-

1334 2723 1491 2773 rentia3
1509 2723 1733 2766 dicendum
1751 2727 1865 2779 quod
1879 2727 2180 2770 insufficienter
2196 2730 2358 2781 dividit,

1334 2794 1433 2847 quia
1450 2794 1495 2834 in
1515 2795 1672 2836 divinis
1690 2800 1752 2838 est
1770 2798 2026 2840 relationum
2045 2800 2297 2854 differentia,
2317 2805 2361 2843 ut

1334 2866 1434 2906 dicit
1460 2867 1730 2919 Augustinus
1752 2868 1798 2909 in
1820 2869 1970 2922 quinto
1994 2870 2102 2912 libro
2127 2871 2178 2914 de
2215 2873 2361 2916 Trini-

1336 2941 1419 2980 tate
1435 2938 1469 2982 ‘³;
1485 2950 1582 2991 quae
1597 2951 1674 2979 nec
1689 2940 1966 2992 accidentalis,
1985 2954 2062 2983 nec
2075 2943 2361 2986 substantialis

1335 3012 1410 3058 est,
1432 3010 1503 3050 sed
1524 3011 1661 3062 magis
1677 3011 1830 3052 dicitur
1847 3012 2081 3065 originalis.

1388 3083 1427 3121 6.
1451 3081 1515 3122 Ad
1543 3082 1647 3123 illud
1678 3083 1792 3135 quod
1822 3083 2023 3136 objicitur
2049 3086 2100 3127 de
2126 3089 2358 3141 creatione,

1335 3150 1559 3193 dicendum
1588 3153 1701 3205 quod
1718 3185 1728 3202 ,
1761 3154 1922 3196 ratione
1951 3159 2189 3208 connotati,
2224 3150 2361 3213 magis

1335 3222 1474 3263 differt
1494 3223 1673 3273 creati03
1694 3224 1765 3264 sed
1781 3225 1944 3267 ratione
1962 3228 2203 3282 principalis
2222 3231 2360 3283 signi-

1334 3293 1445 3333 ficati
1465 3306 1553 3335 non
1577 3296 1745 3335 tantum
1776 3295 2000 3351 differunt,
2028 3301 2130 3353 quia
2151 3314 2239 3342 non
2262 3305 2360 3343 tan-

1334 3365 1428 3404 tum
1463 3364 1603 3406 differt
1636 3366 1814 3408 essentia
1849 3381 1875 3409 a
1905 3381 2085 3422 persona
2101 3404 2111 3423 ,
2150 3375 2358 3425 quantum

1333 3447 1514 3488 persona
1537 3448 1563 3477 a
1590 3449 1781 3490 persona.
1805 3438 1923 3481 Unde
1943 3443 2198 3494 praedicatur
2217 3456 2358 3485 essen-

1332 3506 1486 3548 tialiter
1513 3507 1565 3548 de
1592 3520 1792 3561 persona,
1822 3523 1901 3552 nec
1933 3512 2032 3554 facit
2061 3513 2203 3566 aliquo
2233 3515 2360 3557 modo

1334 3597 1394 3618 —2
1405 3598 1501 3637 Aug„
1513 3596 1552 3627 de
1563 3596 1746 3638 Tm'n.‚1.v,
1758 3608 1787 3630 c.
1798 3607 1830 3638 V,
1840 3608 1873 3630 n.
1887 3601 2013 3641 (is—(11)
2026 3601 2141 3642 Suppl.
2152 3611 2244 3634 exeo
2254 3604 2357 3643 quod.
