2613 3990
67 650 88 677 A
95 650 112 677 d
130 658 178 686 op-

40 700 102 727 pos,

882 340 1010 383 DIST.
1040 340 1089 382 V.
1121 340 1242 382 ΛΒΤ.
1274 341 1304 383 Ι.
1336 340 1533 392 QUAEST.
1566 342 1615 383 Il.

197 436 326 476 totam
361 434 637 475 substantiam
667 431 819 474 dicitur
836 442 925 471 esse
944 443 969 471 a
987 431 1219 471 substantia

197 506 466 558 generantis:
489 518 592 557 ergo
622 505 714 545 haec
742 504 802 544 est
829 514 944 553 vera,
972 502 1139 543 «Filius
1159 504 1220 543 est

197 577 246 618 de
265 577 498 618 substantia
517 575 663 616 Patris.
687 589 706 612 ›>

254 648 427 689 Contra:
451 649 487 688 1.
506 645 824 699 praepositiones
837 649 935 686 sunt
951 645 1184 687 transitivae
1207 658 1216 686 :

199 723 240 760 et
258 720 331 760 ubi
345 719 548 767 transitio,
569 717 626 757 ibi
646 717 771 757 etiam
791 719 852 757 est
871 716 1077 757 distinctio
1096 718 1136 756 et
1156 716 1220 756 di—

200 791 401 832 versitas:
425 801 550 842 ergo,
582 800 680 828 cum
705 787 855 828 dicitur
880 786 1013 827 Filius
1039 787 1089 827 de
1115 786 1220 826 sub-

202 862 354 903 stantia
382 861 538 910 Patris,
559 859 651 900 haec
670 858 913 912 praepositio
941 859 1110 899 denotat
1136 857 1221 897 dis-

201 933 448 973 tinctionem
468 931 578 972 inter
594 929 872 970 substantiam
899 928 1032 969 Patris
1046 961 1056 980 ,
1085 931 1125 969 et
1150 928 1221 968 Fi-

202 1005 308 1046 lium
332 1018 341 1044 :
363 1015 480 1055 ergo,
512 1015 610 1043 cum
640 1002 757 1043 nulla
782 1002 833 1042 sit
864 1001 1088 1051 distinctio,
1122 1001 1222 1054 quia

204 1076 332 1117 Filius
349 1077 410 1115 est
435 1074 667 1115 substantia
685 1072 817 1114 Patris
834 1105 843 1122 ,
864 1073 1094 1126 propositio
1113 1085 1223 1126 prae-

203 1149 311 1190 dicta
339 1150 401 1188 θεῖ
425 1148 542 1188 falsa.
575 1146 619 1188 Si
645 1147 757 1187 dicas
777 1147 890 1199 quod
910 1146 1003 1186 heec
1020 1146 1222 1199 praeposi-

201 1221 274 1271 tio,
296 1219 361 1271 de,
384 1219 492 1261 cadit
511 1232 535 1260 a
551 1219 740 1271 generali
758 1218 995 1270 significato
1020 1218 1225 1271 praeposi-

202 1293 393 1343 tionum,
413 1292 599 1333 retinens
618 1291 816 1345 speciale,
837 1303 940 1343 ergo
958 1293 1019 1331 θεῖ
1038 1291 1096 1331 ihi
1115 1291 1223 1332 sole—

203 1365 358 1405 cismus
372 1396 382 1415 ,
405 1363 511 1405 sicut
530 1363 564 1404 si
584 1363 761 1425 dicatur,
788 1378 806 1402 (‹
828 1362 1016 1403 Sublime
1043 1363 1178 1413 volat,
1199 1377 1218 1401 »

201 1448 277 1489 pro
302 1429 562 1485 Sublimiter‚
585 1435 697 1488 quod
717 1434 893 1475 stultum
911 1437 972 1475 θεῖ
991 1434 1140 1475 dicere.

253 1510 293 1548 02.
317 1507 436 1559 Item,
456 1507 658 1560 objicitur
685 1506 735 1547 de
761 1506 996 1558 significato
1025 1506 1191 1559 speciali
1212 1520 1221 1547 :

201 1577 300 1620 Haec
318 1579 573 1632 praepositio,
596 1578 661 1629 de,
684 1580 809 1631 prout
836 1578 1039 1630 accipitur
1067 1578 1224 1631 specia-

200 1651 307 1703 liter,
329 1651 556 1705 aliquando
577 1654 743 1691 tenetur
762 1650 1046 1701 materialiter,
1068 1652 1116 1690 ut
1135 1650 1226 1691 cul-

200 1723 323 1763 tellus
344 1723 394 1763 de
413 1723 524 1763 ferro
543 1735 552 1772 ;
576 1722 801 1775 aliquando
831 1721 1088 1771 ordinaliter,
1110 1723 1157 1762 ut
1176 1721 1226 1762 de

201 1807 326 1834 mane
355 1795 402 1834 tit
427 1793 621 1834 meridies
638 1825 647 1843 ,
681 1793 723 1834 id
750 1796 812 1834 est
841 1796 932 1846 post
959 1806 1111 1843 mane3
1147 1793 1227 1833 ali-

201 1865 369 1918 quando
388 1865 663 1917 originaliter,
682 1867 731 1905 ut
749 1865 783 1905 si
801 1864 964 1905 dicatur
981 1897 991 1916 ,
1012 1865 1156 1905 radius
1176 1864 1227 1905 de

200 1936 300 1988 sole,
322 1936 389 1978 vel
412 1936 463 1990 (a)
480 1936 673 1989 splendor
693 1936 743 1976 de
762 1936 878 1988 igne.
901 1935 995 1987 Sed,
1019 1948 1227 1989 quocum-

200 2019 282 2060 que
310 2007 490 2048 istorum
521 2007 747 2048 modorum
769 2007 1011 2060 accipiatur,
1046 2008 1149 2047 salsa
1168 2009 1230 2047 θεῖ

198 2078 352 2119 locutio
374 2090 383 2118 :
400 2078 434 2118 si
455 2078 738 2129 materialiter,
758 2081 819 2118 θεῖ
834 2079 936 2119 falsa
949 2110 958 2127 ,
978 2079 1081 2131 quia
1097 2077 1229 2118 Filius

200 2151 310 2189 caret
326 2149 523 2201 materia3
541 2149 574 2189 si
594 2149 851 2200 ordinaliter,
873 2149 990 2201 falsa,
1013 2150 1114 2203 quia
1134 2163 1230 2190 sen-

200 2233 271 2262 sus
289 2223 365 2271 est,
382 2222 494 2274 quod
509 2220 642 2262 Filius
655 2222 707 2262 sit
726 2225 817 2275 post
836 2221 1018 2274 Patrem,
1036 2222 1123 2264 sive
1138 2226 1231 2276 post

201 2292 479 2334 substantiam
498 2292 651 2344 Patris;
680 2293 713 2334 si
735 2294 1012 2347 originaliter,
1039 2295 1231 2336 similiter

201 2364 318 2414 falsa,
341 2365 440 2418 quia
458 2367 562 2406 tunc
581 2368 641 2406 θεῖ
664 2377 825 2417 sensUS,
856 2366 969 2418 quod
996 2366 1127 2407 Filius
1150 2366 1230 2408 ha-

203 2437 299 2479 beat
317 2440 459 2479 ortum
478 2451 503 2478 a
521 2438 755 2479 substantia
774 2437 907 2478 Patris
926 2452 935 2478 :
956 2438 1027 2478 sed
1046 2438 1125 2479 ista
1144 2451 1232 2480 non

204 2508 442 2551 admittitur
464 2524 472 2551 ε
501 2526 520 2549 «
540 2509 782 2551 Substantia
801 2509 934 2550 Patris
958 2513 1133 2562 generat
1160 2510 1190 2551 F
1196 2512 1231 2551 i-

202 2579 312 2621 lium
333 2595 341 2622 :
362 2595 381 2619 ))
406 2593 509 2634 ergo
525 2583 586 2622 θεῖ
597 2582 770 2622 omnino
785 2581 901 2622 falsa.
925 2581 969 2621 Si
989 2582 1101 2622 dicas
1118 2583 1232 2635 quod

204 2652 324 2693 nullo
342 2652 519 2694 istorum
541 2654 784 2705 modorum,
806 2652 876 2694 sed
896 2655 1064 2694 tenetur
1082 2656 1232 2706 quarto

206 2724 330 2765 modo
350 2725 699 2776 substantialiter3
724 2725 932 2779 quaeritur
958 2725 1070 2766 unde
1089 2729 1232 2767 ortum

207 2796 360 2838 habeat
377 2797 469 2839 haec
488 2797 756 2850 significatio⁷
779 2800 819 2838 et
832 2797 904 2838 ubi
918 2797 1109 2838 similiter
1128 2797 1233 2838 acci-

208 2867 349 2920 piatur
366 2868 415 2922 (b)
435 2883 444 2919 ;
461 2872 501 2910 et
519 2869 687 2911 videtur
700 2869 813 2922 quod
829 2869 910 2910 hoc
924 2868 1030 2909 nihil
1047 2869 1113 2919 sit,
1131 2870 1234 2922 quia

209 2941 311 2981 tunc
334 2944 441 2982 esset
464 2954 591 2993 vera,
620 2956 639 2980 «
666 2940 787 2982 Pater
818 2944 878 2981 θεῖ
909 2940 959 2982 de
999 2940 1233 2982 substantia

213 3008 307 3050 Filii
326 3023 337 3052 ε
358 3025 377 3049 ))
403 3024 532 3065 quam
551 3023 677 3053 nemo
694 3011 895 3052 concedit.

263 3085 304 3123 3.
335 3082 453 3135 Item,
475 3083 555 3125 hoc
575 3083 686 3125 idem
711 3083 943 3124 ostenditur
961 3083 1019 3124 sic
1045 3095 1056 3124 :
1091 3083 1235 3124 Differt

213 3152 306 3194 haec
322 3155 579 3208 praepositio,
599 3155 664 3207 de,
686 3158 726 3196 et
742 3166 769 3197 α
779 3169 792 3200 ,·
804 3154 904 3208 quia
918 3165 944 3196 α
959 3154 1126 3208 proprie
1137 3154 1235 3195 dicit

212 3223 502 3267 habitudinem
528 3226 723 3280 principii
742 3226 889 3275 activi,
909 3226 981 3267 sed
1006 3226 1098 3267 haec
1122 3238 1235 3279 prae-

216 3295 379 3348 positio,
403 3297 474 3349 de,
497 3298 594 3339 dicit
614 3297 905 3339 habitudinem
921 3297 1117 3350 principii
1138 3310 1236 3350 pas-

215 3366 295 3406 sivi
322 3379 332 3407 ε
365 3369 436 3409 sed
457 3371 467 3391 ¹
490 3369 591 3421 Deo,
622 3372 662 3410 et
685 3370 777 3422 ejus
803 3368 1067 3420 substantiae,
1096 3369 1237 3422 magis

217 3441 414 3482 convenit
431 3444 536 3485 ratio
555 3444 748 3497 principii
760 3443 899 3494 activi,
915 3456 1044 3496 quam
1054 3444 1232 3497 passivi:

258 3575 270 3596 ¹
290 3573 404 3613 Arist„
424 3574 553 3615 Physic.
572 3575 629 3607 lib.
650 3577 683 3616 1,
702 3578 852 3608 context.
868 3576 918 3608 58.
934 3576 997 3597 —2
1013 3575 1173 3617 Magister
1192 3576 1238 3608 ita

218 3621 358 3662 exponit
380 3632 388 3653 2
416 3621 544 3652 «Filius
563 3625 613 3654 est
631 3623 671 3654 de
691 3623 879 3656 substantia
899 3623 1006 3655 Patris
1019 3648 1029 3664 ‚
1050 3624 1176 3655 scilicet
1196 3624 1236 3655 de

220 3670 329 3710 Patre,
344 3669 401 3710 qui
418 3670 468 3700 est
483 3668 681 3702 substantia.
696 3682 712 3701 n

431 3740 528 3769 TOM.
558 3740 587 3770 1.

2237 350 2252 387 1
2265 349 2312 388 13

1295 444 1397 484 ergo
1417 432 1509 472 brec
1527 433 1588 472 est
1608 431 1744 484 magis
1767 443 1883 483 vera,
1908 446 1926 470 α
1947 431 2076 474 Filius
2092 435 2195 476 θεῖα
2214 437 2314 476 sub-

1294 503 1447 544 stantia
1477 503 1619 555 patris,
1638 517 1656 540 n
1682 515 1811 555 quam
1832 502 1882 545 cte
1896 518 1913 555 ,·
1934 503 2004 544 sed
2022 504 2114 545 haec
2139 518 2226 546 non
2244 520 2313 548 re-

1295 574 1449 627 cipitur
1468 586 1477 614 :
1502 586 1606 626 ergo
1628 586 1706 614 nec
1724 574 1804 614 alia
1822 575 1943 615 debet
1964 575 2108 628 recipi.

1348 650 1389 686 1.
1416 646 1533 695 Item,
1557 646 1623 697 cle,
1645 649 1719 686 aut
1737 646 1835 686 dicit
1856 647 2135 699 identitatem,
2159 650 2232 689 aut
2250 649 2317 690 di-

1295 717 1535 758 versitatem
1559 732 1566 757 :
1589 717 1623 757 si
1643 717 1925 769 identitatem,
1949 731 2052 770 ergo
2078 731 2176 759 cum
2196 732 2318 761 sum-

1296 801 1367 828 ma
1394 788 1588 828 identitas
1619 789 1671 829 sit
1696 789 1741 828 in
1771 789 1962 840 essentia,
1983 790 2051 831 vel
2070 790 2317 843 substantia,

1296 860 1388 900 haJc
1416 859 1495 900 erit
1524 872 1638 910 vera,
1664 860 1941 901 «Substantia
1961 864 2022 901 est
2044 861 2094 902 de
2121 862 2319 903 substan-

1296 932 1369 983 tia,
1392 946 1410 970 n
1431 944 1561 984 quam
1579 934 1706 983 negat
1722 931 1944 984 Magister,
1965 933 1998 972 si
2018 933 2318 983 diversitatem,

1298 1005 1367 1044 sed
1390 1016 1475 1044 non
1499 1003 1776 1055 distinguitur
1801 1004 2032 1044 substantia
2058 1004 2192 1045 Patris
2208 1018 2232 1046 a
2252 1005 2322 1046 Fi-

1297 1074 1376 1130 lio,
1399 1074 1500 1127 quia
1528 1074 1660 1115 Filius
1686 1077 1746 1115 est
1774 1074 1864 1127 ipsa
1892 1075 2125 1115 substantia
2152 1074 2288 1116 Patris
2310 1091 2319 1117 ε

1298 1159 1402 1199 ergo
1422 1147 1597 1188 omnino
1615 1149 1675 1188 est
1690 1147 1805 1187 falsa.

1660 1305 1959 1349 CONCLUSIO.

1323 1416 1582 1454 concedendum
1599 1417 1670 1461 est,
1692 1416 1827 1451 Filium
1848 1416 2012 1460 {fenerari
2039 1414 2079 1451 cle
2097 1414 2302 1451 substantia

1741 1476 1874 1512 Patri&

1354 1578 1474 1631 Resp.
1498 1579 1549 1619 ad
1576 1579 1681 1631 Arg.
1711 1579 1943 1620 Dicendum
1958 1612 1967 1630 ,
1991 1579 2103 1633 quod
2127 1580 2327 1633 praedicta

1300 1649 1458 1690 locutio
1480 1652 1541 1690 est
1560 1650 1837 1691 concedenda.
1863 1650 1914 1690 Et
1932 1651 1984 1690 ad
2004 1651 2329 1703 intelligentiam

1300 1723 1600 1775 praedictorum
1623 1723 1859 1764 notandum
1873 1755 1883 1772 ,
1911 1723 2025 1776 quod
2043 1725 2197 1776 praeter
2218 1735 2331 1776 prae-

1301 1794 1430 1835 dictos
1458 1797 1541 1835 tres
1575 1795 1744 1844 modos,
1768 1794 1924 1847 quibus
1947 1794 2040 1835 baec
2061 1794 2326 1848 praepositio,

1302 1864 1380 1916 de,
1419 1865 1641 1918 accipitur,
1684 1868 1835 1919 quarto
1871 1866 1996 1907 modo
2030 1868 2168 1919 potest
2203 1866 2331 1907 etiam

1302 1937 1455 1990 accipi,
1477 1937 1631 1979 scilicet
1660 1938 2007 1988 substantialiter,
2030 1940 2078 1979 ut
2096 1938 2206 1979 dicat
2232 1938 2331 1979 sub-

1302 2008 1541 2049 stantialem
1571 2009 1911 2051 convenientiam
1948 2009 2058 2051 inter
2088 2012 2278 2050 extrema
2318 2021 2329 2050 τ

1302 2081 1374 2121 sed
1392 2080 1502 2121 hanc
1520 2093 1745 2134 nunquam
1765 2094 1871 2135 pure
1889 2081 2008 2133 dicit,
2030 2094 2130 2123 cuin
2150 2081 2204 2122 sit
2225 2093 2333 2134 prae-

1304 2152 1483 2205 positio,
1517 2155 1558 2193 et
1591 2153 1788 2206 importet
1821 2153 2009 2207 aliquam
2040 2153 2333 2194 habitudinem

1304 2228 1344 2265 et
1376 2228 1612 2278 respectum
1642 2225 1693 2266 ad
1723 2227 1927 2266 extrema.
1957 2226 1999 2267 Si
2027 2226 2140 2266 enim
2166 2228 2334 2267 tantum

1305 2297 1640 2339 substantialiter
1652 2300 1835 2350 tenetur,
1849 2298 1956 2339 sicut
1969 2298 2122 2339 dicitur
2135 2298 2268 2339 Filius
2282 2297 2334 2339 de

1305 2369 1541 2410 substantia
1565 2369 1699 2410 Patris
1733 2371 1763 2420 2,
1798 2369 1858 2410 ita
1886 2369 2096 2411 diceretur
2127 2368 2251 2410 Pater
2283 2369 2335 2410 de

1305 2440 1542 2481 substantia
1573 2440 1690 2492 Filii,
1712 2440 1826 2493 quod
1855 2441 2066 2482 absonum
2095 2443 2170 2481 est.
2197 2439 2334 2493 Prop-

1305 2514 1420 2553 terea
1436 2512 1698 2563 notandum,
1721 2512 1835 2565 quod
1854 2512 2184 2554 substantialiter
2203 2510 2335 2564 accipi

1306 2584 1525 2626 consuevit
1555 2584 1787 2637 tripliciter.
1816 2584 2055 2638 Aliquando
2080 2584 2195 2624 enim
2223 2583 2335 2624 acci-

1304 2655 1421 2707 pitur
1454 2655 1782 2696 substantialiter
1809 2658 1851 2696 et
1881 2655 2126 2708 partialiter,
2159 2657 2208 2695 ut
2236 2666 2336 2695 cum

1307 2726 1462 2767 dicitur
1498 2727 1612 2779 quod
1642 2730 1782 2780 partes
1808 2730 1910 2768 sunt
1941 2727 1991 2768 de
2022 2728 2131 2776 toto,
2166 2725 2256 2767 sive
2285 2725 2336 2766 de

1306 2798 1541 2839 substantia
1569 2799 1718 2850 totius,
1749 2801 1798 2840 ut
1821 2809 1974 2839 urceus
2005 2797 2095 2839 vini
2126 2796 2177 2837 de
2207 2795 2334 2837 dolio.

1308 2869 1547 2922 Aliquando
1573 2869 1780 2923 accipitur
1807 2867 2135 2911 substantialiter
2154 2867 2195 2908 et
2219 2867 2336 2908 ordi-

1308 2941 1474 2992 naliter,
1495 2943 1544 2981 ut
1562 2953 1662 2981 cum
1679 2941 1857 2982 dicitur:
1881 2956 1899 2979 c<
1916 2941 1967 2982 de
1986 2951 2096 2993 pane
2115 2938 2167 2980 Dt
2183 2950 2337 2992 corpus

1310 3011 1460 3053 Christi
1479 3026 1487 3053 :
1504 3026 1523 3049 »
1548 3012 1606 3053 ibi
1626 3012 1741 3054 enim
1758 3015 1819 3053 est
1838 3012 1940 3053 ordo
1952 3043 1962 3063 ,
1984 3011 2086 3064 quia
2102 3009 2338 3051 substantia

1308 3083 1429 3137 panis
1460 3097 1548 3125 non
1577 3087 1721 3125 manet
1745 3085 1791 3124 in
1820 3095 1995 3136 corpore
2028 3082 2195 3133 Christi,
2229 3082 2338 3123 sicut

1308 3166 1387 3194 nec
1407 3166 1532 3195 mane
1559 3155 1604 3195 in
1632 3155 1831 3206 meridie;
1853 3154 1925 3196 sed
1941 3154 2122 3195 ulterius
2140 3154 2337 3195 substan-

1308 3225 1476 3277 tialiter,
1505 3225 1606 3278 quia
1631 3225 1864 3267 substantia
1888 3226 2009 3279 panis
2029 3226 2158 3267 tansit
2176 3225 2221 3266 in
2237 3225 2337 3266 sub-

1310 3297 1507 3337 stantiam
1531 3297 1717 3350 corporis
1734 3297 1901 3339 Christi.
1922 3297 2164 3351 Aliquando
2184 3296 2339 3338 dicitur

1310 3368 1636 3409 substantialiter
1668 3371 1709 3410 et
1737 3369 2016 3422 originaliter,
2043 3372 2112 3422 ut,
2140 3381 2238 3411 cum
2271 3367 2338 3408 di-

1311 3439 1420 3480 citur
1444 3455 1462 3479 α
1480 3439 1611 3480 Filius
1629 3440 1679 3481 de
1698 3441 1934 3482 substantia
1955 3441 2089 3483 Patris
2103 3473 2114 3492 ‚
2133 3455 2152 3479 ›>
2176 3439 2339 3480 ratione

1311 3510 1482 3553 ablativi
1508 3514 1677 3553 tenetur
1701 3513 2045 3564 substantialiter,
2071 3512 2232 3554 ratione
2263 3522 2339 3563 ge—

1354 3620 1397 3660 (α)
1417 3618 1507 3651 Edit.
1528 3619 1604 3651 Ἡρη.
1622 3621 1712 3662 1751,
1733 3623 1781 3662 ut,
1803 3621 1860 3653 secl
1873 3620 2032 3654 mendose.
2046 3637 2085 3643 —
2101 3618 2142 3660 (b)
2159 3618 2241 3650 Coet.
2256 3616 2339 3649 edil.

1313 3669 1484 3710 accipitur.

2128 3728 2153 3767 8
