<?xml version="1.0" encoding="UTF-8"?>
<!DOCTYPE html PUBLIC "-//W3C//DTD XHTML 1.0 Transitional//EN"
    "http://www.w3.org/TR/xhtml1/DTD/xhtml1-transitional.dtd">
<html xmlns="http://www.w3.org/1999/xhtml" xml:lang="en" lang="en">
 <head>
  <title>
</title>
<meta http-equiv="Content-Type" content="text/html;charset=utf-8" />
  <meta name='ocr-system' content='tesseract 3.04.00' />
  <meta name='ocr-capabilities' content='ocr_page ocr_carea ocr_par ocr_line ocrx_word'/>
</head>
<body>
  <div class='ocr_page' id='page_1' title='image "./operaomniasixtiv01bonauoft/operaomniasixtiv01bonauoft_0639.png"; bbox 0 0 2613 3990; ppageno 0'>
   <div class='ocr_carea' id='block_1_1' title="bbox 1027 233 2334 282">
    <p class='ocr_par' dir='ltr' id='par_1_1' title="bbox 1027 233 2334 282">
     <span class='ocr_line' id='line_1_1' title="bbox 1027 233 2334 282; baseline -0.008 -1"><span class='ocrx_word' id='word_1_1' title='bbox 1027 238 1278 282; x_wconf 89' lang='lat' dir='ltr'><strong>DISTINCT.</strong></span> <span class='ocrx_word' id='word_1_2' title='bbox 1308 235 1484 279; x_wconf 84' lang='lat' dir='ltr'><strong>XXXIV.</strong></span> <span class='ocrx_word' id='word_1_3' title='bbox 2259 233 2334 271; x_wconf 79' lang='lat'>537</span> 
     </span>
    </p>
   </div>
   <div class='ocr_carea' id='block_1_2' title="bbox 183 321 2342 953">
    <p class='ocr_par' dir='ltr' id='par_1_2' title="bbox 183 321 2342 953">
     <span class='ocr_line' id='line_1_2' title="bbox 273 321 2337 388; baseline -0.009 -9"><span class='ocrx_word' id='word_1_4' title='bbox 273 341 312 378; x_wconf 88' lang='grc'>3.</span> <span class='ocrx_word' id='word_1_5' title='bbox 333 337 396 378; x_wconf 88' lang='lat' dir='ltr'>Ad</span> <span class='ocrx_word' id='word_1_6' title='bbox 415 336 520 377; x_wconf 88' lang='lat' dir='ltr'>illud</span> <span class='ocrx_word' id='word_1_7' title='bbox 547 335 661 388; x_wconf 88' lang='lat' dir='ltr'>quod</span> <span class='ocrx_word' id='word_1_8' title='bbox 686 333 896 387; x_wconf 85' lang='lat' dir='ltr'>objicitur,</span> <span class='ocrx_word' id='word_1_9' title='bbox 917 331 1028 384; x_wconf 85' lang='lat' dir='ltr'>quod</span> <span class='ocrx_word' id='word_1_10' title='bbox 1058 331 1151 371; x_wconf 81' lang='lat' dir='ltr'>haec</span> <span class='ocrx_word' id='word_1_11' title='bbox 1180 333 1242 370; x_wconf 87' lang='lat' dir='ltr'>est</span> <span class='ocrx_word' id='word_1_12' title='bbox 1315 329 1491 380; x_wconf 82' lang='lat' dir='ltr'>generat</span> <span class='ocrx_word' id='word_1_13' title='bbox 1513 342 1522 368; x_wconf 77' lang='lat' dir='ltr'>t</span> <span class='ocrx_word' id='word_1_14' title='bbox 1546 342 1565 365; x_wconf 86' lang='lat'>»</span> <span class='ocrx_word' id='word_1_15' title='bbox 1588 326 1660 368; x_wconf 88' lang='lat' dir='ltr'>sed</span> <span class='ocrx_word' id='word_1_16' title='bbox 1677 328 1780 367; x_wconf 90' lang='lat' dir='ltr'>tunc</span> <span class='ocrx_word' id='word_1_17' title='bbox 1807 336 1893 364; x_wconf 89' lang='lat' dir='ltr'>non</span> <span class='ocrx_word' id='word_1_18' title='bbox 1917 323 2106 376; x_wconf 87' lang='lat' dir='ltr'>sequitur</span> <span class='ocrx_word' id='word_1_19' title='bbox 2126 337 2134 363; x_wconf 73' lang='grc' dir='ltr'>ε</span> <span class='ocrx_word' id='word_1_20' title='bbox 2162 337 2181 361; x_wconf 88' lang='grc'>((</span> <span class='ocrx_word' id='word_1_21' title='bbox 2203 321 2337 362; x_wconf 88' lang='lat' dir='ltr'>Gene-</span> 
     </span>
     <span class='ocr_line' id='line_1_3' title="bbox 219 395 2166 459; baseline -0.009 -9"><span class='ocrx_word' id='word_1_22' title='bbox 219 421 346 450; x_wconf 86' lang='lat' dir='ltr'>vera:</span> <span class='ocrx_word' id='word_1_23' title='bbox 367 424 386 448; x_wconf 86' lang='grc'>((</span> <span class='ocrx_word' id='word_1_24' title='bbox 403 408 612 449; x_wconf 78' lang='lat' dir='ltr'>Generatis</span> <span class='ocrx_word' id='word_1_25' title='bbox 631 408 691 447; x_wconf 87' lang='lat' dir='ltr'>est</span> <span class='ocrx_word' id='word_1_26' title='bbox 707 404 951 459; x_wconf 78' lang='lat' dir='ltr'>paternitas3</span> <span class='ocrx_word' id='word_1_27' title='bbox 973 418 991 440; x_wconf 76' lang='lat' dir='ltr'>n</span> <span class='ocrx_word' id='word_1_28' title='bbox 1018 402 1241 444; x_wconf 90' lang='lat' dir='ltr'>dicendum</span> <span class='ocrx_word' id='word_1_29' title='bbox 1315 401 1421 441; x_wconf 88' lang='lat' dir='ltr'>ratio</span> <span class='ocrx_word' id='word_1_30' title='bbox 1437 403 1630 452; x_wconf 79' lang='lat' dir='ltr'>generat3</span> <span class='ocrx_word' id='word_1_31' title='bbox 1654 413 1672 436; x_wconf 85' lang='grc'>))</span> <span class='ocrx_word' id='word_1_32' title='bbox 1697 399 1783 438; x_wconf 87' lang='lat' dir='ltr'>imo</span> <span class='ocrx_word' id='word_1_33' title='bbox 1803 399 1863 437; x_wconf 89' lang='lat' dir='ltr'>est</span> <span class='ocrx_word' id='word_1_34' title='bbox 1883 396 1944 435; x_wconf 83' lang='lat' dir='ltr'>ibi</span> <span class='ocrx_word' id='word_1_35' title='bbox 1964 395 2166 435; x_wconf 83' lang='lat' dir='ltr'>accidens.</span> 
     </span>
     <span class='ocr_line' id='line_1_4' title="bbox 221 465 2332 533; baseline -0.008 -12"><span class='ocrx_word' id='word_1_36' title='bbox 221 480 333 533; x_wconf 88' lang='lat' dir='ltr'>quod</span> <span class='ocrx_word' id='word_1_37' title='bbox 352 490 561 532; x_wconf 78' lang='lat' dir='ltr'>generans</span> <span class='ocrx_word' id='word_1_38' title='bbox 575 477 796 530; x_wconf 84' lang='lat' dir='ltr'>subjicitur</span> <span class='ocrx_word' id='word_1_39' title='bbox 810 475 971 516; x_wconf 82' lang='lat' dir='ltr'>ratione</span> <span class='ocrx_word' id='word_1_40' title='bbox 989 474 1239 527; x_wconf 74' lang='lat' dir='ltr'>hypostasis,</span> <span class='ocrx_word' id='word_1_41' title='bbox 1369 475 1408 512; x_wconf 72' lang='lat'>4.</span> <span class='ocrx_word' id='word_1_42' title='bbox 1449 472 1511 511; x_wconf 74' lang='lat' dir='ltr'>Ad</span> <span class='ocrx_word' id='word_1_43' title='bbox 1541 471 1644 511; x_wconf 87' lang='lat' dir='ltr'>illud</span> <span class='ocrx_word' id='word_1_44' title='bbox 1675 469 1789 522; x_wconf 84' lang='lat' dir='ltr'>quod</span> <span class='ocrx_word' id='word_1_45' title='bbox 1817 467 2027 519; x_wconf 57' lang='lat' dir='ltr'>omittitur,</span> <span class='ocrx_word' id='word_1_46' title='bbox 2063 465 2175 517; x_wconf 86' lang='lat' dir='ltr'>quod</span> <span class='ocrx_word' id='word_1_47' title='bbox 2213 477 2332 517; x_wconf 87' lang='lat' dir='ltr'>repu—</span> 
     </span>
     <span class='ocr_line' id='line_1_5' title="bbox 221 536 2338 602; baseline -0.008 -10"><span class='ocrx_word' id='word_1_48' title='bbox 221 555 262 591; x_wconf 88' lang='lat' dir='ltr'>et</span> <span class='ocrx_word' id='word_1_49' title='bbox 296 551 354 591; x_wconf 83' lang='lat' dir='ltr'>ita</span> <span class='ocrx_word' id='word_1_50' title='bbox 387 552 556 591; x_wconf 88' lang='lat' dir='ltr'>notatur</span> <span class='ocrx_word' id='word_1_51' title='bbox 580 547 817 602; x_wconf 73' lang='lat' dir='ltr'>praedicatio</span> <span class='ocrx_word' id='word_1_52' title='bbox 844 558 918 598; x_wconf 89' lang='lat' dir='ltr'>per</span> <span class='ocrx_word' id='word_1_53' title='bbox 948 546 1207 585; x_wconf 67' lang='lat' dir='ltr'>identitatem</span> <span class='ocrx_word' id='word_1_54' title='bbox 1230 559 1238 585; x_wconf 94' lang='lat'><strong>:</strong></span> <span class='ocrx_word' id='word_1_55' title='bbox 1317 543 1493 596; x_wconf 83' lang='lat' dir='ltr'>gnantia</span> <span class='ocrx_word' id='word_1_56' title='bbox 1519 554 1607 582; x_wconf 87' lang='lat' dir='ltr'>non</span> <span class='ocrx_word' id='word_1_57' title='bbox 1636 541 1688 580; x_wconf 88' lang='lat' dir='ltr'>sit</span> <span class='ocrx_word' id='word_1_58' title='bbox 1706 540 1784 590; x_wconf 82' lang='lat' dir='ltr'>ihi3</span> <span class='ocrx_word' id='word_1_59' title='bbox 1816 538 2043 580; x_wconf 87' lang='lat' dir='ltr'>dicendum</span> <span class='ocrx_word' id='word_1_60' title='bbox 2068 537 2179 588; x_wconf 76' lang='lat' dir='ltr'>quod</span> <span class='ocrx_word' id='word_1_61' title='bbox 2202 536 2258 575; x_wconf 87' lang='lat' dir='ltr'>ibi</span> <span class='ocrx_word' id='word_1_62' title='bbox 2278 539 2338 576; x_wconf 90' lang='lat' dir='ltr'>est</span> 
     </span>
     <span class='ocr_line' id='line_1_6' title="bbox 223 609 2339 674; baseline -0.008 -11"><span class='ocrx_word' id='word_1_63' title='bbox 223 622 294 662; x_wconf 87' lang='lat' dir='ltr'>sed</span> <span class='ocrx_word' id='word_1_64' title='bbox 344 635 442 663; x_wconf 90' lang='lat' dir='ltr'>cum</span> <span class='ocrx_word' id='word_1_65' title='bbox 501 621 753 674; x_wconf 58' lang='lat' dir='ltr'>praedicatur</span> <span class='ocrx_word' id='word_1_66' title='bbox 777 650 787 668; x_wconf 89' lang='lat'>,</span> <span class='ocrx_word' id='word_1_67' title='bbox 832 617 1034 669; x_wconf 72' lang='lat' dir='ltr'>accipitur</span> <span class='ocrx_word' id='word_1_68' title='bbox 1081 617 1243 656; x_wconf 85' lang='lat' dir='ltr'>ratione</span> <span class='ocrx_word' id='word_1_69' title='bbox 1318 614 1601 668; x_wconf 77' lang='lat' dir='ltr'>repugnantia</span> <span class='ocrx_word' id='word_1_70' title='bbox 1617 626 1641 653; x_wconf 87' lang='lat' dir='ltr'>a</span> <span class='ocrx_word' id='word_1_71' title='bbox 1657 614 1774 665; x_wconf 83' lang='lat' dir='ltr'>parte</span> <span class='ocrx_word' id='word_1_72' title='bbox 1793 611 1905 651; x_wconf 83' lang='lat' dir='ltr'>modi</span> <span class='ocrx_word' id='word_1_73' title='bbox 1924 609 2187 660; x_wconf 76' lang='lat' dir='ltr'>intelligendi</span> <span class='ocrx_word' id='word_1_74' title='bbox 2207 619 2216 646; x_wconf 91' lang='lat'>:</span> <span class='ocrx_word' id='word_1_75' title='bbox 2238 620 2339 647; x_wconf 80' lang='lat' dir='ltr'>nain</span> 
     </span>
     <span class='ocr_line' id='line_1_7' title="bbox 183 679 2340 740; baseline -0.008 -6"><span class='ocrx_word' id='word_1_76' title='bbox 183 695 186 698; x_wconf 81' lang='grc'>’</span> <span class='ocrx_word' id='word_1_77' title='bbox 222 694 370 733; x_wconf 58' lang='lat' dir='ltr'>formae</span> <span class='ocrx_word' id='word_1_78' title='bbox 404 707 414 733; x_wconf 87' lang='lat'>:</span> <span class='ocrx_word' id='word_1_79' title='bbox 445 693 538 733; x_wconf 85' lang='lat' dir='ltr'>ideo</span> <span class='ocrx_word' id='word_1_80' title='bbox 568 693 759 731; x_wconf 83' lang='lat' dir='ltr'>mutatur</span> <span class='ocrx_word' id='word_1_81' title='bbox 789 689 940 728; x_wconf 75' lang='lat' dir='ltr'>modus</span> <span class='ocrx_word' id='word_1_82' title='bbox 967 687 1196 740; x_wconf 86' lang='lat' dir='ltr'>accipiendi</span> <span class='ocrx_word' id='word_1_83' title='bbox 1231 701 1240 726; x_wconf 88' lang='lat'>:</span> <span class='ocrx_word' id='word_1_84' title='bbox 1318 686 1433 726; x_wconf 89' lang='lat' dir='ltr'>notio</span> <span class='ocrx_word' id='word_1_85' title='bbox 1452 697 1536 725; x_wconf 84' lang='lat' dir='ltr'>non</span> <span class='ocrx_word' id='word_1_86' title='bbox 1555 684 1797 725; x_wconf 73' lang='lat' dir='ltr'>denominat</span> <span class='ocrx_word' id='word_1_87' title='bbox 1816 682 1896 722; x_wconf 84' lang='lat' dir='ltr'>nisi</span> <span class='ocrx_word' id='word_1_88' title='bbox 1911 680 2174 734; x_wconf 85' lang='lat' dir='ltr'>suppositum</span> <span class='ocrx_word' id='word_1_89' title='bbox 2200 695 2207 719; x_wconf 88' lang='grc'>;</span> <span class='ocrx_word' id='word_1_90' title='bbox 2231 679 2340 718; x_wconf 79' lang='lat' dir='ltr'>unde</span> 
     </span>
     <span class='ocr_line' id='line_1_8' title="bbox 222 750 2342 816; baseline -0.008 -10"><span class='ocrx_word' id='word_1_91' title='bbox 222 764 316 805; x_wconf 84' lang='lat' dir='ltr'>ideo</span> <span class='ocrx_word' id='word_1_92' title='bbox 343 777 430 805; x_wconf 87' lang='lat' dir='ltr'>non</span> <span class='ocrx_word' id='word_1_93' title='bbox 460 764 666 816; x_wconf 86' lang='lat' dir='ltr'>sequitur.</span> <span class='ocrx_word' id='word_1_94' title='bbox 696 761 740 801; x_wconf 88' lang='lat' dir='ltr'>Si</span> <span class='ocrx_word' id='word_1_95' title='bbox 768 763 909 800; x_wconf 84' lang='lat' dir='ltr'>tamen</span> <span class='ocrx_word' id='word_1_96' title='bbox 937 759 1244 811; x_wconf 63' lang='lat' dir='ltr'>intelligeretur</span> <span class='ocrx_word' id='word_1_97' title='bbox 1318 758 1411 797; x_wconf 86' lang='lat' dir='ltr'>talis</span> <span class='ocrx_word' id='word_1_98' title='bbox 1427 757 1578 797; x_wconf 84' lang='lat' dir='ltr'>modus</span> <span class='ocrx_word' id='word_1_99' title='bbox 1593 767 1679 796; x_wconf 88' lang='lat' dir='ltr'>non</span> <span class='ocrx_word' id='word_1_100' title='bbox 1693 755 1889 795; x_wconf 79' lang='lat' dir='ltr'>convenit</span> <span class='ocrx_word' id='word_1_101' title='bbox 1909 752 2081 792; x_wconf 81' lang='lat' dir='ltr'>notioni.</span> <span class='ocrx_word' id='word_1_102' title='bbox 2099 750 2216 790; x_wconf 72' lang='lat' dir='ltr'>Unde</span> <span class='ocrx_word' id='word_1_103' title='bbox 2236 751 2342 789; x_wconf 76' lang='lat' dir='ltr'>sicut</span> 
     </span>
     <span class='ocr_line' id='line_1_9' title="bbox 221 822 2342 888; baseline -0.008 -11"><span class='ocrx_word' id='word_1_104' title='bbox 221 836 383 876; x_wconf 83' lang='lat' dir='ltr'>ratione</span> <span class='ocrx_word' id='word_1_105' title='bbox 397 835 602 888; x_wconf 81' lang='lat' dir='ltr'>suppositi</span> <span class='ocrx_word' id='word_1_106' title='bbox 622 832 854 886; x_wconf 76' lang='lat' dir='ltr'>praedicari,</span> <span class='ocrx_word' id='word_1_107' title='bbox 878 844 979 871; x_wconf 83' lang='lat' dir='ltr'>vera</span> <span class='ocrx_word' id='word_1_108' title='bbox 997 833 1102 871; x_wconf 86' lang='lat' dir='ltr'>esset.</span> <span class='ocrx_word' id='word_1_109' title='bbox 1117 845 1125 869; x_wconf 81' lang='lat'>2</span> <span class='ocrx_word' id='word_1_110' title='bbox 1143 834 1244 870; x_wconf 81' lang='lat' dir='ltr'>tunc</span> <span class='ocrx_word' id='word_1_111' title='bbox 1319 829 1411 869; x_wconf 83' lang='lat' dir='ltr'>haec</span> <span class='ocrx_word' id='word_1_112' title='bbox 1432 831 1492 868; x_wconf 88' lang='lat' dir='ltr'>est</span> <span class='ocrx_word' id='word_1_113' title='bbox 1510 828 1612 867; x_wconf 82' lang='lat' dir='ltr'>falsa</span> <span class='ocrx_word' id='word_1_114' title='bbox 1629 842 1637 867; x_wconf 72' lang='grc' dir='ltr'>ε</span> <span class='ocrx_word' id='word_1_115' title='bbox 1658 826 1845 867; x_wconf 79' lang='lat' dir='ltr'>«Albedo</span> <span class='ocrx_word' id='word_1_116' title='bbox 1865 827 1924 865; x_wconf 79' lang='lat' dir='ltr'>est</span> <span class='ocrx_word' id='word_1_117' title='bbox 1944 824 2051 873; x_wconf 82' lang='lat' dir='ltr'>alba,</span> <span class='ocrx_word' id='word_1_118' title='bbox 2068 836 2086 859; x_wconf 87' lang='grc'>))</span> <span class='ocrx_word' id='word_1_119' title='bbox 2109 822 2167 861; x_wconf 90' lang='lat' dir='ltr'>sic</span> <span class='ocrx_word' id='word_1_120' title='bbox 2187 822 2230 860; x_wconf 89' lang='lat' dir='ltr'>in</span> <span class='ocrx_word' id='word_1_121' title='bbox 2246 833 2342 876; x_wconf 80' lang='lat' dir='ltr'>pro-</span> 
     </span>
     <span class='ocr_line' id='line_1_10' title="bbox 223 898 1891 953; baseline -0.007 -5"><span class='ocrx_word' id='word_1_122' title='bbox 223 907 337 948; x_wconf 88' lang='lat' dir='ltr'>enim</span> <span class='ocrx_word' id='word_1_123' title='bbox 366 909 473 948; x_wconf 88' lang='lat' dir='ltr'>esset</span> <span class='ocrx_word' id='word_1_124' title='bbox 502 917 649 946; x_wconf 84' lang='lat' dir='ltr'>sensus</span> <span class='ocrx_word' id='word_1_125' title='bbox 671 919 679 944; x_wconf 90' lang='lat'>:</span> <span class='ocrx_word' id='word_1_126' title='bbox 709 919 727 942; x_wconf 77' lang='grc' dir='ltr'>α</span> <span class='ocrx_word' id='word_1_127' title='bbox 748 903 977 944; x_wconf 77' lang='lat' dir='ltr'>paternitas</span> <span class='ocrx_word' id='word_1_128' title='bbox 999 905 1059 942; x_wconf 89' lang='lat' dir='ltr'>est</span> <span class='ocrx_word' id='word_1_129' title='bbox 1082 901 1149 941; x_wconf 86' lang='lat' dir='ltr'>ille</span> <span class='ocrx_word' id='word_1_130' title='bbox 1167 901 1241 953; x_wconf 64' lang='lat' dir='ltr'>qn</span> <span class='ocrx_word' id='word_1_131' title='bbox 1320 901 1453 953; x_wconf 88' lang='lat' dir='ltr'>posito</span> <span class='ocrx_word' id='word_1_132' title='bbox 1476 902 1537 940; x_wconf 88' lang='lat' dir='ltr'>est</span> <span class='ocrx_word' id='word_1_133' title='bbox 1552 898 1891 950; x_wconf 82' lang='lat' dir='ltr'>intelligendum.</span> 
     </span>
    </p>
   </div>
   <div class='ocr_carea' id='block_1_3' title="bbox 881 1080 1696 1143">
    <p class='ocr_par' dir='ltr' id='par_1_3' title="bbox 881 1080 1696 1143">
     <span class='ocr_line' id='line_1_11' title="bbox 881 1080 1696 1143; baseline -0.001 -1"><span class='ocrx_word' id='word_1_134' title='bbox 881 1081 1364 1143; x_wconf 86' lang='lat' dir='ltr'><strong>DISTINCTIO</strong></span> <span class='ocrx_word' id='word_1_135' title='bbox 1411 1080 1696 1141; x_wconf 89' lang='lat' dir='ltr'>XXXIV</span> 
     </span>
    </p>
   </div>
   <div class='ocr_carea' id='block_1_4' title="bbox 225 1228 2348 1636">
    <p class='ocr_par' dir='ltr' id='par_1_4' title="bbox 225 1228 2348 1636">
     <span class='ocr_line' id='line_1_12' title="bbox 225 1228 2344 1274; baseline -0.004 -8"><span class='ocrx_word' id='word_1_136' title='bbox 225 1237 353 1266; x_wconf 89' lang='lat' dir='ltr'>DOCET</span> <span class='ocrx_word' id='word_1_137' title='bbox 384 1236 521 1265; x_wconf 81' lang='lat' dir='ltr'><strong>AUTEM</strong></span> <span class='ocrx_word' id='word_1_138' title='bbox 550 1235 770 1274; x_wconf 75' lang='lat' dir='ltr'>MAGISTER,</span> <span class='ocrx_word' id='word_1_139' title='bbox 804 1235 910 1269; x_wconf 80' lang='lat' dir='ltr'><strong>QUOD</strong></span> <span class='ocrx_word' id='word_1_140' title='bbox 941 1235 1118 1269; x_wconf 78' lang='lat' dir='ltr'><strong>QUAMVIS</strong></span> <span class='ocrx_word' id='word_1_141' title='bbox 1150 1233 1322 1262; x_wconf 80' lang='lat' dir='ltr'>DICATUR</span> <span class='ocrx_word' id='word_1_142' title='bbox 1353 1233 1434 1260; x_wconf 77' lang='lat' dir='ltr'>UNA</span> <span class='ocrx_word' id='word_1_143' title='bbox 1465 1232 1652 1260; x_wconf 69' lang='lat' dir='ltr'><strong>ESSENTIA</strong></span> <span class='ocrx_word' id='word_1_144' title='bbox 1683 1231 1807 1259; x_wconf 83' lang='lat' dir='ltr'>TRIUM</span> <span class='ocrx_word' id='word_1_145' title='bbox 1838 1230 2122 1270; x_wconf 70' lang='lat' dir='ltr'>PERSONARUM,</span> <span class='ocrx_word' id='word_1_146' title='bbox 2158 1231 2207 1258; x_wconf 87' lang='lat' dir='ltr'>ET</span> <span class='ocrx_word' id='word_1_147' title='bbox 2248 1228 2344 1258; x_wconf 76' lang='lat' dir='ltr'>TRES</span> 
     </span>
     <span class='ocr_line' id='line_1_13' title="bbox 288 1300 2345 1347; baseline -0.004 -11"><span class='ocrx_word' id='word_1_148' title='bbox 288 1307 474 1336; x_wconf 78' lang='lat' dir='ltr'><strong>PERSONAE</strong></span> <span class='ocrx_word' id='word_1_149' title='bbox 506 1307 623 1335; x_wconf 70' lang='lat' dir='ltr'><strong>[NIL‘S</strong></span> <span class='ocrx_word' id='word_1_150' title='bbox 654 1307 877 1347; x_wconf 76' lang='lat' dir='ltr'>ESSENTLE,</span> <span class='ocrx_word' id='word_1_151' title='bbox 911 1307 993 1335; x_wconf 71' lang='lat' dir='ltr'>NON</span> <span class='ocrx_word' id='word_1_152' title='bbox 1035 1306 1192 1334; x_wconf 78' lang='lat' dir='ltr'><strong>DICITUR</strong></span> <span class='ocrx_word' id='word_1_153' title='bbox 1222 1304 1377 1333; x_wconf 81' lang='lat' dir='ltr'><strong>TAMEN.</strong></span> <span class='ocrx_word' id='word_1_154' title='bbox 1403 1304 1505 1332; x_wconf 69' lang='lat' dir='ltr'>[NUs</span> <span class='ocrx_word' id='word_1_155' title='bbox 1538 1304 1636 1332; x_wconf 87' lang='lat' dir='ltr'>DEUS</span> <span class='ocrx_word' id='word_1_156' title='bbox 1666 1303 1791 1330; x_wconf 83' lang='lat' dir='ltr'>TRIUM</span> <span class='ocrx_word' id='word_1_157' title='bbox 1822 1302 2105 1340; x_wconf 70' lang='lat' dir='ltr'>PERSONARUM,</span> <span class='ocrx_word' id='word_1_158' title='bbox 2140 1301 2216 1329; x_wconf 78' lang='lat' dir='ltr'>NEC</span> <span class='ocrx_word' id='word_1_159' title='bbox 2247 1300 2345 1329; x_wconf 83' lang='lat' dir='ltr'>TRES</span> 
     </span>
     <span class='ocr_line' id='line_1_14' title="bbox 287 1363 2346 1421; baseline -0.004 -13"><span class='ocrx_word' id='word_1_160' title='bbox 287 1379 473 1408; x_wconf 79' lang='lat' dir='ltr'>PERSONAE</span> <span class='ocrx_word' id='word_1_161' title='bbox 503 1379 622 1421; x_wconf 64' lang='lat' dir='ltr'>UMUS</span> <span class='ocrx_word' id='word_1_162' title='bbox 654 1379 733 1407; x_wconf 80' lang='lat' dir='ltr'><strong>DEI.</strong></span> <span class='ocrx_word' id='word_1_163' title='bbox 768 1363 829 1406; x_wconf 82' lang='lat' dir='ltr'>ET</span> <span class='ocrx_word' id='word_1_164' title='bbox 859 1379 983 1407; x_wconf 61' lang='lat' dir='ltr'>SITPHA</span> <span class='ocrx_word' id='word_1_165' title='bbox 1015 1378 1132 1406; x_wconf 73' lang='lat' dir='ltr'>DICTA</span> <span class='ocrx_word' id='word_1_166' title='bbox 1164 1377 1205 1405; x_wconf 73' lang='lat' dir='ltr'>IN</span> <span class='ocrx_word' id='word_1_167' title='bbox 1237 1376 1428 1404; x_wconf 69' lang='lat' dir='ltr'>PLURIBL&#39;S</span> <span class='ocrx_word' id='word_1_168' title='bbox 1459 1374 1799 1404; x_wconf 79' lang='lat' dir='ltr'><strong>DISTINCTIONIBUS</strong></span> <span class='ocrx_word' id='word_1_169' title='bbox 1835 1372 2089 1402; x_wconf 77' lang='lat' dir='ltr'>CONCLUDENS</span> <span class='ocrx_word' id='word_1_170' title='bbox 2130 1373 2197 1400; x_wconf 86' lang='lat' dir='ltr'>AIT</span> <span class='ocrx_word' id='word_1_171' title='bbox 2242 1371 2346 1405; x_wconf 75' lang='lat' dir='ltr'><strong>QL‘OD</strong></span> 
     </span>
     <span class='ocr_line' id='line_1_15' title="bbox 288 1441 2346 1486; baseline -0.005 -6"><span class='ocrx_word' id='word_1_172' title='bbox 288 1451 513 1480; x_wconf 82' lang='lat' dir='ltr'><strong>ATTRIBUTA</strong></span> <span class='ocrx_word' id='word_1_173' title='bbox 553 1451 603 1478; x_wconf 89' lang='lat' dir='ltr'>DE</span> <span class='ocrx_word' id='word_1_174' title='bbox 640 1444 717 1478; x_wconf 75' lang='grc' dir='ltr'>ΠΕΟ</span> <span class='ocrx_word' id='word_1_175' title='bbox 755 1451 953 1479; x_wconf 69' lang='lat' dir='ltr'><strong>DICUNTI&#39;R</strong></span> <span class='ocrx_word' id='word_1_176' title='bbox 989 1448 1199 1477; x_wconf 67' lang='lat' dir='ltr'>SECUNDUM</span> <span class='ocrx_word' id='word_1_177' title='bbox 1245 1447 1547 1486; x_wconf 74' lang='lat' dir='ltr'>SUBSTANTIAM,</span> <span class='ocrx_word' id='word_1_178' title='bbox 1590 1447 1725 1475; x_wconf 73' lang='lat' dir='ltr'><strong>EORUM</strong></span> <span class='ocrx_word' id='word_1_179' title='bbox 1765 1441 1902 1474; x_wconf 74' lang='lat' dir='ltr'>TAMEN</span> <span class='ocrx_word' id='word_1_180' title='bbox 1944 1444 2117 1478; x_wconf 76' lang='lat' dir='ltr'>QUAEDAM</span> <span class='ocrx_word' id='word_1_181' title='bbox 2160 1442 2346 1471; x_wconf 84' lang='lat' dir='ltr'><strong>PERSONIS</strong></span> 
     </span>
     <span class='ocr_line' id='line_1_16' title="bbox 287 1515 2348 1563; baseline -0.004 -12"><span class='ocrx_word' id='word_1_182' title='bbox 287 1522 638 1563; x_wconf 74' lang='lat' dir='ltr'>APPROPRIANTUR,</span> <span class='ocrx_word' id='word_1_183' title='bbox 678 1523 729 1550; x_wconf 87' lang='lat' dir='ltr'>ET</span> <span class='ocrx_word' id='word_1_184' title='bbox 760 1523 885 1551; x_wconf 69' lang='lat' dir='ltr'>HI&#39;JL&#39;S</span> <span class='ocrx_word' id='word_1_185' title='bbox 922 1520 1279 1550; x_wconf 67' lang='lat' dir='ltr'>APPROPRIATIONIS</span> <span class='ocrx_word' id='word_1_186' title='bbox 1311 1518 1516 1547; x_wconf 80' lang='lat' dir='ltr'><strong>RATIONEM</strong></span> <span class='ocrx_word' id='word_1_187' title='bbox 1556 1517 1773 1557; x_wconf 79' lang='lat' dir='ltr'>ASSIGNAT,</span> <span class='ocrx_word' id='word_1_188' title='bbox 1818 1517 1957 1546; x_wconf 73' lang='lat' dir='ltr'><strong>DEMUM</strong></span> <span class='ocrx_word' id='word_1_189' title='bbox 1990 1516 2038 1544; x_wconf 87' lang='lat' dir='ltr'>DE</span> <span class='ocrx_word' id='word_1_190' title='bbox 2076 1515 2230 1543; x_wconf 81' lang='lat' dir='ltr'>NOMINE</span> <span class='ocrx_word' id='word_1_191' title='bbox 2272 1515 2348 1542; x_wconf 87' lang='grc' dir='ltr'>ΗΟ-</span> 
     </span>
     <span class='ocr_line' id='line_1_17' title="bbox 288 1593 1152 1636; baseline -0.002 -14"><span class='ocrx_word' id='word_1_192' title='bbox 288 1593 487 1636; x_wconf 69' lang='grc' dir='ltr'>ΜΟΙΞΞΙΟΝ,</span> <span class='ocrx_word' id='word_1_193' title='bbox 521 1594 572 1622; x_wconf 88' lang='lat' dir='ltr'>AC</span> <span class='ocrx_word' id='word_1_194' title='bbox 601 1593 818 1622; x_wconf 75' lang='lat' dir='ltr'><strong>NOMINIBUS</strong></span> <span class='ocrx_word' id='word_1_195' title='bbox 848 1593 1152 1622; x_wconf 76' lang='lat' dir='ltr'><strong>TRANSLATIVIS.</strong></span> 
     </span>
    </p>
   </div>
   <div class='ocr_carea' id='block_1_5' title="bbox 205 1711 2360 3474">
    <p class='ocr_par' dir='ltr' id='par_1_5' title="bbox 205 1711 2360 3474">
     <span class='ocr_line' id='line_1_18' title="bbox 290 1711 2348 1775; baseline -0.004 -15"><span class='ocrx_word' id='word_1_196' title='bbox 290 1716 512 1760; x_wconf 85' lang='lat' dir='ltr'>Praedictis</span> <span class='ocrx_word' id='word_1_197' title='bbox 537 1721 683 1760; x_wconf 88' lang='lat' dir='ltr'>autem</span> <span class='ocrx_word' id='word_1_198' title='bbox 723 1715 1017 1775; x_wconf 83' lang='lat' dir='ltr'>adjiciendum</span> <span class='ocrx_word' id='word_1_199' title='bbox 1053 1721 1115 1758; x_wconf 89' lang='lat' dir='ltr'>est</span> <span class='ocrx_word' id='word_1_200' title='bbox 1136 1750 1146 1770; x_wconf 91' lang='lat'>,</span> <span class='ocrx_word' id='word_1_201' title='bbox 1182 1714 1299 1773; x_wconf 84' lang='lat' dir='ltr'>quod</span> <span class='ocrx_word' id='word_1_202' title='bbox 1332 1714 1511 1773; x_wconf 85' lang='lat' dir='ltr'>quidam</span> <span class='ocrx_word' id='word_1_203' title='bbox 1543 1713 1733 1772; x_wconf 80' lang='lat' dir='ltr'>perversi</span> <span class='ocrx_word' id='word_1_204' title='bbox 1761 1728 1911 1756; x_wconf 88' lang='lat' dir='ltr'>sensus</span> <span class='ocrx_word' id='word_1_205' title='bbox 1942 1711 2140 1755; x_wconf 82' lang='lat' dir='ltr'>homines</span> <span class='ocrx_word' id='word_1_206' title='bbox 2171 1711 2217 1754; x_wconf 92' lang='lat' dir='ltr'>in</span> <span class='ocrx_word' id='word_1_207' title='bbox 2253 1716 2348 1753; x_wconf 87' lang='lat' dir='ltr'>tan-</span> 
     </span>
     <span class='ocr_line' id='line_1_19' title="bbox 230 1787 2347 1853; baseline -0.004 -16"><span class='ocrx_word' id='word_1_208' title='bbox 230 1798 320 1837; x_wconf 82' lang='lat' dir='ltr'>tam</span> <span class='ocrx_word' id='word_1_209' title='bbox 338 1793 620 1853; x_wconf 82' lang='lat' dir='ltr'>prosilierunt</span> <span class='ocrx_word' id='word_1_210' title='bbox 648 1793 862 1836; x_wconf 83' lang='lat' dir='ltr'>insaniam</span> <span class='ocrx_word' id='word_1_211' title='bbox 883 1828 893 1848; x_wconf 96' lang='lat'>,</span> <span class='ocrx_word' id='word_1_212' title='bbox 917 1798 965 1836; x_wconf 89' lang='lat' dir='ltr'>ut</span> <span class='ocrx_word' id='word_1_213' title='bbox 984 1792 1175 1835; x_wconf 75' lang='lat' dir='ltr'>dicerent</span> <span class='ocrx_word' id='word_1_214' title='bbox 1202 1807 1290 1835; x_wconf 89' lang='lat' dir='ltr'>non</span> <span class='ocrx_word' id='word_1_215' title='bbox 1322 1792 1436 1835; x_wconf 85' lang='lat' dir='ltr'>idem</span> <span class='ocrx_word' id='word_1_216' title='bbox 1470 1806 1557 1834; x_wconf 88' lang='lat' dir='ltr'>esse</span> <span class='ocrx_word' id='word_1_217' title='bbox 1590 1796 1792 1833; x_wconf 83' lang='lat' dir='ltr'>naturam</span> <span class='ocrx_word' id='word_1_218' title='bbox 1813 1789 1911 1843; x_wconf 88' lang='lat' dir='ltr'>Dei,</span> <span class='ocrx_word' id='word_1_219' title='bbox 1932 1795 1972 1832; x_wconf 85' lang='lat' dir='ltr'>et</span> <span class='ocrx_word' id='word_1_220' title='bbox 1990 1803 2236 1847; x_wconf 80' lang='lat' dir='ltr'>personam,</span> <span class='ocrx_word' id='word_1_221' title='bbox 2258 1787 2347 1830; x_wconf 86' lang='lat' dir='ltr'>sive</span> 
     </span>
     <span class='ocr_line' id='line_1_20' title="bbox 231 1867 2350 1930; baseline -0.004 -15"><span class='ocrx_word' id='word_1_222' title='bbox 231 1871 518 1930; x_wconf 84' lang='lat' dir='ltr'>hypostasim,</span> <span class='ocrx_word' id='word_1_223' title='bbox 551 1871 740 1914; x_wconf 87' lang='lat' dir='ltr'>dicentes</span> <span class='ocrx_word' id='word_1_224' title='bbox 760 1870 955 1913; x_wconf 77' lang='lat' dir='ltr'>eamdem</span> <span class='ocrx_word' id='word_1_225' title='bbox 977 1870 1207 1913; x_wconf 84' lang='lat' dir='ltr'>essentiam</span> <span class='ocrx_word' id='word_1_226' title='bbox 1228 1884 1316 1912; x_wconf 89' lang='lat' dir='ltr'>non</span> <span class='ocrx_word' id='word_1_227' title='bbox 1336 1884 1457 1928; x_wconf 88' lang='lat' dir='ltr'>posse</span> <span class='ocrx_word' id='word_1_228' title='bbox 1478 1883 1566 1912; x_wconf 91' lang='lat' dir='ltr'>esse</span> <span class='ocrx_word' id='word_1_229' title='bbox 1586 1869 1761 1911; x_wconf 84' lang='lat' dir='ltr'>Patrem</span> <span class='ocrx_word' id='word_1_230' title='bbox 1781 1873 1822 1911; x_wconf 90' lang='lat' dir='ltr'>et</span> <span class='ocrx_word' id='word_1_231' title='bbox 1839 1867 2005 1910; x_wconf 87' lang='lat' dir='ltr'>Filium</span> <span class='ocrx_word' id='word_1_232' title='bbox 2034 1867 2125 1909; x_wconf 90' lang='lat' dir='ltr'>sine</span> <span class='ocrx_word' id='word_1_233' title='bbox 2147 1879 2350 1924; x_wconf 88' lang='lat' dir='ltr'>persona-</span> 
     </span>
     <span class='ocr_line' id='line_1_21' title="bbox 230 1942 2348 2006; baseline -0.004 -14"><span class='ocrx_word' id='word_1_234' title='bbox 230 1964 332 1993; x_wconf 89' lang='lat' dir='ltr'>rum</span> <span class='ocrx_word' id='word_1_235' title='bbox 361 1949 629 1992; x_wconf 85' lang='lat' dir='ltr'>confusione.</span> <span class='ocrx_word' id='word_1_236' title='bbox 661 1948 706 1992; x_wconf 83' lang='lat' dir='ltr'>Si</span> <span class='ocrx_word' id='word_1_237' title='bbox 737 1948 875 2003; x_wconf 86' lang='lat' dir='ltr'>enim,</span> <span class='ocrx_word' id='word_1_238' title='bbox 898 1948 1137 2006; x_wconf 72' lang='lat' dir='ltr'>inquiunt,</span> <span class='ocrx_word' id='word_1_239' title='bbox 1165 1963 1214 1990; x_wconf 86' lang='lat' dir='ltr'>ea</span> <span class='ocrx_word' id='word_1_240' title='bbox 1240 1947 1423 1990; x_wconf 85' lang='lat' dir='ltr'>essentia</span> <span class='ocrx_word' id='word_1_241' title='bbox 1441 1982 1451 1999; x_wconf 91' lang='lat'>,</span> <span class='ocrx_word' id='word_1_242' title='bbox 1474 1962 1572 2006; x_wconf 63' lang='lat' dir='ltr'>quae</span> <span class='ocrx_word' id='word_1_243' title='bbox 1600 1947 1729 1990; x_wconf 85' lang='lat' dir='ltr'>Pater</span> <span class='ocrx_word' id='word_1_244' title='bbox 1759 1951 1844 1999; x_wconf 85' lang='lat' dir='ltr'>est,</span> <span class='ocrx_word' id='word_1_245' title='bbox 1867 1950 1928 1988; x_wconf 89' lang='lat' dir='ltr'>est</span> <span class='ocrx_word' id='word_1_246' title='bbox 1955 1944 2109 2000; x_wconf 87' lang='lat' dir='ltr'>Filius,</span> <span class='ocrx_word' id='word_1_247' title='bbox 2133 1943 2247 1986; x_wconf 88' lang='lat' dir='ltr'>idem</span> <span class='ocrx_word' id='word_1_248' title='bbox 2268 1942 2348 1985; x_wconf 87' lang='lat' dir='ltr'>sibi</span> 
     </span>
     <span class='ocr_line' id='line_1_22' title="bbox 230 2020 2344 2083; baseline -0.003 -14"><span class='ocrx_word' id='word_1_249' title='bbox 230 2027 359 2070; x_wconf 84' lang='lat' dir='ltr'>Pater</span> <span class='ocrx_word' id='word_1_250' title='bbox 377 2031 454 2081; x_wconf 89' lang='lat' dir='ltr'>est,</span> <span class='ocrx_word' id='word_1_251' title='bbox 477 2032 519 2069; x_wconf 91' lang='lat' dir='ltr'>et</span> <span class='ocrx_word' id='word_1_252' title='bbox 537 2026 691 2069; x_wconf 88' lang='lat' dir='ltr'>Filius.</span> <span class='ocrx_word' id='word_1_253' title='bbox 719 2025 767 2068; x_wconf 84' lang='lat' dir='ltr'>Si</span> <span class='ocrx_word' id='word_1_254' title='bbox 785 2025 896 2068; x_wconf 83' lang='lat' dir='ltr'>hanc</span> <span class='ocrx_word' id='word_1_255' title='bbox 914 2040 1005 2068; x_wconf 86' lang='lat' dir='ltr'>rem</span> <span class='ocrx_word' id='word_1_256' title='bbox 1030 2025 1136 2068; x_wconf 85' lang='lat' dir='ltr'>dicis</span> <span class='ocrx_word' id='word_1_257' title='bbox 1154 2040 1242 2068; x_wconf 90' lang='lat' dir='ltr'>esse</span> <span class='ocrx_word' id='word_1_258' title='bbox 1262 2025 1452 2079; x_wconf 86' lang='lat' dir='ltr'>Patrem,</span> <span class='ocrx_word' id='word_1_259' title='bbox 1473 2025 1604 2068; x_wconf 86' lang='lat' dir='ltr'>aliam</span> <span class='ocrx_word' id='word_1_260' title='bbox 1619 2039 1766 2083; x_wconf 55' lang='lat' dir='ltr'>quaere</span> <span class='ocrx_word' id='word_1_261' title='bbox 1782 2039 1914 2082; x_wconf 84' lang='lat' dir='ltr'>quam</span> <span class='ocrx_word' id='word_1_262' title='bbox 1935 2022 2050 2065; x_wconf 83' lang='lat' dir='ltr'>dicas</span> <span class='ocrx_word' id='word_1_263' title='bbox 2065 2037 2153 2064; x_wconf 87' lang='lat' dir='ltr'>esse</span> <span class='ocrx_word' id='word_1_264' title='bbox 2166 2020 2344 2063; x_wconf 86' lang='lat' dir='ltr'>Filium.</span> 
     </span>
     <span class='ocr_line' id='line_1_23' title="bbox 233 2098 2351 2161; baseline -0.004 -14"><span class='ocrx_word' id='word_1_265' title='bbox 233 2103 280 2148; x_wconf 89' lang='lat' dir='ltr'>Si</span> <span class='ocrx_word' id='word_1_266' title='bbox 306 2119 409 2147; x_wconf 83' lang='lat' dir='ltr'>vero</span> <span class='ocrx_word' id='word_1_267' title='bbox 428 2103 560 2146; x_wconf 80' lang='lat' dir='ltr'>aliam</span> <span class='ocrx_word' id='word_1_268' title='bbox 580 2117 666 2146; x_wconf 91' lang='lat' dir='ltr'>non</span> <span class='ocrx_word' id='word_1_269' title='bbox 687 2103 938 2161; x_wconf 76' lang='lat' dir='ltr'>quaesieriS,</span> <span class='ocrx_word' id='word_1_270' title='bbox 961 2102 1033 2145; x_wconf 84' lang='lat' dir='ltr'>sed</span> <span class='ocrx_word' id='word_1_271' title='bbox 1054 2103 1249 2145; x_wconf 83' lang='lat' dir='ltr'>eamdem</span> <span class='ocrx_word' id='word_1_272' title='bbox 1271 2102 1458 2156; x_wconf 79' lang='lat' dir='ltr'>dixeris,</span> <span class='ocrx_word' id='word_1_273' title='bbox 1480 2102 1594 2145; x_wconf 83' lang='lat' dir='ltr'>idem</span> <span class='ocrx_word' id='word_1_274' title='bbox 1621 2101 1772 2158; x_wconf 75' lang='lat' dir='ltr'>genuit</span> <span class='ocrx_word' id='word_1_275' title='bbox 1802 2105 1843 2144; x_wconf 89' lang='lat' dir='ltr'>et</span> <span class='ocrx_word' id='word_1_276' title='bbox 1869 2099 2042 2157; x_wconf 78' lang='lat' dir='ltr'>genitus</span> <span class='ocrx_word' id='word_1_277' title='bbox 2071 2103 2146 2141; x_wconf 86' lang='lat' dir='ltr'>est.</span> <span class='ocrx_word' id='word_1_278' title='bbox 2170 2098 2351 2155; x_wconf 83' lang='lat' dir='ltr'>Propter</span> 
     </span>
     <span class='ocr_line' id='line_1_24' title="bbox 233 2175 2351 2239; baseline -0.005 -13"><span class='ocrx_word' id='word_1_279' title='bbox 233 2182 326 2226; x_wconf 87' lang='lat' dir='ltr'>haec</span> <span class='ocrx_word' id='word_1_280' title='bbox 345 2187 386 2225; x_wconf 89' lang='lat' dir='ltr'>et</span> <span class='ocrx_word' id='word_1_281' title='bbox 404 2181 674 2239; x_wconf 83' lang='lat' dir='ltr'>hujusmodi,</span> <span class='ocrx_word' id='word_1_282' title='bbox 696 2180 809 2223; x_wconf 87' lang='lat' dir='ltr'>inter</span> <span class='ocrx_word' id='word_1_283' title='bbox 830 2186 1033 2223; x_wconf 85' lang='lat' dir='ltr'>naturam</span> <span class='ocrx_word' id='word_1_284' title='bbox 1053 2186 1095 2223; x_wconf 89' lang='lat' dir='ltr'>et</span> <span class='ocrx_word' id='word_1_285' title='bbox 1116 2195 1343 2238; x_wconf 84' lang='lat' dir='ltr'>personam</span> <span class='ocrx_word' id='word_1_286' title='bbox 1363 2180 1567 2222; x_wconf 83' lang='lat' dir='ltr'>dividunt</span> <span class='ocrx_word' id='word_1_287' title='bbox 1585 2214 1594 2233; x_wconf 97' lang='lat'>,</span> <span class='ocrx_word' id='word_1_288' title='bbox 1617 2180 1676 2221; x_wconf 82' lang='lat' dir='ltr'>ita</span> <span class='ocrx_word' id='word_1_289' title='bbox 1705 2184 1754 2221; x_wconf 88' lang='lat' dir='ltr'>ut</span> <span class='ocrx_word' id='word_1_290' title='bbox 1772 2193 1861 2222; x_wconf 87' lang='lat' dir='ltr'>non</span> <span class='ocrx_word' id='word_1_291' title='bbox 1881 2177 2091 2235; x_wconf 80' lang='lat' dir='ltr'>recipiant</span> <span class='ocrx_word' id='word_1_292' title='bbox 2110 2191 2242 2218; x_wconf 84' lang='lat' dir='ltr'>unam</span> <span class='ocrx_word' id='word_1_293' title='bbox 2262 2175 2351 2217; x_wconf 91' lang='lat' dir='ltr'>dei-</span> 
     </span>
     <span class='ocr_line' id='line_1_25' title="bbox 234 2253 2351 2316; baseline -0.004 -14"><span class='ocrx_word' id='word_1_294' title='bbox 234 2259 334 2302; x_wconf 83' lang='lat' dir='ltr'>tatis</span> <span class='ocrx_word' id='word_1_295' title='bbox 351 2264 553 2301; x_wconf 85' lang='lat' dir='ltr'>naturam</span> <span class='ocrx_word' id='word_1_296' title='bbox 573 2263 614 2300; x_wconf 88' lang='lat' dir='ltr'>et</span> <span class='ocrx_word' id='word_1_297' title='bbox 631 2257 870 2315; x_wconf 80' lang='lat' dir='ltr'>simplicem</span> <span class='ocrx_word' id='word_1_298' title='bbox 894 2272 981 2299; x_wconf 87' lang='lat' dir='ltr'>esse</span> <span class='ocrx_word' id='word_1_299' title='bbox 1004 2262 1088 2299; x_wconf 86' lang='lat' dir='ltr'>tres</span> <span class='ocrx_word' id='word_1_300' title='bbox 1107 2272 1322 2315; x_wconf 85' lang='lat' dir='ltr'>personas.</span> <span class='ocrx_word' id='word_1_301' title='bbox 1348 2257 1484 2316; x_wconf 71' lang='lat' dir='ltr'>quue</span> <span class='ocrx_word' id='word_1_302' title='bbox 1503 2256 1748 2299; x_wconf 64' lang='lat' dir='ltr'>testimonio</span> <span class='ocrx_word' id='word_1_303' title='bbox 1767 2255 1922 2298; x_wconf 86' lang='lat' dir='ltr'>Hilarii</span> <span class='ocrx_word' id='word_1_304' title='bbox 1943 2253 2171 2297; x_wconf 78' lang='lat' dir='ltr'>defendere</span> <span class='ocrx_word' id='word_1_305' title='bbox 2202 2253 2351 2295; x_wconf 86' lang='lat' dir='ltr'>nitun-</span> 
     </span>
     <span class='ocr_line' id='line_1_26' title="bbox 234 2330 2351 2394; baseline -0.003 -15"><span class='ocrx_word' id='word_1_306' title='bbox 234 2341 323 2391; x_wconf 86' lang='lat' dir='ltr'>tur,</span> <span class='ocrx_word' id='word_1_307' title='bbox 346 2335 487 2394; x_wconf 85' lang='lat' dir='ltr'>quiin</span> <span class='ocrx_word' id='word_1_308' title='bbox 507 2340 656 2378; x_wconf 78' lang='lat' dir='ltr'>octavo</span> <span class='ocrx_word' id='word_1_309' title='bbox 675 2334 787 2377; x_wconf 86' lang='lat' dir='ltr'>libro</span> <span class='ocrx_word' id='word_1_310' title='bbox 820 2334 872 2377; x_wconf 78' lang='lat' dir='ltr'>de</span> <span class='ocrx_word' id='word_1_311' title='bbox 907 2336 940 2376; x_wconf 83' lang='lat' dir='ltr'><em>T</em></span> <span class='ocrx_word' id='word_1_312' title='bbox 937 2334 1120 2377; x_wconf 74' lang='lat' dir='ltr'>rinitate</span> <span class='ocrx_word' id='word_1_313' title='bbox 1151 2339 1178 2390; x_wconf 90' lang='lat'>¹,</span> <span class='ocrx_word' id='word_1_314' title='bbox 1213 2349 1413 2393; x_wconf 83' lang='lat' dir='ltr'>quaerens</span> <span class='ocrx_word' id='word_1_315' title='bbox 1455 2341 1604 2378; x_wconf 80' lang='lat' dir='ltr'>utrum</span> <span class='ocrx_word' id='word_1_316' title='bbox 1629 2334 1862 2392; x_wconf 75' lang='lat' dir='ltr'>Apostolus</span> <span class='ocrx_word' id='word_1_317' title='bbox 1885 2332 2086 2391; x_wconf 86' lang='lat' dir='ltr'>spiritum</span> <span class='ocrx_word' id='word_1_318' title='bbox 2114 2331 2192 2374; x_wconf 88' lang='lat' dir='ltr'>Dei</span> <span class='ocrx_word' id='word_1_319' title='bbox 2213 2330 2351 2373; x_wconf 84' lang='lat' dir='ltr'>nomi-</span> 
     </span>
     <span class='ocr_line' id='line_1_27' title="bbox 234 2409 2354 2471; baseline -0.002 -15"><span class='ocrx_word' id='word_1_320' title='bbox 234 2429 360 2468; x_wconf 89' lang='lat' dir='ltr'>nans,</span> <span class='ocrx_word' id='word_1_321' title='bbox 382 2418 423 2456; x_wconf 87' lang='grc' dir='ltr'>θῖ</span> <span class='ocrx_word' id='word_1_322' title='bbox 442 2411 644 2470; x_wconf 88' lang='lat' dir='ltr'>spiritum</span> <span class='ocrx_word' id='word_1_323' title='bbox 663 2411 835 2465; x_wconf 87' lang='lat' dir='ltr'>Christi,</span> <span class='ocrx_word' id='word_1_324' title='bbox 858 2411 974 2454; x_wconf 89' lang='lat' dir='ltr'>idem</span> <span class='ocrx_word' id='word_1_325' title='bbox 993 2411 1303 2468; x_wconf 75' lang='lat' dir='ltr'>significaverit</span> <span class='ocrx_word' id='word_1_326' title='bbox 1323 2418 1506 2471; x_wconf 71' lang='lat' dir='ltr'>utraque</span> <span class='ocrx_word' id='word_1_327' title='bbox 1528 2412 1674 2466; x_wconf 86' lang='lat' dir='ltr'>verbo,</span> <span class='ocrx_word' id='word_1_328' title='bbox 1694 2411 1834 2470; x_wconf 85' lang='lat' dir='ltr'>inquit</span> <span class='ocrx_word' id='word_1_329' title='bbox 1851 2411 1912 2453; x_wconf 85' lang='lat' dir='ltr'>ita</span> <span class='ocrx_word' id='word_1_330' title='bbox 1933 2427 1942 2452; x_wconf 75' lang='grc' dir='ltr'>ι</span> <span class='ocrx_word' id='word_1_331' title='bbox 1971 2429 1991 2452; x_wconf 64' lang='grc' dir='ltr'>(ι</span> <span class='ocrx_word' id='word_1_332' title='bbox 2011 2409 2216 2453; x_wconf 81' lang='lat' dir='ltr'>Gentium</span> <span class='ocrx_word' id='word_1_333' title='bbox 2236 2409 2354 2452; x_wconf 65' lang='lat' dir='ltr'>Prte—</span> 
     </span>
     <span class='ocr_line' id='line_1_28' title="bbox 235 2486 2347 2547; baseline -0.003 -13"><span class='ocrx_word' id='word_1_334' title='bbox 235 2491 398 2535; x_wconf 84' lang='lat' dir='ltr'>dicator</span> <span class='ocrx_word' id='word_1_335' title='bbox 417 2490 567 2535; x_wconf 88' lang='lat' dir='ltr'>volens</span> <span class='ocrx_word' id='word_1_336' title='bbox 586 2494 753 2532; x_wconf 78' lang='lat' dir='ltr'>naturae</span> <span class='ocrx_word' id='word_1_337' title='bbox 788 2490 998 2532; x_wconf 85' lang='lat' dir='ltr'>unitatem</span> <span class='ocrx_word' id='word_1_338' title='bbox 1030 2490 1076 2532; x_wconf 90' lang='lat' dir='ltr'>in</span> <span class='ocrx_word' id='word_1_339' title='bbox 1096 2490 1222 2532; x_wconf 88' lang='lat' dir='ltr'>Patre</span> <span class='ocrx_word' id='word_1_340' title='bbox 1244 2496 1285 2533; x_wconf 90' lang='lat' dir='ltr'>et</span> <span class='ocrx_word' id='word_1_341' title='bbox 1304 2490 1415 2532; x_wconf 89' lang='lat' dir='ltr'>Filio</span> <span class='ocrx_word' id='word_1_342' title='bbox 1436 2490 1602 2543; x_wconf 63' lang='lat' dir='ltr'>(locere,</span> <span class='ocrx_word' id='word_1_343' title='bbox 1624 2489 1684 2532; x_wconf 87' lang='lat' dir='ltr'>ait</span> <span class='ocrx_word' id='word_1_344' title='bbox 1716 2505 1724 2531; x_wconf 93' lang='lat'>:</span> <span class='ocrx_word' id='word_1_345' title='bbox 1749 2489 1938 2547; x_wconf 73' lang='lat' dir='ltr'>Spiritus</span> <span class='ocrx_word' id='word_1_346' title='bbox 1968 2487 2048 2531; x_wconf 77' lang='lat' dir='ltr'>Dei</span> <span class='ocrx_word' id='word_1_347' title='bbox 2066 2487 2114 2530; x_wconf 73' lang='lat' dir='ltr'>in</span> <span class='ocrx_word' id='word_1_348' title='bbox 2134 2486 2250 2529; x_wconf 76' lang='lat' dir='ltr'>vobis</span> <span class='ocrx_word' id='word_1_349' title='bbox 2271 2494 2347 2529; x_wconf 77' lang='lat' dir='ltr'>est.</span> 
     </span>
     <span class='ocr_line' id='line_1_29' title="bbox 235 2563 2352 2628; baseline -0.004 -16"><span class='ocrx_word' id='word_1_350' title='bbox 235 2569 284 2612; x_wconf 87' lang='lat' dir='ltr'>Si</span> <span class='ocrx_word' id='word_1_351' title='bbox 303 2569 397 2628; x_wconf 76' lang='lat' dir='ltr'>quis</span> <span class='ocrx_word' id='word_1_352' title='bbox 411 2577 558 2612; x_wconf 75' lang='lat' dir='ltr'>autem</span> <span class='ocrx_word' id='word_1_353' title='bbox 578 2568 783 2627; x_wconf 69' lang='lat' dir='ltr'>spiritum</span> <span class='ocrx_word' id='word_1_354' title='bbox 808 2567 973 2611; x_wconf 55' lang='lat' dir='ltr'>Cleri-sti</span> <span class='ocrx_word' id='word_1_355' title='bbox 992 2583 1079 2610; x_wconf 73' lang='lat' dir='ltr'>non</span> <span class='ocrx_word' id='word_1_356' title='bbox 1100 2567 1246 2618; x_wconf 71' lang='lat' dir='ltr'>habet,</span> <span class='ocrx_word' id='word_1_357' title='bbox 1268 2567 1338 2610; x_wconf 71' lang='lat' dir='ltr'>liic</span> <span class='ocrx_word' id='word_1_358' title='bbox 1358 2582 1445 2609; x_wconf 74' lang='lat' dir='ltr'>non</span> <span class='ocrx_word' id='word_1_359' title='bbox 1468 2575 1530 2610; x_wconf 76' lang='lat' dir='ltr'>est</span> <span class='ocrx_word' id='word_1_360' title='bbox 1550 2567 1656 2624; x_wconf 76' lang='lat' dir='ltr'>ejus.</span> <span class='ocrx_word' id='word_1_361' title='bbox 1679 2566 1728 2609; x_wconf 84' lang='lat' dir='ltr'>Si</span> <span class='ocrx_word' id='word_1_362' title='bbox 1748 2573 1896 2608; x_wconf 66' lang='lat' dir='ltr'>alitem</span> <span class='ocrx_word' id='word_1_363' title='bbox 1915 2565 2104 2624; x_wconf 72' lang='lat' dir='ltr'>Spiritus</span> <span class='ocrx_word' id='word_1_364' title='bbox 2134 2564 2226 2621; x_wconf 75' lang='lat' dir='ltr'>ejus</span> <span class='ocrx_word' id='word_1_365' title='bbox 2242 2599 2253 2615; x_wconf 87' lang='lat'><em>‚</em></span> <span class='ocrx_word' id='word_1_366' title='bbox 2280 2563 2352 2621; x_wconf 72' lang='lat' dir='ltr'>qui</span> 
     </span>
     <span class='ocr_line' id='line_1_30' title="bbox 205 2641 2352 2707; baseline -0.003 -17"><span class='ocrx_word' id='word_1_367' title='bbox 205 2701 209 2707; x_wconf 91' lang='lat'><em>.</em></span> <span class='ocrx_word' id='word_1_368' title='bbox 237 2647 466 2691; x_wconf 73' lang='lat' dir='ltr'>suscitavit</span> <span class='ocrx_word' id='word_1_369' title='bbox 483 2649 630 2690; x_wconf 75' lang='lat' dir='ltr'>Jeszcm</span> <span class='ocrx_word' id='word_1_370' title='bbox 650 2651 679 2700; x_wconf 79' lang='lat'>2,</span> <span class='ocrx_word' id='word_1_371' title='bbox 703 2651 781 2688; x_wconf 85' lang='lat' dir='ltr'>etc.</span> <span class='ocrx_word' id='word_1_372' title='bbox 808 2645 1066 2703; x_wconf 85' lang='lat' dir='ltr'>Spirituales</span> <span class='ocrx_word' id='word_1_373' title='bbox 1086 2660 1234 2688; x_wconf 89' lang='lat' dir='ltr'>omnes</span> <span class='ocrx_word' id='word_1_374' title='bbox 1254 2659 1422 2698; x_wconf 78' lang='lat' dir='ltr'>sumus,</span> <span class='ocrx_word' id='word_1_375' title='bbox 1445 2644 1479 2686; x_wconf 91' lang='lat' dir='ltr'>si</span> <span class='ocrx_word' id='word_1_376' title='bbox 1502 2644 1546 2686; x_wconf 86' lang='lat' dir='ltr'>in</span> <span class='ocrx_word' id='word_1_377' title='bbox 1568 2643 1690 2686; x_wconf 85' lang='lat' dir='ltr'>nobis</span> <span class='ocrx_word' id='word_1_378' title='bbox 1711 2649 1773 2686; x_wconf 85' lang='lat' dir='ltr'>est</span> <span class='ocrx_word' id='word_1_379' title='bbox 1794 2643 1870 2686; x_wconf 70' lang='lat' dir='ltr'>Dei</span> <span class='ocrx_word' id='word_1_380' title='bbox 1893 2642 2072 2701; x_wconf 86' lang='lat' dir='ltr'>spiritus</span> <span class='ocrx_word' id='word_1_381' title='bbox 2095 2658 2103 2683; x_wconf 92' lang='lat'>:</span> <span class='ocrx_word' id='word_1_382' title='bbox 2127 2641 2200 2684; x_wconf 84' lang='lat' dir='ltr'>sed</span> <span class='ocrx_word' id='word_1_383' title='bbox 2223 2647 2263 2683; x_wconf 88' lang='lat' dir='ltr'>et</span> <span class='ocrx_word' id='word_1_384' title='bbox 2283 2641 2352 2683; x_wconf 83' lang='lat' dir='ltr'>hic</span> 
     </span>
     <span class='ocr_line' id='line_1_31' title="bbox 238 2718 2353 2784; baseline -0.003 -16"><span class='ocrx_word' id='word_1_385' title='bbox 238 2724 416 2784; x_wconf 87' lang='lat' dir='ltr'>spiritus</span> <span class='ocrx_word' id='word_1_386' title='bbox 433 2723 511 2767; x_wconf 85' lang='lat' dir='ltr'>Dei</span> <span class='ocrx_word' id='word_1_387' title='bbox 531 2729 609 2778; x_wconf 90' lang='lat' dir='ltr'>est,</span> <span class='ocrx_word' id='word_1_388' title='bbox 631 2728 672 2765; x_wconf 85' lang='lat' dir='ltr'>et</span> <span class='ocrx_word' id='word_1_389' title='bbox 691 2722 867 2780; x_wconf 88' lang='lat' dir='ltr'>spiritus</span> <span class='ocrx_word' id='word_1_390' title='bbox 886 2721 1059 2765; x_wconf 79' lang='lat' dir='ltr'>Christi.</span> <span class='ocrx_word' id='word_1_391' title='bbox 1082 2722 1135 2764; x_wconf 82' lang='lat' dir='ltr'>Et</span> <span class='ocrx_word' id='word_1_392' title='bbox 1155 2737 1254 2764; x_wconf 84' lang='lat' dir='ltr'>eum</span> <span class='ocrx_word' id='word_1_393' title='bbox 1274 2721 1433 2764; x_wconf 78' lang='lat' dir='ltr'>Christi</span> <span class='ocrx_word' id='word_1_394' title='bbox 1453 2721 1629 2780; x_wconf 84' lang='lat' dir='ltr'>spiritus</span> <span class='ocrx_word' id='word_1_395' title='bbox 1649 2721 1695 2763; x_wconf 88' lang='lat' dir='ltr'>in</span> <span class='ocrx_word' id='word_1_396' title='bbox 1716 2720 1839 2762; x_wconf 89' lang='lat' dir='ltr'>nobis</span> <span class='ocrx_word' id='word_1_397' title='bbox 1872 2725 1934 2762; x_wconf 87' lang='lat' dir='ltr'>est</span> <span class='ocrx_word' id='word_1_398' title='bbox 1951 2754 1960 2773; x_wconf 92' lang='lat'>,</span> <span class='ocrx_word' id='word_1_399' title='bbox 1983 2719 2076 2777; x_wconf 83' lang='lat' dir='ltr'>ejus</span> <span class='ocrx_word' id='word_1_400' title='bbox 2100 2718 2276 2777; x_wconf 79' lang='lat' dir='ltr'>spiritus</span> <span class='ocrx_word' id='word_1_401' title='bbox 2307 2718 2353 2761; x_wconf 91' lang='lat' dir='ltr'>in</span> 
     </span>
     <span class='ocr_line' id='line_1_32' title="bbox 239 2795 2356 2859; baseline -0.004 -14"><span class='ocrx_word' id='word_1_402' title='bbox 239 2802 365 2846; x_wconf 83' lang='lat' dir='ltr'>nobis</span> <span class='ocrx_word' id='word_1_403' title='bbox 394 2799 480 2855; x_wconf 77' lang='lat' dir='ltr'>est,</span> <span class='ocrx_word' id='word_1_404' title='bbox 501 2801 606 2859; x_wconf 84' lang='lat' dir='ltr'>quia</span> <span class='ocrx_word' id='word_1_405' title='bbox 635 2799 858 2843; x_wconf 86' lang='lat' dir='ltr'>suscitavit</span> <span class='ocrx_word' id='word_1_406' title='bbox 876 2799 1112 2843; x_wconf 83' lang='lat' dir='ltr'>Christum.</span> <span class='ocrx_word' id='word_1_407' title='bbox 1135 2799 1304 2841; x_wconf 77' lang='lat' dir='ltr'>Etcum</span> <span class='ocrx_word' id='word_1_408' title='bbox 1325 2798 1444 2856; x_wconf 87' lang='lat' dir='ltr'>ejus,</span> <span class='ocrx_word' id='word_1_409' title='bbox 1474 2798 1551 2856; x_wconf 87' lang='lat' dir='ltr'>qui</span> <span class='ocrx_word' id='word_1_410' title='bbox 1581 2797 1804 2840; x_wconf 83' lang='lat' dir='ltr'>suscitavit</span> <span class='ocrx_word' id='word_1_411' title='bbox 1823 2797 2042 2840; x_wconf 79' lang='lat' dir='ltr'>Christum</span> <span class='ocrx_word' id='word_1_412' title='bbox 2068 2796 2113 2838; x_wconf 87' lang='lat' dir='ltr'>in</span> <span class='ocrx_word' id='word_1_413' title='bbox 2144 2795 2269 2838; x_wconf 89' lang='lat' dir='ltr'>nobis</span> <span class='ocrx_word' id='word_1_414' title='bbox 2295 2802 2356 2838; x_wconf 83' lang='lat' dir='ltr'>est</span> 
     </span>
     <span class='ocr_line' id='line_1_33' title="bbox 239 2873 2352 2937; baseline -0.003 -16"><span class='ocrx_word' id='word_1_415' title='bbox 239 2879 430 2937; x_wconf 87' lang='lat' dir='ltr'>spiritus,</span> <span class='ocrx_word' id='word_1_416' title='bbox 453 2884 493 2921; x_wconf 89' lang='lat' dir='ltr'>et</span> <span class='ocrx_word' id='word_1_417' title='bbox 515 2877 693 2936; x_wconf 89' lang='lat' dir='ltr'>spiritus</span> <span class='ocrx_word' id='word_1_418' title='bbox 711 2877 757 2920; x_wconf 91' lang='lat' dir='ltr'>in</span> <span class='ocrx_word' id='word_1_419' title='bbox 776 2877 901 2920; x_wconf 86' lang='lat' dir='ltr'>nobis</span> <span class='ocrx_word' id='word_1_420' title='bbox 924 2882 986 2919; x_wconf 81' lang='lat' dir='ltr'>est</span> <span class='ocrx_word' id='word_1_421' title='bbox 1005 2877 1178 2931; x_wconf 81' lang='lat' dir='ltr'>Christi,</span> <span class='ocrx_word' id='word_1_422' title='bbox 1201 2891 1279 2919; x_wconf 90' lang='lat' dir='ltr'>nec</span> <span class='ocrx_word' id='word_1_423' title='bbox 1294 2883 1439 2919; x_wconf 87' lang='lat' dir='ltr'>tamen</span> <span class='ocrx_word' id='word_1_424' title='bbox 1459 2891 1548 2919; x_wconf 87' lang='lat' dir='ltr'>non</span> <span class='ocrx_word' id='word_1_425' title='bbox 1567 2876 1645 2919; x_wconf 89' lang='lat' dir='ltr'>Dei</span> <span class='ocrx_word' id='word_1_426' title='bbox 1665 2881 1728 2919; x_wconf 85' lang='lat' dir='ltr'>est</span> <span class='ocrx_word' id='word_1_427' title='bbox 1746 2876 1938 2933; x_wconf 73' lang='lat' dir='ltr'>spiritUS,</span> <span class='ocrx_word' id='word_1_428' title='bbox 1961 2875 2038 2933; x_wconf 78' lang='lat' dir='ltr'>qui</span> <span class='ocrx_word' id='word_1_429' title='bbox 2057 2874 2102 2917; x_wconf 87' lang='lat' dir='ltr'>in</span> <span class='ocrx_word' id='word_1_430' title='bbox 2129 2873 2255 2916; x_wconf 87' lang='lat' dir='ltr'>nohis</span> <span class='ocrx_word' id='word_1_431' title='bbox 2276 2879 2352 2916; x_wconf 87' lang='lat' dir='ltr'>est.</span> 
     </span>
     <span class='ocr_line' id='line_1_34' title="bbox 241 2950 2355 3012; baseline -0.003 -14"><span class='ocrx_word' id='word_1_432' title='bbox 241 2955 442 2998; x_wconf 82' lang='lat' dir='ltr'>Discerne</span> <span class='ocrx_word' id='word_1_433' title='bbox 465 2969 588 3012; x_wconf 79' lang='lat' dir='ltr'>ergo,</span> <span class='ocrx_word' id='word_1_434' title='bbox 612 2969 636 2997; x_wconf 94' lang='lat' dir='ltr'>o</span> <span class='ocrx_word' id='word_1_435' title='bbox 663 2954 878 3008; x_wconf 80' lang='lat' dir='ltr'>haeretice,</span> <span class='ocrx_word' id='word_1_436' title='bbox 907 2953 1109 3012; x_wconf 87' lang='lat' dir='ltr'>spiritum</span> <span class='ocrx_word' id='word_1_437' title='bbox 1129 2953 1288 2996; x_wconf 85' lang='lat' dir='ltr'>Christi</span> <span class='ocrx_word' id='word_1_438' title='bbox 1306 2969 1331 2996; x_wconf 86' lang='lat' dir='ltr'>a</span> <span class='ocrx_word' id='word_1_439' title='bbox 1355 2953 1510 3011; x_wconf 88' lang='lat' dir='ltr'>spiritu</span> <span class='ocrx_word' id='word_1_440' title='bbox 1533 2953 1631 3009; x_wconf 78' lang='lat' dir='ltr'>Dei,</span> <span class='ocrx_word' id='word_1_441' title='bbox 1656 2957 1698 2995; x_wconf 90' lang='lat' dir='ltr'>et</span> <span class='ocrx_word' id='word_1_442' title='bbox 1717 2952 1889 2995; x_wconf 73' lang='lat' dir='ltr'>excitati</span> <span class='ocrx_word' id='word_1_443' title='bbox 1910 2967 1933 2994; x_wconf 84' lang='lat' dir='ltr'>a</span> <span class='ocrx_word' id='word_1_444' title='bbox 1955 2951 2138 2994; x_wconf 81' lang='lat' dir='ltr'>mortuis</span> <span class='ocrx_word' id='word_1_445' title='bbox 2155 2950 2355 3008; x_wconf 84' lang='lat' dir='ltr'>spiritum</span> 
     </span>
     <span class='ocr_line' id='line_1_35' title="bbox 241 3014 2358 3090; baseline -0.003 -15"><span class='ocrx_word' id='word_1_446' title='bbox 241 3032 401 3076; x_wconf 88' lang='lat' dir='ltr'>Christi</span> <span class='ocrx_word' id='word_1_447' title='bbox 429 3047 454 3075; x_wconf 84' lang='lat' dir='ltr'>a</span> <span class='ocrx_word' id='word_1_448' title='bbox 484 3032 639 3090; x_wconf 88' lang='lat' dir='ltr'>spiritu</span> <span class='ocrx_word' id='word_1_449' title='bbox 663 3031 742 3074; x_wconf 79' lang='lat' dir='ltr'>Dei</span> <span class='ocrx_word' id='word_1_450' title='bbox 770 3014 1001 3074; x_wconf 51' lang='lat' dir='ltr'>Christum‘</span> <span class='ocrx_word' id='word_1_451' title='bbox 1022 3046 1047 3072; x_wconf 86' lang='lat' dir='ltr'>a</span> <span class='ocrx_word' id='word_1_452' title='bbox 1074 3030 1257 3073; x_wconf 84' lang='lat' dir='ltr'>mortuis</span> <span class='ocrx_word' id='word_1_453' title='bbox 1288 3030 1513 3073; x_wconf 73' lang='lat' dir='ltr'>excitantis</span> <span class='ocrx_word' id='word_1_454' title='bbox 1527 3065 1537 3084; x_wconf 95' lang='lat'>,</span> <span class='ocrx_word' id='word_1_455' title='bbox 1560 3045 1662 3073; x_wconf 86' lang='lat' dir='ltr'>cum</span> <span class='ocrx_word' id='word_1_456' title='bbox 1684 3030 1761 3088; x_wconf 87' lang='lat' dir='ltr'>qui</span> <span class='ocrx_word' id='word_1_457' title='bbox 1782 3029 1948 3072; x_wconf 84' lang='lat' dir='ltr'>habitat</span> <span class='ocrx_word' id='word_1_458' title='bbox 1968 3028 2014 3071; x_wconf 88' lang='lat' dir='ltr'>iu</span> <span class='ocrx_word' id='word_1_459' title='bbox 2035 3027 2160 3070; x_wconf 88' lang='lat' dir='ltr'>nobis</span> <span class='ocrx_word' id='word_1_460' title='bbox 2180 3026 2358 3085; x_wconf 85' lang='lat' dir='ltr'>spiritus</span> 
     </span>
     <span class='ocr_line' id='line_1_36' title="bbox 242 3103 2360 3168; baseline -0.004 -16"><span class='ocrx_word' id='word_1_461' title='bbox 242 3109 428 3166; x_wconf 88' lang='lat' dir='ltr'>Christi,</span> <span class='ocrx_word' id='word_1_462' title='bbox 453 3109 630 3168; x_wconf 82' lang='lat' dir='ltr'>spiritus</span> <span class='ocrx_word' id='word_1_463' title='bbox 659 3109 737 3151; x_wconf 85' lang='lat' dir='ltr'>Dei</span> <span class='ocrx_word' id='word_1_464' title='bbox 767 3108 848 3162; x_wconf 90' lang='lat' dir='ltr'>sit,</span> <span class='ocrx_word' id='word_1_465' title='bbox 872 3113 913 3151; x_wconf 89' lang='lat' dir='ltr'>et</span> <span class='ocrx_word' id='word_1_466' title='bbox 942 3107 1118 3164; x_wconf 89' lang='lat' dir='ltr'>spiritus</span> <span class='ocrx_word' id='word_1_467' title='bbox 1146 3107 1306 3150; x_wconf 87' lang='lat' dir='ltr'>Christi</span> <span class='ocrx_word' id='word_1_468' title='bbox 1331 3122 1356 3150; x_wconf 85' lang='lat' dir='ltr'>a</span> <span class='ocrx_word' id='word_1_469' title='bbox 1388 3107 1569 3150; x_wconf 84' lang='lat' dir='ltr'>mortuis</span> <span class='ocrx_word' id='word_1_470' title='bbox 1593 3106 1765 3149; x_wconf 76' lang='lat' dir='ltr'>excitati</span> <span class='ocrx_word' id='word_1_471' title='bbox 1790 3106 1969 3164; x_wconf 88' lang='lat' dir='ltr'>spiritus</span> <span class='ocrx_word' id='word_1_472' title='bbox 1995 3105 2073 3147; x_wconf 87' lang='lat' dir='ltr'>Dei</span> <span class='ocrx_word' id='word_1_473' title='bbox 2104 3109 2272 3147; x_wconf 85' lang='lat' dir='ltr'>tantum</span> <span class='ocrx_word' id='word_1_474' title='bbox 2306 3103 2360 3144; x_wconf 87' lang='lat' dir='ltr'>sit</span> 
     </span>
     <span class='ocr_line' id='line_1_37' title="bbox 243 3183 2357 3243; baseline -0.003 -14"><span class='ocrx_word' id='word_1_475' title='bbox 243 3185 464 3229; x_wconf 87' lang='lat' dir='ltr'>Christum</span> <span class='ocrx_word' id='word_1_476' title='bbox 483 3202 508 3229; x_wconf 84' lang='lat' dir='ltr'>a</span> <span class='ocrx_word' id='word_1_477' title='bbox 526 3185 710 3228; x_wconf 84' lang='lat' dir='ltr'>mortuis</span> <span class='ocrx_word' id='word_1_478' title='bbox 729 3185 967 3228; x_wconf 75' lang='lat' dir='ltr'>excitantis.</span> <span class='ocrx_word' id='word_1_479' title='bbox 991 3184 1043 3226; x_wconf 80' lang='lat' dir='ltr'>Et</span> <span class='ocrx_word' id='word_1_480' title='bbox 1065 3199 1213 3243; x_wconf 71' lang='lat' dir='ltr'>quaero</span> <span class='ocrx_word' id='word_1_481' title='bbox 1242 3200 1359 3227; x_wconf 88' lang='lat' dir='ltr'>nunc</span> <span class='ocrx_word' id='word_1_482' title='bbox 1374 3218 1384 3238; x_wconf 94' lang='lat'>,</span> <span class='ocrx_word' id='word_1_483' title='bbox 1406 3184 1451 3226; x_wconf 92' lang='lat' dir='ltr'>in</span> <span class='ocrx_word' id='word_1_484' title='bbox 1472 3183 1636 3242; x_wconf 83' lang='lat' dir='ltr'>Spiritu</span> <span class='ocrx_word' id='word_1_485' title='bbox 1662 3184 1737 3227; x_wconf 86' lang='lat' dir='ltr'>Dei</span> <span class='ocrx_word' id='word_1_486' title='bbox 1757 3187 1908 3226; x_wconf 89' lang='lat' dir='ltr'>utrum</span> <span class='ocrx_word' id='word_1_487' title='bbox 1942 3188 2165 3235; x_wconf 80' lang='lat' dir='ltr'>naturam,</span> <span class='ocrx_word' id='word_1_488' title='bbox 2191 3195 2246 3224; x_wconf 83' lang='lat' dir='ltr'>an</span> <span class='ocrx_word' id='word_1_489' title='bbox 2265 3195 2357 3223; x_wconf 85' lang='lat' dir='ltr'>rem</span> 
     </span>
     <span class='ocr_line' id='line_1_38' title="bbox 245 3259 2355 3320; baseline -0.002 -15"><span class='ocrx_word' id='word_1_490' title='bbox 245 3268 412 3306; x_wconf 85' lang='lat' dir='ltr'>naturae</span> <span class='ocrx_word' id='word_1_491' title='bbox 439 3263 724 3319; x_wconf 78' lang='lat' dir='ltr'>significatam</span> <span class='ocrx_word' id='word_1_492' title='bbox 754 3261 985 3305; x_wconf 79' lang='lat' dir='ltr'>existimes.</span> <span class='ocrx_word' id='word_1_493' title='bbox 1018 3261 1114 3305; x_wconf 88' lang='lat' dir='ltr'>Non</span> <span class='ocrx_word' id='word_1_494' title='bbox 1145 3267 1206 3304; x_wconf 86' lang='lat' dir='ltr'>est</span> <span class='ocrx_word' id='word_1_495' title='bbox 1227 3262 1342 3304; x_wconf 87' lang='lat' dir='ltr'>enim</span> <span class='ocrx_word' id='word_1_496' title='bbox 1362 3262 1476 3304; x_wconf 83' lang='lat' dir='ltr'>idem</span> <span class='ocrx_word' id='word_1_497' title='bbox 1497 3268 1655 3304; x_wconf 81' lang='lat' dir='ltr'>natura</span> <span class='ocrx_word' id='word_1_498' title='bbox 1675 3295 1684 3315; x_wconf 96' lang='lat'>,</span> <span class='ocrx_word' id='word_1_499' title='bbox 1706 3260 1821 3320; x_wconf 85' lang='lat' dir='ltr'>quod</span> <span class='ocrx_word' id='word_1_500' title='bbox 1843 3275 1911 3303; x_wconf 87' lang='lat' dir='ltr'>res</span> <span class='ocrx_word' id='word_1_501' title='bbox 1930 3266 2114 3313; x_wconf 68' lang='lat' dir='ltr'>naturae,</span> <span class='ocrx_word' id='word_1_502' title='bbox 2137 3259 2247 3301; x_wconf 86' lang='lat' dir='ltr'>sicut</span> <span class='ocrx_word' id='word_1_503' title='bbox 2267 3273 2355 3300; x_wconf 86' lang='lat' dir='ltr'>non</span> 
     </span>
     <span class='ocr_line' id='line_1_39' title="bbox 244 3336 2359 3397; baseline -0.003 -14"><span class='ocrx_word' id='word_1_504' title='bbox 244 3339 360 3383; x_wconf 85' lang='lat' dir='ltr'>idem</span> <span class='ocrx_word' id='word_1_505' title='bbox 389 3345 450 3382; x_wconf 87' lang='lat' dir='ltr'>est</span> <span class='ocrx_word' id='word_1_506' title='bbox 480 3339 609 3382; x_wconf 87' lang='lat' dir='ltr'>homo</span> <span class='ocrx_word' id='word_1_507' title='bbox 627 3374 637 3394; x_wconf 93' lang='lat'>,</span> <span class='ocrx_word' id='word_1_508' title='bbox 660 3345 700 3381; x_wconf 85' lang='lat' dir='ltr'>et</span> <span class='ocrx_word' id='word_1_509' title='bbox 732 3339 848 3397; x_wconf 66' lang='lat' dir='ltr'>quod</span> <span class='ocrx_word' id='word_1_510' title='bbox 879 3338 1068 3381; x_wconf 81' lang='lat' dir='ltr'>hominis</span> <span class='ocrx_word' id='word_1_511' title='bbox 1094 3345 1155 3381; x_wconf 76' lang='lat' dir='ltr'>est</span> <span class='ocrx_word' id='word_1_512' title='bbox 1172 3373 1182 3392; x_wconf 87' lang='lat'>,</span> <span class='ocrx_word' id='word_1_513' title='bbox 1206 3353 1283 3381; x_wconf 86' lang='lat' dir='ltr'>nec</span> <span class='ocrx_word' id='word_1_514' title='bbox 1315 3339 1431 3381; x_wconf 88' lang='lat' dir='ltr'>idem</span> <span class='ocrx_word' id='word_1_515' title='bbox 1464 3345 1524 3381; x_wconf 85' lang='lat' dir='ltr'>est</span> <span class='ocrx_word' id='word_1_516' title='bbox 1559 3338 1695 3395; x_wconf 76' lang='lat' dir='ltr'>ignis,</span> <span class='ocrx_word' id='word_1_517' title='bbox 1719 3344 1760 3380; x_wconf 86' lang='lat' dir='ltr'>et</span> <span class='ocrx_word' id='word_1_518' title='bbox 1793 3338 1909 3396; x_wconf 83' lang='lat' dir='ltr'>quod</span> <span class='ocrx_word' id='word_1_519' title='bbox 1930 3338 2066 3396; x_wconf 87' lang='lat' dir='ltr'>ipsius</span> <span class='ocrx_word' id='word_1_520' title='bbox 2085 3336 2196 3393; x_wconf 76' lang='lat' dir='ltr'>ignis</span> <span class='ocrx_word' id='word_1_521' title='bbox 2217 3340 2293 3389; x_wconf 84' lang='lat' dir='ltr'>est;</span> <span class='ocrx_word' id='word_1_522' title='bbox 2317 3340 2359 3377; x_wconf 89' lang='lat' dir='ltr'>et</span> 
     </span>
     <span class='ocr_line' id='line_1_40' title="bbox 247 3411 2354 3474; baseline -0.002 -14"><span class='ocrx_word' id='word_1_523' title='bbox 247 3416 485 3460; x_wconf 83' lang='lat' dir='ltr'>secundum</span> <span class='ocrx_word' id='word_1_524' title='bbox 511 3416 591 3459; x_wconf 91' lang='lat' dir='ltr'>hoc</span> <span class='ocrx_word' id='word_1_525' title='bbox 610 3431 698 3459; x_wconf 89' lang='lat' dir='ltr'>non</span> <span class='ocrx_word' id='word_1_526' title='bbox 728 3422 790 3459; x_wconf 89' lang='lat' dir='ltr'>est</span> <span class='ocrx_word' id='word_1_527' title='bbox 808 3415 922 3458; x_wconf 78' lang='lat' dir='ltr'>idem</span> <span class='ocrx_word' id='word_1_528' title='bbox 943 3416 1057 3459; x_wconf 86' lang='lat' dir='ltr'>Deus</span> <span class='ocrx_word' id='word_1_529' title='bbox 1071 3450 1081 3470; x_wconf 94' lang='lat'>,</span> <span class='ocrx_word' id='word_1_530' title='bbox 1105 3421 1145 3459; x_wconf 84' lang='lat' dir='ltr'>et</span> <span class='ocrx_word' id='word_1_531' title='bbox 1164 3415 1280 3474; x_wconf 76' lang='lat' dir='ltr'>qimd</span> <span class='ocrx_word' id='word_1_532' title='bbox 1299 3415 1378 3458; x_wconf 90' lang='lat' dir='ltr'>Dei</span> <span class='ocrx_word' id='word_1_533' title='bbox 1396 3420 1471 3458; x_wconf 81' lang='lat' dir='ltr'>est.</span> <span class='ocrx_word' id='word_1_534' title='bbox 1508 3433 1526 3456; x_wconf 85' lang='lat'>»</span> <span class='ocrx_word' id='word_1_535' title='bbox 1553 3415 1697 3474; x_wconf 86' lang='lat' dir='ltr'>Hujus</span> <span class='ocrx_word' id='word_1_536' title='bbox 1725 3415 1827 3458; x_wconf 88' lang='lat' dir='ltr'>dicti</span> <span class='ocrx_word' id='word_1_537' title='bbox 1847 3415 2063 3458; x_wconf 85' lang='lat' dir='ltr'>occasione</span> <span class='ocrx_word' id='word_1_538' title='bbox 2083 3412 2250 3472; x_wconf 78' lang='lat' dir='ltr'>praefati</span> <span class='ocrx_word' id='word_1_539' title='bbox 2270 3411 2354 3456; x_wconf 80' lang='lat' dir='ltr'>hae-</span> 
     </span>
    </p>
   </div>
   <div class='ocr_carea' id='block_1_6' title="bbox 293 3558 1522 3600">
    <p class='ocr_par' dir='ltr' id='par_1_6' title="bbox 293 3558 1522 3600">
     <span class='ocr_line' id='line_1_41' title="bbox 293 3558 1522 3600; baseline -0.002 -9"><span class='ocrx_word' id='word_1_540' title='bbox 293 3561 302 3582; x_wconf 81' lang='lat'><strong>¹</strong></span> <span class='ocrx_word' id='word_1_541' title='bbox 317 3559 434 3600; x_wconf 84' lang='lat' dir='ltr'>Hilar.‚</span> <span class='ocrx_word' id='word_1_542' title='bbox 453 3559 492 3590; x_wconf 74' lang='lat' dir='ltr'>de</span> <span class='ocrx_word' id='word_1_543' title='bbox 511 3559 642 3598; x_wconf 70' lang='lat' dir='ltr'>Trinit„</span> <span class='ocrx_word' id='word_1_544' title='bbox 663 3559 721 3590; x_wconf 87' lang='lat' dir='ltr'>lib.</span> <span class='ocrx_word' id='word_1_545' title='bbox 737 3559 811 3591; x_wconf 89' lang='lat' dir='ltr'>Vlll</span> <span class='ocrx_word' id='word_1_546' title='bbox 825 3583 835 3599; x_wconf 87' lang='lat'>,</span> <span class='ocrx_word' id='word_1_547' title='bbox 856 3559 957 3599; x_wconf 86' lang='lat' dir='ltr'>paulo</span> <span class='ocrx_word' id='word_1_548' title='bbox 977 3561 1054 3590; x_wconf 81' lang='lat' dir='ltr'>ante</span> <span class='ocrx_word' id='word_1_549' title='bbox 1070 3559 1159 3589; x_wconf 84' lang='lat' dir='ltr'>med.</span> <span class='ocrx_word' id='word_1_550' title='bbox 1174 3576 1215 3581; x_wconf 94' lang='lat'>—</span> <span class='ocrx_word' id='word_1_551' title='bbox 1228 3558 1242 3579; x_wconf 73' lang='lat'>2</span> <span class='ocrx_word' id='word_1_552' title='bbox 1254 3558 1359 3598; x_wconf 62' lang='lat' dir='ltr'>Rom„</span> <span class='ocrx_word' id='word_1_553' title='bbox 1375 3564 1450 3598; x_wconf 80' lang='lat' dir='ltr'>vm,</span> <span class='ocrx_word' id='word_1_554' title='bbox 1472 3560 1522 3590; x_wconf 83' lang='lat'>11.</span> 
     </span>
    </p>
   </div>
   <div class='ocr_carea' id='block_1_7' title="bbox 2368 1723 2516 2493">
    <p class='ocr_par' dir='ltr' id='par_1_7' title="bbox 2368 1723 2516 2451">
     <span class='ocr_line' id='line_1_42' title="bbox 2404 1723 2492 1750; baseline -0.011 0"><span class='ocrx_word' id='word_1_555' title='bbox 2404 1723 2492 1750; x_wconf 79' lang='lat' dir='ltr'>Error</span> 
     </span>
     <span class='ocr_line' id='line_1_43' title="bbox 2390 1765 2486 1791; baseline -0.01 0"><span class='ocrx_word' id='word_1_556' title='bbox 2390 1765 2486 1791; x_wconf 81' lang='lat' dir='ltr'>(licen-</span> 
     </span>
     <span class='ocr_line' id='line_1_44' title="bbox 2368 1806 2507 1832; baseline -0.007 0"><span class='ocrx_word' id='word_1_557' title='bbox 2368 1806 2437 1832; x_wconf 82' lang='lat' dir='ltr'>tium</span> <span class='ocrx_word' id='word_1_558' title='bbox 2451 1812 2507 1831; x_wconf 85' lang='lat' dir='ltr'>non</span> 
     </span>
     <span class='ocr_line' id='line_1_45' title="bbox 2402 1847 2477 1873; baseline -0.013 0"><span class='ocrx_word' id='word_1_559' title='bbox 2402 1847 2477 1873; x_wconf 85' lang='lat' dir='ltr'>idem</span> 
     </span>
     <span class='ocr_line' id='line_1_46' title="bbox 2369 1888 2507 1915; baseline -0.014 0"><span class='ocrx_word' id='word_1_560' title='bbox 2369 1897 2430 1915; x_wconf 85' lang='lat' dir='ltr'>esse</span> <span class='ocrx_word' id='word_1_561' title='bbox 2442 1888 2507 1914; x_wconf 82' lang='lat' dir='ltr'>Per-</span> 
     </span>
     <span class='ocr_line' id='line_1_47' title="bbox 2385 1938 2491 1964; baseline -0.019 -8"><span class='ocrx_word' id='word_1_562' title='bbox 2385 1938 2491 1964; x_wconf 88' lang='lat' dir='ltr'>sonam,</span> 
     </span>
     <span class='ocr_line' id='line_1_48' title="bbox 2370 1972 2510 1998; baseline 0 -1"><span class='ocrx_word' id='word_1_563' title='bbox 2370 1975 2396 1997; x_wconf 83' lang='lat' dir='ltr'>et</span> <span class='ocrx_word' id='word_1_564' title='bbox 2410 1972 2510 1998; x_wconf 79' lang='lat' dir='ltr'>Essen-</span> 
     </span>
     <span class='ocr_line' id='line_1_49' title="bbox 2371 2012 2508 2046; baseline -0.007 -7"><span class='ocrx_word' id='word_1_565' title='bbox 2371 2013 2448 2046; x_wconf 80' lang='lat' dir='ltr'>liam,</span> <span class='ocrx_word' id='word_1_566' title='bbox 2463 2012 2508 2038; x_wconf 66' lang='lat' dir='ltr'>vel</span> 
     </span>
     <span class='ocr_line' id='line_1_50' title="bbox 2372 2054 2509 2080; baseline -0.007 0"><span class='ocrx_word' id='word_1_567' title='bbox 2372 2054 2509 2080; x_wconf 69' lang='lat' dir='ltr'>Naturam</span> 
     </span>
     <span class='ocr_line' id='line_1_51' title="bbox 2384 2098 2499 2121; baseline -0.009 0"><span class='ocrx_word' id='word_1_568' title='bbox 2384 2098 2411 2121; x_wconf 83' lang='lat' dir='ltr'>et</span> <span class='ocrx_word' id='word_1_569' title='bbox 2425 2103 2499 2121; x_wconf 83' lang='lat' dir='ltr'>eam-</span> 
     </span>
     <span class='ocr_line' id='line_1_52' title="bbox 2372 2136 2514 2163; baseline -0.007 0"><span class='ocrx_word' id='word_1_570' title='bbox 2372 2137 2436 2163; x_wconf 81' lang='lat' dir='ltr'>dem</span> <span class='ocrx_word' id='word_1_571' title='bbox 2463 2136 2514 2162; x_wconf 86' lang='lat' dir='ltr'>Es-</span> 
     </span>
     <span class='ocr_line' id='line_1_53' title="bbox 2382 2178 2502 2204; baseline -0.008 0"><span class='ocrx_word' id='word_1_572' title='bbox 2382 2178 2502 2204; x_wconf 78' lang='lat' dir='ltr'>sentiani</span> 
     </span>
     <span class='ocr_line' id='line_1_54' title="bbox 2379 2227 2512 2253; baseline 0.008 -9"><span class='ocrx_word' id='word_1_573' title='bbox 2379 2228 2435 2245; x_wconf 73' lang='lat' dir='ltr'>nou</span> <span class='ocrx_word' id='word_1_574' title='bbox 2449 2227 2512 2253; x_wconf 72' lang='lat' dir='ltr'>pos-</span> 
     </span>
     <span class='ocr_line' id='line_1_55' title="bbox 2390 2268 2498 2286; baseline 0 0"><span class='ocrx_word' id='word_1_575' title='bbox 2390 2269 2419 2286; x_wconf 84' lang='lat' dir='ltr'>se</span> <span class='ocrx_word' id='word_1_576' title='bbox 2436 2268 2498 2286; x_wconf 84' lang='lat' dir='ltr'>esse</span> 
     </span>
     <span class='ocr_line' id='line_1_56' title="bbox 2384 2303 2494 2329; baseline -0.018 0"><span class='ocrx_word' id='word_1_577' title='bbox 2384 2303 2494 2329; x_wconf 77' lang='lat' dir='ltr'>Patrem</span> 
     </span>
     <span class='ocr_line' id='line_1_57' title="bbox 2372 2343 2513 2369; baseline 0 0"><span class='ocrx_word' id='word_1_578' title='bbox 2372 2348 2399 2369; x_wconf 77' lang='lat' dir='ltr'>et</span> <span class='ocrx_word' id='word_1_579' title='bbox 2410 2343 2513 2369; x_wconf 78' lang='lat' dir='ltr'>Filium</span> 
     </span>
     <span class='ocr_line' id='line_1_58' title="bbox 2381 2384 2514 2418; baseline -0.008 -8"><span class='ocrx_word' id='word_1_580' title='bbox 2381 2388 2408 2410; x_wconf 86' lang='lat' dir='ltr'>et</span> <span class='ocrx_word' id='word_1_581' title='bbox 2427 2384 2514 2418; x_wconf 59' lang='lat' dir='ltr'>§piri-</span> 
     </span>
     <span class='ocr_line' id='line_1_59' title="bbox 2374 2430 2516 2451; baseline 0 0"><span class='ocrx_word' id='word_1_582' title='bbox 2374 2430 2432 2451; x_wconf 78' lang='lat' dir='ltr'>tum</span> <span class='ocrx_word' id='word_1_583' title='bbox 2441 2433 2516 2451; x_wconf 79' lang='lat' dir='ltr'>sauc-</span> 
     </span>
    </p>

    <p class='ocr_par' dir='ltr' id='par_1_8' title="bbox 2375 2471 2444 2493">
     <span class='ocr_line' id='line_1_60' title="bbox 2375 2471 2444 2493; baseline -0.014 0"><span class='ocrx_word' id='word_1_584' title='bbox 2375 2471 2444 2493; x_wconf 80' lang='lat' dir='ltr'>tum.</span> 
     </span>
    </p>
   </div>
  </div>
 </body>
</html>
