2613 3990
138 1736 248 1764 funda-

108 1780 211 1806 menta.

267 186 317 223 56

266 282 474 312 numerus
501 282 804 325 personarum,
826 272 904 313 erit
929 272 1149 326 infinitus,
1169 277 1211 315 et
1236 273 1294 315 ita

266 346 391 385 erunt
410 343 588 385 infinitae
615 356 821 397 personae.

266 447 285 453 ..
317 418 356 455 2.
374 414 493 466 Item,
507 427 604 456 cum
623 415 779 469 duplex
796 416 849 456 sit
865 416 1067 467 infinitas,
1084 416 1291 469 virtualis,

263 489 303 528 et
322 487 579 537 numeralis3
613 487 799 527 infinitas
820 487 1014 528 virtualis
1038 491 1099 529 est
1119 489 1164 529 in
1183 489 1263 529 Deo
1282 504 1289 529 :

264 571 382 611 ergo,
406 559 492 612 pari
516 559 692 609 ratione,
710 559 897 599 infinitas
911 560 1171 601 numeralis:
1190 572 1293 613 ergo

263 631 307 670 in
326 630 409 671 Deo
435 633 533 670 sunt
550 629 725 670 infinitae
748 642 954 682 personae,

319 705 357 742 3.
379 701 496 752 Item,
520 700 685 741 infinita
718 700 858 742 virtus
874 734 884 753 ,
917 714 1016 742 cum
1036 706 1204 745 emanet
1228 716 1291 745 se-

265 774 373 815 eund
380 786 453 814 um
469 785 590 813 suam
604 775 734 813 totam
748 772 1016 826 infinitatem,
1028 787 1115 816 non
1127 778 1295 816 tantum

264 845 680 900 producitinfinitum
694 844 918 896 intensive,
932 846 1003 886 sed
1013 847 1140 888 etiam
1154 850 1296 888 exten-

265 917 354 959 sive
372 932 380 958 :
402 917 471 957 sed
484 916 619 957 virtus
631 914 780 967 Patris,
799 916 845 957 in
862 917 1137 970 productione
1150 930 1294 971 perso-

264 1003 433 1041 narum,
453 992 622 1030 emanat
648 990 882 1030 secundum
907 991 1198 1032 omnimodam
1228 992 1293 1033 sui

264 1063 510 1116 potestatem
534 1073 544 1102 :
564 1073 668 1113 ergo
689 1073 776 1102 non
801 1064 970 1102 tantum
989 1063 1185 1116 producit
1204 1075 1294 1117 per-

265 1146 387 1175 sonas
397 1133 584 1175 infinitas
604 1133 649 1174 in
663 1133 835 1185 virtute,
854 1133 941 1176 imo
960 1134 1148 1176 infinitas
1158 1134 1201 1175 in
1216 1147 1296 1176 nu-

265 1217 397 1247 mero.

318 1280 357 1318 4.
379 1276 498 1328 Item,
521 1276 601 1318 hoc
620 1275 761 1330 ipsum
781 1276 1014 1318 ostenditur
1034 1277 1092 1318 sic
1114 1291 1125 1319 ε
1153 1278 1296 1321 Multi-

265 1348 434 1403 plicatio
475 1360 756 1402 personarum
787 1351 862 1389 aut
894 1351 955 1389 est
985 1349 1180 1401 virtutis,
1222 1355 1297 1394 aut

265 1432 351 1462 non
367 1433 377 1461 :
394 1420 544 1471 sinon,
564 1432 667 1473 ergo
687 1432 774 1461 non
787 1420 910 1462 debet
930 1421 975 1462 in
994 1421 1151 1464 divinis
1171 1424 1292 1477 poni3

266 1493 300 1535 si
318 1496 378 1534 est
397 1493 570 1535 virtutis
589 1505 664 1547 per
683 1506 740 1545 se,
759 1506 865 1546 ergo
884 1495 1022 1547 maJor
1042 1495 1298 1549 multiplica-

267 1564 324 1606 tio
345 1565 424 1606 erit
444 1564 618 1618 majoris
637 1564 827 1617 virtutis,
861 1568 901 1606 et
926 1578 1109 1608 summae
1130 1567 1299 1609 virtutis

266 1637 436 1679 infinita
455 1636 747 1691 multiplicatio
771 1651 779 1678 ε
803 1649 929 1690 ergo,
951 1640 1028 1678 etc.

323 1708 490 1750 Contra.
514 1708 601 1749 Hoc
618 1708 852 1750 ostenditur
871 1709 1140 1763 quadruplici
1159 1710 1300 1751 condi-

269 1781 381 1823 tione
399 1814 409 1832 ,
443 1792 540 1835 quae
570 1782 755 1823 sumitur
783 1781 835 1822 ab
857 1782 937 1823 hoc
953 1814 963 1831 ,
999 1782 1112 1835 quod
1136 1794 1302 1837 semper

269 1853 352 1895 Deo
367 1857 427 1894 est
441 1854 762 1895 attribuendum
774 1854 887 1907 quod
900 1854 1084 1895 nobilius
1096 1856 1172 1906 est,
1188 1855 1303 1908 quod

269 1938 436 1968 necesse
468 1929 529 1968 est
561 1938 719 1980 ponere
750 1926 957 1967 finitatem
988 1939 1298 1980 personarum:

271 1998 408 2052 prima
426 2001 488 2039 est
516 1997 747 2049 distincti03
770 1998 973 2050 secunda,
995 1999 1120 2051 ordo;
1155 2000 1301 2052 tertia,

271 2069 480 2111 connexio
505 2084 515 2120 3
552 2071 730 2122 quarta,
768 2081 938 2110 summa
964 2069 1202 2123 completio.
1240 2070 1303 2112 Ex

273 2140 512 2182 conditione
533 2140 695 2194 prima,
717 2140 952 2181 ostenditur
974 2140 1033 2181 sic
1057 2156 1065 2182 :
1104 2140 1148 2183 Si
1166 2144 1227 2182 est
1244 2142 1304 2183 ihi

272 2212 500 2264 distinctio,
533 2224 620 2253 non
655 2224 759 2264 ergo
789 2212 978 2254 confusio
1007 2225 1016 2254 :
1040 2213 1112 2255 sed
1145 2215 1219 2256 ubi
1243 2217 1305 2256 est

273 2285 477 2335 infinitas,
492 2284 551 2325 ibi
571 2286 632 2325 est
650 2283 839 2325 confusio
859 2296 869 2325 ε
892 2296 1010 2337 ergo,
1030 2287 1109 2326 etc.

326 2357 446 2408 Item,
477 2369 530 2397 ex
565 2356 763 2406 secunda,
794 2356 852 2397 sic
878 2371 887 2398 :
911 2356 988 2398 Ubi
1009 2360 1070 2398 est
1092 2358 1216 2410 ordo,
1247 2359 1305 2400 ibi

273 2434 334 2473 est
353 2431 610 2482 terminatio,
631 2430 733 2484 quia
745 2463 756 2482 ,
780 2430 856 2471 ubi
874 2430 1014 2471 deficit
1031 2432 1275 2474 terminatio
1291 2466 1301 2483 ,

272 2504 412 2546 deficit
428 2503 640 2554 mediatio,
657 2505 698 2544 et
716 2515 790 2556 per
805 2514 1066 2556 consequens
1081 2503 1186 2544 ordo
1204 2518 1212 2545 :
1234 2504 1305 2545 sed

273 2576 347 2618 ubi
367 2579 428 2617 est
445 2575 701 2627 terminatio,
720 2587 808 2616 non
828 2577 889 2616 est
901 2575 1087 2616 infinitas
1108 2590 1116 2616 :
1133 2587 1252 2628 ergo,
1271 2575 1306 2616 si

274 2648 318 2689 in
333 2648 488 2689 divinis
507 2650 568 2689 est
587 2648 705 2700 ordo,
726 2660 814 2688 non
835 2650 898 2689 est
915 2647 1114 2688 infinitas.

330 2719 458 2770 Item,
489 2731 543 2760 ex
570 2719 718 2769 tertia,
749 2718 808 2759 sic
840 2733 849 2760 :
884 2719 959 2759 ubi
984 2721 1045 2759 est
1075 2719 1302 2771 connexio,

276 2804 443 2834 necesse
471 2794 533 2833 est
557 2791 672 2845 quod
697 2803 845 2833 omnes
867 2803 1059 2845 personae
1079 2792 1307 2845 procedant

276 2861 329 2906 ab
350 2877 436 2906 una
457 2875 468 2904 :
489 2877 590 2906 nam
606 2897 617 2917 ,
648 2865 682 2905 si
714 2876 802 2905 una
820 2864 873 2905 ab
895 2864 975 2905 alia
991 2896 1001 2914 ,
1022 2866 1061 2905 et
1081 2865 1138 2905 ita
1159 2877 1306 2906 conse-

278 2942 456 2994 quenter
469 2971 480 2990 ,
516 2942 618 2980 tunc
664 2940 726 2980 est
758 2938 923 2980 infinita
960 2939 1157 2980 distantia
1198 2938 1307 2980 inter

277 3011 463 3065 primam
492 3013 533 3051 et
565 3010 788 3062 ultimam,
820 3012 861 3051 et
893 3010 974 3051 hoc
1012 3012 1074 3051 est
1109 3010 1307 3052 inconve-

278 3083 425 3124 niens:
445 3094 549 3135 ergo
568 3094 714 3123 omnes
733 3083 785 3124 ab
805 3095 906 3124 una.
930 3083 1014 3124 Aut
1033 3095 1137 3135 ergo
1151 3083 1308 3124 eisdem

282 3155 431 3204 modis,
461 3157 535 3195 aut
561 3154 736 3195 diversis
764 3168 774 3196 ε
797 3155 831 3196 si
859 3155 1034 3205 eisdem,
1053 3167 1157 3208 ergo
1191 3155 1309 3197 nulla

281 3227 507 3277 distincti03
540 3227 575 3267 si
593 3227 792 3278 diversis,
825 3230 866 3269 et
885 3228 1040 3269 diversi
1060 3228 1173 3270 modi
1192 3241 1309 3270 ema-

281 3300 410 3341 nandi
427 3302 526 3340 sunt
545 3299 654 3339 finiti
673 3311 684 3339 :
706 3311 825 3351 ergo,
843 3303 921 3341 etc.

336 3372 465 3423 Item,
496 3383 549 3412 ex
569 3373 720 3424 quarta
744 3403 754 3421 ,
774 3371 861 3412 sic:
890 3371 932 3412 Si
965 3375 1026 3413 est
1050 3372 1109 3412 ibi
1141 3385 1310 3413 summa

329 3480 340 3501 ¹
354 3481 461 3521 Scot.,
483 3479 561 3512 dist.
576 3487 608 3521 1,
632 3489 665 3522 q.
689 3486 727 3520 11,
750 3480 841 3512 tenet
860 3480 951 3522 quod
971 3489 1153 3521 possumus
1173 3481 1237 3513 frui
1257 3490 1308 3513 es-

285 3527 404 3570 sentia,
424 3537 494 3561 non
510 3527 654 3560 fruendo
675 3536 833 3569 persona.

1029 182 1446 227 SENTENTIARUM
1471 185 1570 229 LIB.
1600 186 1631 229 I.

1369 277 1593 330 completio
1609 310 1620 330 ,
1641 290 1744 332 ergo
1770 282 1869 321 nata
1892 283 1954 321 est
1972 280 2169 325 divinitas
2193 296 2393 338 personas

1371 349 1581 402 complere
1612 364 1620 391 z
1650 354 1690 391 et
1721 363 1819 392 cum
1855 352 2080 405 completio
2116 367 2392 408 personarum

1368 418 1422 459 sit
1450 420 1491 460 in
1523 421 1781 463 beatitudine
1798 454 1808 472 ‚
1840 426 1938 463 nata
1963 427 2024 464 est
2052 424 2142 466 illas
2168 428 2391 481 complere.

1369 490 1468 542 Sed,
1493 492 1525 532 si
1554 496 1692 534 essent
1710 506 1902 546 personae
1922 495 2098 536 infinita)
2114 529 2122 547 ,
2141 497 2395 551 impossibile

1368 566 1473 604 esset
1486 564 1670 618 aliquem
1686 566 1915 607 beatificari
1929 579 1953 607 a
1965 567 2046 609 Deo
2057 581 2066 618 ;
2084 570 2269 621 cognitio
2281 572 2346 612 eni
2355 584 2394 612 m

1367 635 1590 687 cujuslibet
1603 650 1792 690 personae
1805 638 1923 679 estde
1937 639 2168 680 substantia
2178 641 2397 683 beatitudi-

1367 705 1432 745 nis
1452 707 1479 756 ¹‚
1502 719 1600 748 cum
1618 711 1702 750 tota
1719 709 1902 760 bonitaS,
1924 722 2021 763 quae
2042 713 2102 751 est
2122 711 2394 753 substantiale

1367 778 1596 829 praemium
1637 781 1688 833 (α)
1712 813 1722 832 ,
1770 781 1822 821 sit
1863 781 1907 821 in
1952 781 2137 834 qualibet
2199 794 2396 835 persona-

1368 860 1465 889 rum
1488 863 1498 891 :
1521 863 1639 904 ergo,
1658 855 1731 893 aut
1767 853 1910 893 anima
1932 865 2080 894 omnes
2111 857 2396 907 cognosceret,

1367 926 1441 964 aut
1470 937 1556 966 non
1589 930 1696 968 esset
1727 928 1849 969 beata
1878 940 1887 968 ε
1914 928 1985 969 sed
2003 928 2259 981 impossibile
2289 932 2397 970 esset

1368 1009 1515 1040 omnes
1525 1012 1795 1054 cognoscere,
1811 1015 1911 1043 cum
1928 1002 2063 1044 virtus
2078 1004 2114 1056 ej
2121 1016 2172 1044 us
2185 1003 2237 1044 sit
2253 1004 2371 1045 finita
2387 1017 2396 1045 z

1367 1081 1486 1123 ergo,
1502 1074 1580 1113 etc.

1732 1189 2035 1233 CONCLUSIO.

1371 1271 1605 1307 Personarmn
1627 1272 1835 1309 divinarum
1864 1285 2027 1311 numerus
2055 1277 2181 1322 finitus
2211 1280 2281 1320 est,
2315 1279 2403 1323 quia

1442 1333 1638 1368 numeralis
1671 1334 1837 1378 infinitas
1886 1339 2064 1381 repuqnat
2112 1339 2329 1382 perfectioni
2372 1340 2404 1373 et

1448 1392 1582 1428 ordini.

1426 1479 1549 1533 Resp.
1571 1481 1624 1522 ad
1640 1481 1744 1534 Arg,
1767 1481 2020 1532 Dicendum,
2042 1485 2155 1537 quod
2182 1486 2225 1526 in
2252 1486 2406 1528 divinis

1372 1556 1564 1608 personis
1583 1559 1794 1609 quantum
1815 1557 1867 1598 ad
1887 1570 2119 1599 numerum
2143 1572 2229 1601 non
2249 1564 2311 1601 est
2330 1574 2405 1615 po-

1376 1643 1477 1671 nere
1493 1631 1762 1681 infinitatem,
1782 1633 1853 1673 sed
1877 1633 2100 1674 finitatem.
2126 1634 2245 1675 Ratio
2264 1639 2407 1677 autem

1376 1704 1507 1758 hujus
1527 1708 1601 1757 est,
1625 1706 1726 1759 quia
1746 1706 1934 1748 infinitas
1950 1709 2181 1750 numeralis
2194 1714 2409 1763 repugnat

1375 1778 1618 1831 perfectioni
1641 1782 1682 1820 et
1701 1779 1857 1828 ordini,
1880 1780 1979 1833 quia
2003 1783 2065 1822 est
2086 1794 2160 1834 per
2196 1794 2408 1824 recessum

1376 1852 1428 1893 ab
1449 1852 1626 1904 unitate,
1646 1853 1734 1894 sive
1753 1866 1778 1894 a
1797 1866 1875 1894 sua
1885 1854 2071 1907 origine;
2093 1856 2302 1908 similiter,
2318 1857 2410 1898 infi-

1376 1926 1484 1967 nitas
1503 1927 1626 1968 molis
1649 1939 1660 1968 ε
1682 1930 1722 1969 et
1742 1928 1837 1969 ideo
1858 1931 2010 1970 neutra
2033 1933 2094 1970 est
2118 1930 2164 1970 in
2183 1930 2281 1973 Deo.
2304 1931 2410 1972 Inti-

1377 2000 1488 2041 nitas
1504 2003 1648 2042 autem
1663 2001 1834 2043 virtutis
1854 2006 1916 2043 est
1932 2015 2007 2056 per
2023 2016 2240 2045 accessum
2253 2005 2302 2045 ad
2320 2006 2410 2046 uni-

1377 2073 1531 2122 tatem3
1552 2074 1593 2113 et
1610 2072 1704 2114 ideo
1723 2072 1817 2124 ista,
1836 2086 1934 2115 cum
1955 2074 2008 2115 sit
2027 2075 2306 2128 perfeetionis,
2331 2089 2409 2131 po-

1377 2144 1517 2185 nenda
1539 2147 1600 2185 est
1618 2144 1663 2185 in
1684 2145 1782 2186 DeO.

1434 2220 1452 2257 1
1475 2219 1515 2257 et
1535 2220 1574 2257 ⁶2.
1599 2217 1662 2258 Ad
1682 2217 1786 2258 illud
1805 2229 1909 2270 ergo
1929 2218 2042 2271 quod
2060 2219 2272 2272 objicitur,
2296 2221 2410 2273 quod

1379 2289 1587 2343 quidquid
1609 2292 1671 2330 est
1695 2289 1740 2329 in
1759 2289 1842 2330 Deo
1856 2321 1866 2339 ,
1888 2292 1950 2331 est
1976 2290 2160 2343 infinite,
2184 2291 2410 2333 dicendum

1379 2361 1492 2414 quod
1523 2373 1676 2402 verum
1708 2364 1770 2402 est
1799 2361 1984 2413 infinite,
2006 2362 2078 2402 sed
2108 2375 2196 2403 non
2224 2363 2411 2417 qualibet

1379 2433 1600 2482 infinitate,
1623 2433 1695 2474 sed
1714 2433 1785 2473 illa
1805 2445 1890 2486 qua
1907 2432 2016 2474 Deus
2034 2436 2095 2474 est
2114 2433 2306 2475 infinitus
2327 2448 2335 2475 :
2371 2438 2412 2475 et

1380 2506 1473 2546 haec
1494 2507 1556 2546 est
1580 2505 1769 2545 infinitas
1794 2505 2110 2555 immensitatis;
2139 2508 2180 2546 et
2197 2505 2269 2545 tali
2286 2506 2410 2546 modo

1381 2580 1443 2618 est
1458 2577 1642 2618 Trinitas
1655 2578 1839 2629 infinita;
1856 2590 1943 2618 non
1956 2578 2164 2618 infinitate
2182 2577 2408 2629 numerali,

1381 2661 1479 2703 quae
1511 2662 1598 2690 non
1632 2649 1831 2702 congruit
1859 2648 1953 2690 Deo.
1996 2649 2046 2690 Et
2077 2661 2151 2702 per
2185 2649 2264 2689 hoc
2299 2652 2411 2702 patet

1380 2721 1597 2774 responsio
1618 2720 1667 2761 ad
1701 2721 1958 2772 secundum,
1980 2720 2136 2761 scilicet
2160 2733 2291 2774 quare
2316 2720 2409 2760 infi-

1380 2793 1491 2834 nitas
1508 2791 1740 2833 numeralis
1758 2804 1843 2832 non
1863 2795 1925 2833 est
1948 2792 2142 2845 ponenda
2164 2792 2209 2832 in
2230 2791 2312 2833 Deo
2325 2824 2335 2842 ,
2357 2792 2411 2832 si-

1381 2868 1452 2906 cut
1465 2864 1671 2907 virtualis.

1436 2940 1476 2978 3.
1501 2937 1566 2978 Ad
1586 2936 1690 2977 illud
1718 2936 1832 2989 quod
1864 2936 2081 2989 objicitur,
2107 2937 2221 2990 quod
2245 2937 2412 2978 infinita

1382 3009 1520 3050 virtus
1548 3008 1594 3048 in
1623 3008 1830 3049 infinitate
1858 3019 2062 3049 emanans
2089 3008 2283 3061 producit
2308 3008 2412 3048 infi-

1382 3081 1495 3131 nita;
1531 3079 1780 3129 dicendum,
1811 3080 1926 3133 quod
1955 3080 2111 3121 divinae
2141 3080 2292 3121 virtuti
2323 3093 2411 3122 non

1384 3151 1584 3193 convenit
1596 3152 1831 3205 productio,
1850 3151 1932 3192 nisi
1945 3151 2135 3205 perfecti3
2156 3155 2196 3192 et
2216 3152 2309 3193 ideo
2326 3164 2412 3193 non

1385 3224 1584 3266 convenit
1613 3225 1652 3265 ei
1687 3225 1909 3278 productio
1947 3224 2126 3277 alicujus
2164 3224 2384 3266 infinitatis
2398 3257 2409 3275 ,

1384 3297 1466 3338 nisi
1485 3297 1596 3337 illius
1613 3309 1709 3350 quae
1725 3299 1807 3338 stat
1825 3309 1924 3338 cum
1939 3308 2108 3337 summa
2127 3297 2381 3350 perfectione
2399 3311 2408 3337 ε

1384 3370 1478 3411 haec
1502 3373 1648 3410 autem
1670 3382 1758 3410 non
1786 3372 1847 3410 est
1872 3368 2059 3409 infinitas
2085 3369 2316 3409 numeralis
2337 3380 2348 3408 :
2372 3371 2413 3409 et

1385 3442 1479 3484 ideo
1497 3453 1583 3482 non
1603 3444 1664 3482 est
1682 3441 1727 3481 in
1745 3441 1844 3482 Deo.

1432 3527 1473 3568 (a)
1511 3520 1604 3560 Edit.
1639 3527 1723 3559 Ven.
1746 3527 1825 3560 1753
1859 3524 2031 3557 hicfzabet
2057 3526 2128 3565 est,
2160 3524 2219 3556 sed
2239 3523 2337 3556 male.
