2613 3990
124 2867 169 2893 Ad
184 2875 233 2901 op-

92 2916 154 2943 pos.

259 254 334 293 308

256 341 453 381 nationis.
477 339 648 380 Ratione
664 350 765 379 vero
785 340 876 391 ejus
890 339 1002 391 quod
1018 340 1181 388 subest,
1201 339 1280 378 ali-

255 426 339 466 qua
365 413 473 453 dona
503 413 826 465 appropriantur
851 410 956 452 Filio
972 444 982 461 ,
1005 416 1051 452 ut
1079 412 1282 464 sapientia

255 488 295 524 et
320 484 616 536 intelligentia3
655 483 796 535 aliqua
835 482 1008 534 Spiritui
1045 487 1202 533 sancto,
1234 486 1282 523 ut

254 555 448 596 charitas.
467 555 638 595 Ratione
656 566 757 594 vero
776 554 1028 604 donationis,
1049 556 1191 594 omnia
1207 567 1284 607 ap-

255 628 523 680 propriantur
536 626 708 678 Spiritui
721 628 862 665 sancto
875 626 1037 666 ratione
1048 628 1136 678 jam
1154 626 1279 675 dicta,

254 699 354 751 quia
384 711 457 751 per
483 699 642 751 ipsum,
666 701 868 750 tanquam
894 709 968 749 per
997 699 1184 750 primum
1202 697 1279 737 do-

254 782 375 818 num,
400 769 612 809 donantur
631 768 728 808 alia.

306 844 345 881 3.
366 840 427 880 Ad
448 839 550 879 illud
571 839 686 891 quod
702 838 915 891 objicitur,
933 838 1045 892 quod
1066 838 1196 878 Filius
1213 841 1276 878 est

253 910 388 958 datus,
405 912 444 949 θῖ
458 922 543 949 11011
560 922 584 949 a
598 909 758 962 Spiritu
771 911 932 959 sanct03
952 909 1193 962 responderi
1208 922 1279 962 po-

252 984 343 1029 test,
363 980 474 1033 quod
492 980 625 1021 Filius
644 984 705 1021 est
724 981 846 1021 datus
865 981 1098 1021 seeundum
1124 980 1279 1020 huma-

252 1064 351 1091 nam
373 1055 587 1103 naturam,
608 1055 648 1092 et
666 1052 747 1092 hoc
766 1052 843 1092 fuit
865 1063 939 1104 per
953 1063 1142 1091 amorem
1158 1065 1166 1091 :
1184 1051 1253 1092 Sic
1267 1052 1277 1072 ¹

252 1124 360 1165 Deus
383 1123 539 1166 dilexit
558 1123 779 1174 mundum,
798 1129 842 1166 ut
857 1125 889 1164 F
894 1124 1018 1165 ilium
1036 1134 1176 1173 suum,
1197 1126 1276 1163 ete.

304 1198 342 1235 4.
365 1195 429 1235 Ad
454 1195 557 1235 illud
580 1196 693 1248 quod
725 1195 921 1248 objicitur
950 1195 1086 1248 quod,
1118 1194 1279 1247 Spiritu

251 1270 392 1307 sancto
429 1267 745 1319 circumscripto
765 1299 775 1317 ,
815 1266 954 1306 adhuc
992 1269 1132 1306 manet
1172 1265 1278 1305 ratio

251 1338 369 1388 doni;
387 1338 611 1379 dicendum
634 1338 762 1391 quod,
780 1337 1098 1390 circumscripto
1118 1336 1279 1390 Spiritu

250 1413 410 1459 sancto,
429 1414 489 1450 est
517 1411 753 1462 intelligere
778 1410 822 1449 in
843 1409 925 1450 Deo
946 1409 1157 1450 donorum
1177 1422 1280 1449 eau-

250 1483 457 1523 salitatem
472 1485 512 1523 et
531 1482 918 1531 sub-auctoritatem,
941 1482 1011 1522 sed
1025 1494 1111 1522 non
1132 1493 1278 1521 exem-

251 1555 490 1608 plaritatem
522 1554 759 1595 donationis
791 1554 870 1594 sub
896 1554 1059 1594 ratione
1086 1553 1280 1594 donatio-

252 1626 332 1674 nis,
351 1625 450 1677 qnia
468 1637 554 1666 11011
574 1625 828 1677 intelligitur
853 1637 1072 1678 processus
1091 1625 1248 1664 amoris
1266 1639 1276 1674 ;

252 1700 293 1737 et
311 1697 390 1737 hoc
403 1697 554 1738 ultimo
569 1697 693 1738 modo
707 1697 859 1738 dicitur
869 1697 1038 1750 proprie
1050 1696 1279 1737 convenire

252 1768 427 1820 Spiritui
447 1771 604 1808 sancto.

306 1841 344 1879 5.
366 1839 429 1880 Ad
455 1839 559 1880 illud
579 1839 693 1892 quod
721 1838 937 1892 objicitur,
962 1839 1077 1892 quod
1095 1841 1195 1879 tunc
1219 1840 1281 1878 est

251 1910 413 1951 donum
430 1910 530 1951 doni
541 1925 551 1960 3
574 1909 803 1951 dicendum
817 1909 930 1962 quod
951 1913 1093 1950 motus
1111 1922 1197 1950 non
1218 1912 1280 1950 θεῖ

252 1986 405 2034 motus,
438 1986 487 2023 ut
519 1982 706 2033 termini,
730 1982 922 2022 similiter
953 1994 1032 2023 nec
1065 1981 1280 2022 relationis

250 2054 396 2094 relatio
423 2069 431 2095 ;
452 2057 611 2104 tamen,
644 2057 692 2094 ut
722 2053 939 2106 principii,
973 2057 1013 2094 et
1045 2056 1185 2094 motus
1218 2055 1281 2093 est

251 2129 412 2176 motus,
434 2125 535 2178 quia
553 2127 694 2165 motus
714 2128 774 2165 est
792 2125 1051 2178 principium
1065 2127 1219 2176 motus,
1239 2126 1280 2165 et

250 2194 396 2234 relatio
417 2194 645 2234 relationis.
659 2193 710 2234 Et
723 2194 781 2234 sic
798 2194 952 2234 dicitur
971 2194 1131 2234 donum
1149 2193 1249 2234 doni
1268 2187 1279 2233 :>

251 2269 292 2306 et
309 2267 410 2318 quia
425 2266 470 2306 in
492 2266 704 2307 causando
723 2269 857 2307 statur
874 2266 918 2306 in
937 2266 1090 2319 primo,
1111 2278 1210 2306 cum
1225 2265 1281 2305 sit

249 2338 439 2391 primum
459 2338 635 2389 donum,
656 2350 743 2378 non
761 2342 823 2378 est
844 2338 960 2378 abire
979 2338 1023 2377 in
1041 2338 1274 2378 infinitum.

250 2410 459 2451 Praeterea
478 2410 645 2451 Donum
664 2411 708 2451 in
727 2411 883 2453 divinis
906 2423 1052 2451 veram
1072 2411 1276 2464 hyposta-

249 2482 330 2522 sim
351 2483 465 2523 dicit.

603 2582 840 2633 QUAESTIO
871 2583 924 2625 II.

249 2686 311 2721 An
341 2685 501 2732 Spiritus
529 2688 671 2721 sanctus
704 2686 749 2720 ab
784 2688 933 2728 oeterno,
960 2686 1016 2721 vel
1048 2696 1091 2721 em
1126 2687 1280 2732 tempore

640 2745 769 2781 donum
787 2747 836 2781 sit
856 2746 883 2781 ².

307 2838 458 2880 Utrum
499 2839 679 2893 Spiritus
727 2843 897 2881 sanctus
931 2840 984 2880 sit
1022 2840 1185 2881 donum
1224 2840 1277 2880 ab

253 2913 426 2962 aeterno,
442 2911 577 2952 velex
595 2914 783 2965 tempore
798 2925 808 2963 3
822 2915 863 2952 et
873 2912 985 2965 quod
1005 2924 1058 2952 ex
1075 2915 1278 2966 tempore,

253 2985 419 3025 videtur
434 2998 508 3038 per
521 2986 620 3037 Aug
628 2986 830 3037 ustinum,
845 2986 895 3028 de
914 2986 1122 3029 Trinitace
1138 2988 1173 3027 ³:
1195 2986 1282 3028 «Eo

253 3056 414 3097 donum
446 3060 520 3107 est,
544 3070 630 3110 quo
660 3058 785 3099 datur
809 3058 966 3111 quibus
997 3059 1147 3099 datur:
1168 3073 1187 3095 »
1209 3059 1280 3099 sed

253 3127 378 3168 datur
397 3140 450 3168 ex
472 3132 659 3182 tempore
679 3142 689 3169 :
711 3142 830 3182 ergo,
853 3133 931 3170 etc.

307 3202 346 3239 2.
371 3199 498 3251 Item,
519 3200 568 3242 de
592 3202 800 3244 Trinicaie
820 3202 833 3223 ⁶
853 3214 862 3242 :
891 3217 910 3240 α
934 3201 993 3242 ΕΟ
1021 3201 1183 3242 donum
1216 3202 1282 3243 di-

254 3272 377 3324 citur,
399 3285 484 3325 quo
510 3273 687 3314 daturus
714 3275 855 3328 ipsum
884 3276 974 3314 erat
997 3273 1108 3314 Deus
1134 3289 1142 3314 :
1165 3289 1184 3312 »
1208 3275 1280 3316 sed

255 3347 415 3384 constat
449 3358 457 3385 :
489 3345 602 3397 quod
642 3346 817 3387 daturus
857 3349 946 3387 erat
980 3358 1034 3386 ex
1067 3349 1279 3400 tempore,

301 3478 306 3494 ¹
325 3477 432 3516 Joan„
453 3484 514 3517 111,
533 3478 582 3508 16.
597 3477 729 3516 -2Cf.
751 3477 846 3509 Alex.
868 3478 1010 3519 Alensis,
1030 3487 1064 3519 p.
1083 3479 1117 3520 I,
1139 3488 1172 3520 q.
1188 3487 1280 3521 Lx1v,

256 3524 382 3556 memb.
402 3526 440 3565 25
459 3524 630 3566 Richard.,
651 3525 663 3555 1
683 3525 788 3564 Sene„
807 3525 883 3556 dist.
902 3533 1006 3566 xv111,
1027 3536 1059 3567 q.
1076 3534 1128 3567 1v;
1149 3527 1278 3559 Marsil.

257 3571 412 3612 luguen„
430 3572 442 3603 1
463 3573 569 3612 Seni„
598 3582 631 3613 q.
657 3579 731 3614 xxi,
757 3575 821 3604 art.
842 3574 882 3613 33
914 3573 996 3605 Gab.
1023 3573 1106 3615 Biel,
1134 3574 1144 3605 Ι
1168 3574 1277 3613 Sent„

1025 249 1432 292 SENTENTIARUM
1448 251 1556 309 vLIB.
1590 252 1618 292 I.

1358 353 1480 393 ergo,
1517 342 1551 381 si
1583 342 1742 382 donum
1776 343 1838 381 est
1876 343 2084 381 aeternum
2099 373 2109 390 ,
2151 343 2380 396 temporale

1357 415 1417 452 est
1431 425 1557 453 causa
1577 413 1740 453 aeterni.

1411 489 1448 526 3.
1488 486 1614 535 Item,
1649 487 1815 528 videtur
1849 498 1923 539 per
1959 486 2180 527 rationem.
2218 488 2381 529 Donum

1357 557 1471 597 enim
1502 570 1587 598 11011
1621 561 1787 598 tantum
1817 558 1915 598 dicit
1947 558 2303 610 comparationem
2329 561 2382 601 ad

1357 629 1541 678 dantem,
1560 631 1627 670 sed
1649 632 1775 671 etiam
1793 632 1842 671 ad
1872 643 1972 671 eum
1997 630 2064 671 eui
2083 631 2206 671 datur
2230 646 2237 671 :
2261 644 2378 684 ergo,

1356 700 1489 751 posito
1507 700 1632 749 dono,
1652 702 1824 754 ponitur
1840 702 1944 742 dans
1966 704 2005 742 et
2035 702 2259 754 recipiens,
2283 703 2383 755 quia

1356 770 1501 811 relatio
1522 772 1638 824 ponit
1654 776 1842 814 extrema
1858 788 1866 814 :
1883 773 1954 814 sed
1968 772 2174 825 recipiens
2191 776 2253 813 est
2271 785 2383 814 crea-

1355 846 1452 883 tura
1471 855 1480 883 :
1506 855 1624 895 ergo,
1645 847 1723 884 etc.

1408 917 1447 954 4.
1480 914 1598 963 Item,
1620 915 1781 956 donum
1802 916 1915 957 addit
1940 927 2069 969 supra
2096 915 2258 966 datum,
2281 916 2381 969 quia

1356 985 1516 1025 donum
1534 988 1595 1026 est
1614 985 1726 1026 datio
1739 987 1990 1028 irreddibilis
2002 988 2014 1008 ⁵
2035 1001 2044 1027 :
2059 999 2178 1038 ergo,
2196 986 2230 1026 si
2245 986 2381 1040 Spiri-

1355 1058 1424 1095 tus
1443 1059 1612 1096 sanctus
1633 1069 1720 1097 11011
1749 1060 1810 1097 θεῖ
1833 1058 1956 1099 datus
1984 1058 2064 1098 nisi
2092 1071 2144 1099 ex
2174 1061 2378 1111 tempore,

1355 1139 1431 1167 nec
1451 1130 1512 1168 est
1532 1128 1692 1169 donum
1713 1128 1792 1168 nisi
1812 1141 1866 1169 ex
1884 1132 2088 1183 tempore.

1410 1203 1447 1240 5.
1482 1199 1600 1250 Item,
1622 1200 1730 1241 sicut
1756 1200 1853 1241 Filii
1880 1205 1941 1242 est
1961 1202 2175 1254 generari,
2197 1202 2254 1242 ita
2278 1202 2383 1243 Doni

1355 1275 1416 1312 est
1442 1272 1616 1313 donari:
1652 1273 1723 1313 sed
1753 1285 1839 1313 non
1878 1276 1939 1313 θεῖ
1967 1273 2122 1323 Filius,
2155 1278 2384 1328 antequam

1355 1346 1582 1395 generetur
1603 1360 1611 1385 ;
1635 1356 1738 1396 ergo
1757 1357 1834 1385 nec
1851 1344 2035 1396 Donum,
2061 1349 2288 1400 antequam
2308 1347 2384 1387 do-

1354 1418 1507 1456 netur:
1550 1416 1620 1457 sed
1656 1416 1837 1457 donatur
1872 1419 2037 1457 tantum
2076 1430 2129 1458 ex
2165 1420 2379 1471 tempore:

1355 1499 1473 1539 ergo,
1496 1489 1575 1528 etc.

1408 1558 1559 1599 Contra
1582 1573 1589 1599 :
1614 1570 1687 1611 per
1707 1558 2046 1610 Augustinum⁶,
2067 1558 2118 1601 de
2144 1560 2381 1603 Trinitate:

1360 1630 1504 1679 «Quia
1535 1630 1716 1683 Spiritus
1744 1634 1913 1672 sanctus
1932 1631 2183 1684 procedebat
2203 1634 2252 1672 ut
2276 1635 2383 1672 θεεθῖ

1353 1702 1572 1751 donabilis,
1587 1703 1677 1755 jam
1697 1702 1858 1743 donum
1879 1705 1968 1743 erat
1987 1717 1996 1742 ι
2019 1717 2037 1740 ))
2064 1702 2137 1743 sed
2159 1703 2382 1755 procedere

1353 1776 1401 1814 ut
1428 1773 1634 1824 donabile,
1666 1774 1746 1814 hoc
1771 1777 1833 1814 est
1857 1777 2069 1815 aeternum
2089 1788 2098 1814 ε
2121 1786 2224 1826 ergo
2245 1777 2286 1814 et
2306 1774 2383 1815 do-

1353 1857 1461 1886 num
1481 1845 1533 1885 ab
1553 1847 1729 1886 aeterno.

1407 1917 1525 1968 Item,
1556 1917 1695 1958 idem⁷
1715 1917 1957 1971 expressius
1977 1932 1985 1958 ε
2020 1932 2039 1956 (1
2055 1916 2237 1970 Spiritus
2262 1929 2383 1958 sanc-

1353 1992 1421 2030 tus
1440 1989 1695 2042 sempiterne
1712 1990 1875 2030 donum
1887 1992 1962 2040 est,
1979 1988 2267 2042 temporaliter
2284 2000 2382 2029 vero

1354 2061 1526 2101 datur.»

1407 2131 1525 2183 Item,
1550 2131 1630 2172 hoc
1646 2131 1786 2184 ipsum
1805 2131 1972 2173 videtur
1989 2131 2164 2183 ratione,
2191 2131 2290 2185 quia
2309 2131 2381 2172 ubi

1352 2208 1414 2245 θεῖ
1431 2217 1551 2246 amor
1576 2206 1804 2258 gratuitus,
1825 2206 1882 2246 ibi
1905 2208 1966 2246 est
1986 2206 2126 2258 gratia
2154 2205 2254 2246 doni
2273 2218 2282 2246 :
2311 2206 2381 2246 sed

1353 2277 1406 2316 ab
1432 2279 1589 2318 aeterno
1620 2280 1681 2318 θεῖ
1709 2277 1754 2317 111
1773 2277 1856 2318 Deo
1876 2290 2032 2330 ponere
2061 2289 2251 2318 amorem
2281 2288 2381 2328 gra-

1352 2348 1510 2388 tuitum
1530 2361 1539 2388 ε
1562 2361 1665 2400 ergo
1687 2352 1728 2389 et
1747 2349 1924 2389 donum.

1407 2419 1526 2470 Item,
1563 2420 1635 2460 ubi
1665 2423 1726 2460 est
1757 2420 1939 2473 perfecta
1966 2420 2074 2460 ratio
2102 2420 2378 2471 liberalitatis,

1352 2490 1411 2530 ibi
1434 2494 1496 2532 est
1516 2491 1676 2532 donum
1696 2506 1705 2532 ι
1736 2492 1807 2532 sed
1828 2492 1873 2531 in
1892 2491 2045 2533 divinis
2071 2491 2124 2532 ab
2143 2495 2301 2532 aeterno
2321 2494 2384 2532 est

1353 2563 1535 2615 perfecta
1551 2564 1657 2604 ratio
1676 2563 1963 2605 liberalitatis:
1986 2576 2106 2616 ergo,
2129 2567 2207 2604 etc.

1409 2634 1528 2682 Item,
1553 2634 1662 2675 sicut
1681 2647 1723 2675 se
1743 2635 1870 2675 habet
1887 2635 1994 2676 ratio
2018 2634 2142 2677 Verbi
2163 2634 2215 2675 ad
2233 2645 2380 2674 rerum

1353 2705 1687 2758 productionem,
1701 2706 1760 2746 sic
1773 2719 1816 2747 se
1832 2706 1960 2747 habet
1977 2706 2083 2748 ratio
2097 2706 2202 2747 Doni
2215 2706 2266 2746 ad
2281 2718 2377 2758 gra-

1354 2777 1511 2817 tiarum
1531 2777 1869 2819 distributionem
1890 2793 1899 2820 :
1921 2778 1993 2819 sed
2012 2781 2108 2819 ante
2123 2789 2268 2818 rerum
2288 2789 2382 2830 pro-

1354 2848 1594 2889 ductionem
1623 2849 1667 2888 in
1694 2849 1900 2902 principio
1927 2850 2007 2890 fuit
2028 2848 2245 2890 Verbum:
2276 2861 2380 2901 ergo

1354 2922 1450 2960 ante
1469 2920 1705 2972 gratiarum
1723 2921 1989 2961 collationem
2008 2920 2054 2960 in
2076 2920 2280 2973 principio
2299 2920 2380 2960 fuit

1355 2991 1535 3032 Donum.

1697 3074 2040 3118 CONCLUSIO.

1353 3177 1512 3224 Spiritus
1529 3180 1671 3213 sanctus
1690 3178 1824 3214 dicitur·
1843 3180 1980 3213 Donum
1996 3177 2042 3213 ab
2056 3180 2198 3220 oeterno,
2215 3180 2302 3224 quia
2315 3177 2378 3213 do-

1428 3237 1584 3281 nabilis,·
1612 3241 1644 3273 et
1665 3237 1801 3273 dicitur
1821 3248 1862 3273 ea:
1892 3240 2058 3284 tempore,
2079 3239 2166 3282 quia
2188 3237 2310 3273 datur.

1408 3348 1530 3402 Resp.
1553 3350 1605 3391 ad
1624 3350 1729 3403 Arg.
1761 3350 1993 3392 Dicendum
2016 3351 2144 3404 quod,
2174 3363 2272 3392 cum
2299 3350 2376 3391 do-

1354 3432 1430 3464 dist.
1448 3440 1555 3474 xvul,
1578 3443 1610 3475 q.
1632 3441 1664 3475 1,
1685 3437 1747 3467 art.
1769 3436 1799 3466 2.
1816 3450 1858 3457 —
1873 3433 1999 3475 ³Aug.,
2031 3434 2070 3465 de
2096 3434 2198 3474 Trin„
2220 3434 2279 3466 lib.
2297 3434 2378 3475 XV,

1355 3490 1386 3512 c.
1410 3488 1488 3522 iux,
1515 3490 1551 3512 n.
1578 3483 1628 3514 36.
1652 3500 1691 3505 -
1712 3482 1726 3504 ¹·
1748 3481 1851 3522 thid„
1880 3481 1939 3513 lib.
1967 3482 2007 3523 V,
2035 3492 2064 3514 c.
2098 3490 2170 3523 xw,
2196 3491 2231 3513 n.
2259 3484 2309 3514 15.
2340 3497 2380 3504 -

1352 3528 1492 3568 ⁵Arist„
1515 3529 1618 3570 Topic.
1648 3530 1705 3561 lib.
1736 3530 1801 3570 111,
1824 3539 1854 3562 e.
1884 3537 1932 3561 IX.
1950 3546 1991 3553 —
2010 3530 2023 3551 6
2046 3533 2147 3571 Aug„
2177 3529 2216 3561 de
2244 3529 2379 3568 Trz'm‘t.,

1353 3575 1411 3607 lib.
1430 3575 1471 3615 V,
1491 3585 1522 3607 c.
1536 3584 1593 3617 xv,
1610 3586 1647 3609 n.
1664 3579 1715 3609 16.
1727 3577 1793 3601 -Ἶ
1805 3576 1906 3618 ibid„
1925 3586 1957 3610 c.
1970 3584 2042 3619 xvl,
2062 3587 2099 3610 n.
2116 3579 2167 3611 17.

2432 1586 2544 1614 Funda-

2402 1632 2506 1656 menta.
