2613 3990
80 906 196 932 Divisio.

942 179 1192 221 DISTINCT.
1224 178 1364 221 XXVI.
1397 180 1550 221 PART.
1584 181 1613 221 I.

630 334 777 381 PART.
814 333 845 380 Ι.

218 455 268 482 DE
314 455 649 484 PROPRIETATIBUS
697 454 986 492 PERSONARUM,
1036 456 1243 485 SECUNDUM

272 520 376 554 QUOD
403 522 587 550 DIVERSIS
608 521 824 550 NOMINIBUS
854 521 1139 551 EXPRIMUNTUR
1170 524 1243 551 PER

271 586 478 616 VOCABULA
506 588 627 616 MAGIS
656 587 839 616 USITATA.

473 715 742 758 EXPOSITIO
771 715 989 758 TEXTUS.

322 814 383 846 Hic
400 815 507 856 quaeri
523 817 653 856 potest,
674 817 788 846 utrum
807 815 1054 856 proprietates,
1077 818 1141 847 etc.

273 901 410 955 Supra
454 903 687 955 assignavit
730 903 930 956 Magister
971 904 1244 957 proprietates

219 974 457 1025 personales
476 989 485 1024 3
508 975 577 1014 hic
594 975 686 1027 agit
704 975 754 1016 de
774 975 875 1028 ipsis
893 976 1241 1029 proprietatibus,

219 1045 452 1085 secundum
472 1045 585 1098 quod
606 1057 681 1098 per
697 1046 863 1087 diversa
883 1046 1088 1087 vocabula
1108 1047 1246 1099 expri-

219 1119 410 1156 muntur.
437 1116 488 1157 Et
506 1116 712 1169 quoniam
732 1117 939 1169 contingit
960 1130 1029 1157 eas
1061 1118 1245 1170 exprimi

219 1199 293 1239 per
308 1187 512 1228 vocabula
526 1187 664 1239 magis
678 1188 828 1229 usitata
846 1191 886 1228 et
903 1189 1045 1229 minus
1065 1189 1240 1240 usitata3

219 1258 310 1299 ideo
329 1259 421 1299 haec
439 1271 535 1312 pars
557 1259 684 1300 habet
712 1260 817 1301 duas
849 1263 988 1313 partes
1011 1276 1019 1301 :
1041 1260 1085 1300 in
1105 1260 1245 1313 prima

219 1330 308 1381 agit
325 1329 376 1370 de
394 1331 663 1383 expressione
688 1331 994 1384 proprietatum
1026 1344 1101 1384 per
1121 1343 1245 1372 voca-

218 1400 319 1441 bula
339 1402 475 1454 magis
486 1402 666 1453 usitata3
684 1402 727 1442 in
748 1402 932 1442 secunda
951 1414 1026 1455 per
1043 1403 1246 1443 vocabula

220 1472 362 1513 minus
380 1473 557 1524 usitata,
578 1474 687 1514 infra
701 1506 711 1523 ,
733 1473 828 1514 dist.
850 1473 995 1514 eadem
1021 1487 1030 1514 :
1054 1474 1134 1516 Hz'c
1161 1484 1246 1516 non

220 1549 280 1586 est
294 1543 722 1596 proetermitzendum.

272 1614 417 1656 Prima
436 1628 533 1668 pars
551 1615 677 1656 habet
693 1617 875 1668 quatuor
895 1629 903 1655 :
924 1627 1021 1655 cum
1042 1615 1158 1656 enim
1178 1615 1247 1655 Hi-

217 1687 350 1728 larius
364 1690 404 1728 et
418 1687 692 1740 Augustinus
708 1686 983 1739 proprietates
997 1687 1088 1727 aliis
1101 1690 1142 1728 et
1155 1687 1246 1727 aliis

219 1759 433 1800 vocabulis
454 1759 685 1811 assignent,
707 1761 886 1811 uterque
910 1762 1053 1799 tamen
1073 1771 1248 1800 consue—

219 1830 288 1881 tis,
311 1830 410 1882 quia
426 1842 554 1881 unus,
587 1830 741 1870 scilicet
764 1830 1047 1882 Augustinus,
1070 1842 1144 1883 per
1172 1842 1246 1883 96-

219 1911 389 1952 nerare,
413 1905 452 1944 et
470 1902 666 1955 qenerari
678 1917 694 1949 ;
714 1901 832 1950 alter,
856 1901 1010 1941 scilicet
1040 1901 1244 1953 Hilarius,

222 1984 300 2025 per
317 1983 402 2014 esse
422 1973 593 2015 Patrem
618 1977 761 2015 ecesse
782 1973 945 2014 Filium
962 1987 975 2012 .·
992 1976 1031 2013 et
1050 1973 1142 2013 ideo
1160 1973 1247 2014 Ma-

223 2044 354 2096 gister
372 2045 510 2097 primo
527 2045 698 2098 quaerit,
715 2048 862 2085 utrum
880 2045 963 2085 sint
977 2045 1135 2085 eaedem
1152 2058 1248 2098 pro-

220 2115 417 2167 prietates
457 2117 509 2156 ah
549 2119 731 2169 utroque
768 2116 993 2168 assignata}
1018 2129 1028 2167 3
1063 2117 1247 2158 secundo

221 2186 359 2236 solvit,
381 2188 604 2229 ostendens
622 2188 735 2240 quod
754 2188 839 2228 sint
864 2188 1044 2238 eaedem,
1067 2188 1126 2228 ibi
1148 2201 1157 2229 z
1180 2188 1249 2230 Ad

221 2258 348 2310 quod,
377 2260 470 2301 sine
500 2259 760 2312 praejudicio
791 2260 1000 2310 aliorum,
1028 2259 1172 2310 tertio,
1194 2272 1248 2301 ne

222 2331 361 2370 credat
392 2331 564 2383 aliquis,
599 2332 713 2384 quod
745 2332 919 2372 omnino
952 2332 1034 2372 sint
1064 2332 1244 2383 eaedem,

221 2401 401 2442 ostendit
420 2402 533 2454 quod
552 2414 598 2442 re
626 2402 786 2443 eaedem
817 2405 936 2453 sunt,
957 2402 1029 2443 sed
1047 2402 1249 2443 differunt

221 2475 431 2525 quantum
456 2473 509 2514 ad
536 2473 712 2514 modum
738 2473 1006 2526 significandi
1022 2506 1032 2524 ,
1061 2473 1104 2513 id
1123 2476 1184 2514 est
1202 2473 1248 2513 in

221 2545 485 2585 concretione
506 2548 546 2585 et
565 2545 610 2585 in
635 2545 935 2596 abstractione,
954 2545 1011 2585 ibi
1032 2560 1040 2586 ε
1062 2545 1145 2587 Nec
1176 2550 1247 2588 τα-

220 2626 316 2657 men
347 2615 517 2658 videtur
551 2615 672 2658 nobis
706 2618 877 2659 ormino
912 2615 1055 2661 idem:
1094 2619 1247 2669 quarto

220 2699 337 2738 vero,
359 2688 458 2740 quia
477 2687 639 2728 dixerat
657 2689 934 2741 proprietates
953 2689 1185 2741 significari
1201 2689 1246 2729 in

221 2759 501 2811 concretione,
520 2760 656 2812 quaeri
677 2762 815 2812 posset
834 2763 1028 2813 respectu
1047 2761 1183 2812 cujus,
1207 2763 1248 2800 et

220 2830 400 2871 ostendit
415 2831 529 2883 quod
541 2834 734 2884 respectu
750 2831 1041 2883 hypostasum,
1055 2831 1113 2871 ibi
1132 2846 1140 2872 ε
1159 2831 1247 2873 Illoe

221 2902 334 2944 enim
350 2903 632 2955 proprietates
651 2902 832 2955 sinyuloe
851 2903 1052 2956 sinqulz's.

656 3027 746 3056 DUB.
780 3026 807 3056 1.

304 3105 483 3146 Proprium
498 3105 607 3138 Patris
627 3107 698 3146 est,
719 3105 807 3147 qued
828 3114 963 3147 semper
982 3108 1032 3139 est
1051 3107 1161 3139 Pater.

275 3185 449 3228 Videtur
467 3187 603 3229 dicere
632 3188 799 3229 falsum.
822 3188 968 3230 Omnis
1002 3189 1116 3229 enim
1146 3202 1246 3242 pro—

222 3259 377 3312 prietas
404 3258 543 3299 differt
572 3260 624 3299 ab
659 3271 708 3300 eo
743 3260 867 3312 cujus
895 3261 956 3300 est
985 3260 1243 3313 proprietas,

222 3329 291 3371 vel
309 3341 369 3380 re,
390 3329 459 3370 vel
477 3329 640 3370 ratione
663 3342 672 3370 :
696 3330 767 3371 sed
790 3329 912 3371 Pater
932 3332 972 3371 et
992 3330 1114 3372 Pater
1141 3344 1245 3373 con-

223 3400 404 3442 veniunt
432 3412 498 3451 re,
530 3404 571 3442 et
602 3402 787 3455 ratione,
820 3405 862 3443 et
892 3403 1066 3445 nomine
1096 3419 1105 3445 ε
1140 3417 1244 3458 ergo

223 3483 360 3512 unum
376 3482 463 3512 non
484 3473 546 3512 est
564 3473 798 3526 proprietas
816 3473 1003 3516 alterius.

2262 190 2334 227 431

1372 269 1494 322 Resp.
1527 269 1758 311 Dicendum
1787 271 1899 323 quod
1926 272 1970 312 in
1991 273 2110 314 Patre
2136 274 2339 327 intelligi-

1319 353 1436 390 mus,
1459 344 1498 381 et
1517 341 1637 382 illum
1659 342 1733 394 qui
1753 345 1814 382 est
1835 341 1978 391 Pater,
2002 348 2041 384 et
2061 357 2145 397 quo
2170 349 2231 386 est
2263 346 2341 387 Pa-

1319 414 1396 452 ter.
1425 412 1600 461 Quando
1633 425 1735 464 ergo
1768 412 1890 453 Pater
1916 415 2167 465 praedicatur
2199 417 2248 457 de
2281 430 2338 467 se,

1319 483 1479 523 ratione
1499 484 1627 523 unius
1651 483 1896 543 subjicitur,
1919 487 1959 524 et
1978 485 2139 525 ratione
2171 487 2342 527 alterius

1319 554 1585 613 praedicatur.
1628 554 1858 603 Similiter,
1896 556 2066 607 quando
2103 557 2342 608 assignatur

1320 634 1406 665 esse
1426 624 1591 665 Patrem
1611 625 1832 676 proprium
1852 624 1984 665 Patris
1999 658 2008 676 ,
2031 627 2133 679 quia
2152 627 2343 679 assigna-

1321 696 1388 734 tur
1411 694 1520 735 utin
1540 695 1701 736 ratione
1732 696 1942 747 attributi,
1972 697 2064 737 ideo
2089 698 2250 738 ratione
2279 699 2342 751 ip-

1319 765 1406 805 sius
1436 766 1702 818 proprietatis
1729 767 1975 807 attribuitur
2002 768 2081 820 ipsi
2111 768 2340 821 hypostasi.

1320 835 1437 877 Unde
1465 836 1692 889 dicitquod
1724 848 1808 879 esse
1836 838 2004 880 Patrem
2035 843 2096 879 est
2123 840 2344 893 proprium

1322 906 1467 958 Patris,
1490 919 1575 947 non
1595 908 1707 960 quod
1730 907 1852 948 Pater
1868 909 1920 949 sit
1941 909 2075 951 Pater.

1373 978 1547 1019 Videtur
1567 979 1701 1019 dicere
1722 981 1866 1019 contra
1886 979 2012 1031 illud,
2043 981 2157 1033 quod
2186 981 2345 1022 dictum

1320 1052 1382 1089 est
1401 1062 1549 1102 supra,
1580 1050 1673 1090 dist.
1702 1062 1761 1097 111,
1790 1062 1825 1089 c.
1858 1052 1914 1092 De
1940 1052 2133 1104 vestime.
2168 1051 2218 1092 Et
2238 1055 2346 1092 trac-

1320 1123 1414 1161 tum
1436 1125 1497 1162 est
1521 1123 1572 1161 ab
1603 1122 1848 1173 Augustino
1877 1123 1925 1164 de
1956 1134 2058 1164 vera
2083 1122 2299 1176 Reliqione
2315 1130 2343 1174 ¹,

1320 1193 1474 1234 scilicet
1490 1193 1603 1246 quod
1623 1193 1745 1246 origo
1765 1194 2062 1247 appropriatur
2083 1193 2210 1235 Patri.

1746 1317 1835 1345 DUB.
1867 1317 1912 1344 II.

1589 1393 1650 1425 Vel
1678 1393 1857 1434 nativitas,
1890 1393 1944 1425 vel
1969 1393 2076 1435 origo.

1374 1474 1495 1528 Resp.
1520 1475 1766 1525 Dicendum,
1789 1476 1901 1529 quod
1919 1476 2041 1528 origo
2061 1489 2227 1530 semper
2247 1478 2348 1518 dici-

1321 1548 1390 1586 tur
1409 1546 1569 1586 relatio.
1592 1546 1731 1588 Potest
1750 1560 1852 1600 ergo
1874 1548 2007 1600 accipi
2028 1549 2164 1600 origo,
2181 1549 2247 1589 vel
2262 1562 2348 1589 res-

1320 1620 1445 1670 pectu
1470 1622 1695 1667 creaturae,
1728 1619 1794 1659 vel
1823 1623 2016 1672 respectu
2047 1632 2241 1672 personae
2275 1632 2285 1660 ε
2314 1621 2347 1660 si

1320 1692 1513 1742 respectu
1545 1692 1774 1741 creaturae,
1811 1691 1869 1731 sic
1899 1693 1960 1731 est
1998 1694 2189 1744 respectu
2219 1692 2348 1733 totius

1320 1759 1556 1812 Trinitatis,
1586 1764 1626 1802 et
1651 1762 1949 1815 appropriatur
1976 1761 2116 1813 Patri;
2149 1763 2185 1803 si
2206 1766 2348 1804 autem

1321 1835 1512 1885 respectu
1541 1845 1754 1886 personae,
1778 1833 1836 1873 sic
1868 1836 2002 1886 potest
2032 1834 2163 1886 accipi
2193 1835 2345 1884 active,

1320 1903 1388 1944 vel
1408 1903 1572 1956 passive
1596 1916 1605 1944 ε
1627 1903 1661 1943 si
1680 1904 1831 1954 active,
1855 1905 1912 1944 sic
1932 1907 1993 1945 est
2013 1904 2147 1945 Patris
2175 1909 2215 1945 et
2236 1905 2343 1957 Filii,

1320 1974 1390 2014 sed
1409 1974 1708 2027 appropriatur
1728 1974 1866 2025 Patri;
1890 1975 1924 2014 si
1946 1976 2109 2028 passive
2124 2008 2134 2027 ,
2166 1976 2224 2016 sic
2254 1976 2347 2016 Filii

1321 2048 1361 2086 et
1374 2045 1554 2098 Spiritus
1574 2045 1719 2095 sancti,
1739 2048 1779 2086 et
1796 2047 2095 2099 appropriatur
2116 2047 2238 2098 Filio,
2261 2060 2348 2088 non

1321 2118 1555 2158 secundum
1580 2118 1692 2170 quod
1717 2117 1961 2170 simpliciter
1983 2118 2159 2168 dicitur,
2188 2119 2260 2159 sed
2280 2132 2349 2160 se-

1322 2189 1510 2229 cundum
1530 2189 1643 2242 quod
1670 2189 1791 2241 origo
1811 2190 1912 2230 dicit
1937 2190 2248 2231 emanationem
2274 2203 2348 2244 per

1321 2261 1497 2302 modum
1515 2264 1694 2301 naturae.
1716 2260 1782 2302 Sic
1802 2261 1916 2301 enim
1931 2293 1941 2312 ,
1964 2274 2063 2302 cum
2092 2261 2135 2303 id
2163 2262 2216 2302 sit
2247 2275 2349 2315 pro-

1320 2333 1463 2385 prium
1496 2331 1606 2381 Filii,
1644 2332 1836 2372 similiter
1870 2334 1910 2372 et
1942 2332 2079 2384 origo,
2113 2333 2346 2373 secundum

1321 2404 1434 2456 quod
1462 2403 1521 2443 sic
1551 2402 1755 2456 accipitur
1783 2417 1791 2443 :
1814 2405 1855 2443 et
1883 2403 1963 2443 hoc
1991 2403 2116 2444 modo
2145 2404 2348 2457 accipitur

1320 2474 1391 2515 hic
1417 2489 1425 2516 :
1446 2477 1488 2516 et
1507 2474 1600 2516 ideo
1618 2486 1705 2515 non
1726 2476 1787 2515 est
1806 2477 1951 2515 contra
1966 2474 2086 2516 illud.

1741 2599 1831 2627 DUB.
1862 2599 1906 2626 ΙΙΙ
1913 2618 1921 2627 .

1321 2688 1485 2729 Gignere,
1505 2687 1559 2719 vel
1577 2686 1692 2729 gigni,
1712 2687 1766 2718 vel
1786 2688 1985 2728 procedere,
2005 2687 2094 2728 ipsas
2114 2690 2243 2720 tantum
2262 2687 2349 2721 rela-

1505 2735 1633 2776 tiones,
1654 2744 1724 2767 non
1742 2735 1942 2776 hypostases
1959 2735 2161 2777 significant.

1373 2831 1548 2872 Videtur
1565 2831 1647 2872 hoc
1665 2831 1833 2880 falsum,
1853 2831 1953 2884 quia
1969 2831 2194 2873 relationes
2212 2833 2346 2885 signi-

1319 2903 1447 2943 ficant
1466 2902 1511 2942 in
1526 2903 1805 2953 concretione,
1823 2906 1863 2943 et
1875 2902 1967 2943 ideo
1981 2915 2068 2943 non
2086 2905 2253 2944 tantum
2270 2904 2348 2944 im-

1319 2974 1489 3026 portant
1517 2972 1752 3024 relationes,
1785 2973 1857 3013 sed
1886 2973 2014 3013 etiam
2044 2975 2311 3027 suppositum
2334 2990 2342 3016 :

1319 3039 1390 3080 sed
1424 3039 1592 3092 quando
1626 3041 1792 3080 tantum
1828 3039 2058 3092 important
2095 3041 2342 3092 relationes,

1319 3110 1562 3162 significant
1580 3110 1785 3150 abstracte
1810 3125 1819 3151 ε
1841 3110 1876 3150 si
1895 3123 1999 3163 ergo
2018 3111 2119 3163 hoc,
2142 3112 2257 3166 quod
2284 3115 2345 3153 est

1318 3184 1504 3235 qiqnere,
1525 3194 1612 3223 non
1629 3182 1829 3235 importat
1847 3183 2095 3224 relationem
2121 3185 2341 3234 abstracte,

1319 3257 1390 3298 sed
1416 3259 1626 3307 concrete,
1646 3256 1815 3298 videtur
1833 3257 1948 3311 quod
1965 3270 2054 3299 non
2073 3260 2240 3298 tantum
2263 3257 2344 3297 im-

1318 3330 1485 3382 portent
1502 3327 1720 3368 relatione.

1371 3399 1493 3453 Resp.
1518 3399 1749 3440 Dicendum
1775 3400 1889 3453 quod
1916 3399 2155 3441 differenter
2183 3398 2342 3453 impor-

1359 3484 1481 3525 ¹Aug.,
1502 3482 1541 3515 de
1556 3493 1633 3516 vera
1653 3483 1774 3525 Reliq„
1796 3493 1826 3517 c.
1844 3491 1899 3526 LV,
1918 3492 1954 3515 n.
1972 3484 2042 3515 113.
