2613 3990
960 223 1210 266 DISTINCT.
1242 223 1326 266 XV.
1357 223 1511 265 PART.
1539 226 1570 266 1.

208 329 338 357 mune
363 319 425 357 est
441 316 577 357 trihus
596 318 785 370 personis
812 315 1045 358 necessario
1058 347 1069 365 ,
1091 316 1130 354 et
1149 313 1230 353 hoc

207 387 251 427 in
269 387 407 428 activa
424 387 746 439 significatione.
769 388 872 428 Dare
891 387 1004 428 enim
1024 384 1227 438 Spiritum

206 462 399 500 sanctum
417 460 563 507 alicui,
585 463 646 501 est
664 461 798 500 facere
826 459 939 512 quod
960 457 1164 498 inhabitet
1183 456 1226 494 in

206 542 255 571 eo
275 546 282 571 :
305 535 345 572 et
366 532 459 573 ideo
478 544 565 573 non
583 534 644 572 est
664 531 799 572 simile
819 531 868 571 de
892 529 1078 583 potentia
1096 539 1228 580 gene-

205 602 340 643 randi.

256 672 320 713 Ad
349 673 454 714 illud
482 673 593 726 quod
625 672 847 725 objicitur,
882 672 992 725 quod
1029 670 1228 722 Magister

204 743 315 794 dicit,
337 744 451 797 quod
470 744 637 785 donatio
657 743 767 784 idem
789 746 850 783 est
867 743 979 795 quod
1007 741 1226 795 processio,

204 815 428 856 dicendum
452 816 565 868 quod
592 815 781 868 loquitur
802 816 852 856 de
882 815 1106 855 donatione
1131 825 1227 866 pas-

203 886 314 936 siva,
336 886 567 927 secundum
594 885 704 938 quod
735 888 918 926 arctatur
936 885 988 925 ad
1018 884 1225 937 Spiritum

203 959 396 997 sanctum
413 959 480 997 :et
497 959 803 1008 argumentum
822 969 951 997 suum
968 957 1131 996 bonum
1146 957 1222 1002 est,

203 1027 302 1079 quia
320 1028 374 1068 ab
393 1028 540 1068 eodem
560 1027 766 1080 principio
790 1031 850 1068 est
868 1029 974 1068 actio
997 1031 1037 1067 et
1054 1026 1190 1079 passio
1215 1039 1222 1065 :

201 1109 325 1151 ergo,
346 1099 380 1139 si
400 1098 568 1139 donatio
588 1101 724 1140 activa
744 1103 805 1140 est
825 1113 848 1139 a
870 1099 990 1140 Patre
1003 1131 1013 1148 ,
1034 1097 1226 1137 similiter

202 1168 243 1206 et
258 1166 425 1206 donatio
438 1166 605 1219 passiva
621 1178 630 1206 ε
651 1168 842 1208 similiter
857 1169 891 1207 si
906 1167 1074 1208 donatio
1088 1166 1225 1206 activa

200 1238 262 1277 est
273 1250 299 1277 a
314 1236 474 1290 Spiritu
488 1240 645 1289 sancto,
667 1242 708 1279 et
724 1239 902 1292 passiva.

252 1307 315 1348 Ad
334 1308 438 1348 illud
464 1309 578 1361 quod
604 1309 824 1362 objicitur,
845 1310 956 1362 quod
985 1326 1004 1348 a
1026 1310 1069 1349 in
1088 1309 1225 1349 activa

200 1382 367 1420 tenetur
401 1381 676 1427 essentialiter
691 1415 701 1433 ,
732 1394 836 1434 ergo
874 1386 912 1422 et
948 1382 994 1421 in
1031 1381 1220 1434 passiva,

197 1451 389 1492 similiter
409 1465 512 1505 ergo
537 1456 672 1506 potest
699 1454 779 1494 dici
803 1454 914 1506 quod
935 1452 1056 1493 Pater
1076 1464 1221 1505 proce-

195 1522 294 1573 dat3
320 1537 340 1559 »
370 1523 595 1564 dicendum
633 1524 746 1576 quod
779 1527 1084 1576 argumentum
1111 1522 1221 1562 istud

194 1604 281 1632 non
299 1593 411 1633 valet
423 1607 433 1643 3
447 1594 546 1646 quia
559 1594 720 1647 spirare
739 1595 783 1634 in
795 1607 896 1635 voce
911 1594 1047 1634 activa
1063 1605 1219 1633 conve-

194 1664 257 1705 nit
267 1665 449 1714 duobus,
465 1665 511 1705 in
522 1677 623 1706 voce
639 1666 805 1718 passiva
820 1665 1017 1706 convenit
1033 1665 1110 1705 uni
1124 1664 1217 1705 soli.

193 1734 261 1776 Sic
279 1737 438 1778 mittere
467 1739 599 1789 potest
627 1737 855 1778 convenire
883 1737 1042 1786 tribus,
1070 1747 1221 1788 proce-

193 1806 288 1848 dere
308 1819 409 1848 vero
425 1839 436 1858 ,
457 1808 545 1848 sive
564 1809 700 1859 mitti,
725 1809 892 1849 duobus
912 1812 1092 1849 tantum.

617 1933 705 1962 DUB.
738 1933 796 1961 lv.

243 2011 278 2043 Si
291 2013 405 2043 autem
424 2011 573 2052 seipsum
593 2011 661 2052 dat,
680 2014 761 2043 tunc
780 2014 811 2043 et
834 2022 851 2043 a
872 2012 982 2053 seipso
1002 2013 1168 2053 procedit.

245 2093 418 2135 Videtur
449 2094 625 2145 falsum3
657 2094 757 2147 quia
782 2095 1006 2148 procedere
1032 2097 1093 2136 est
1121 2108 1220 2149 pro-

190 2165 312 2206 duci:
335 2178 454 2218 ergo,
476 2166 511 2206 si
530 2165 710 2219 Spiritus
724 2169 893 2207 sanctus
912 2166 1099 2220 procedit
1117 2179 1141 2207 a
1159 2179 1217 2218 se,

192 2237 437 2290 producitur
456 2250 481 2277 a
500 2249 557 2278 se.

247 2307 289 2348 Si
303 2310 352 2348 tu
369 2308 480 2349 dicas
498 2309 609 2362 quod
628 2322 716 2351 non
736 2311 888 2351 dicitur
907 2311 997 2351 sine
1019 2311 1217 2352 determi-

193 2379 378 2430 natione,
393 2380 588 2421 videlicet
599 2382 906 2434 temporaliter,
921 2386 1086 2423 eontra:
1107 2384 1219 2425 Tem-

190 2451 394 2503 poralz’ter
412 2454 475 2492 est
500 2452 792 2493 determinatio
821 2466 907 2494 non
934 2454 1176 2494 diminuens
1207 2465 1216 2492 :

192 2534 295 2575 ergo
316 2523 507 2576 sequitur
526 2524 578 2564 de
599 2525 859 2575 necessitate,
881 2526 915 2564 si
933 2525 1220 2578 temporaliter

190 2594 377 2646 procedit
396 2607 421 2634 a
442 2607 485 2635 se
499 2627 509 2645 ‚
531 2596 644 2648 quod
669 2597 903 2649 produatur
925 2596 976 2649 (α)
1006 2609 1030 2636 a
1050 2608 1107 2636 se.

243 2664 365 2718 Resp.
399 2665 632 2708 Dicendum
661 2669 799 2721 quod,
834 2668 942 2709 sicut
969 2668 1128 2708 dietum
1156 2670 1219 2709 est

189 2748 337 2789 supra,
363 2738 592 2790 processio,
614 2739 776 2780 ratione
806 2739 1131 2793 comparationis
1163 2739 1216 2780 ad

189 2808 422 2848 terminum
439 2805 486 2848 in
508 2821 593 2861 quo
612 2810 841 2863 suscipitur
867 2814 1079 2862 creatura,
1102 2810 1216 2850 scili-

190 2880 276 2928 eet,
303 2891 400 2932 quae
424 2880 729 2930 sanctificatur,
759 2882 809 2922 de
839 2883 1003 2923 ratione
1030 2882 1216 2923 nominis

191 2953 388 2991 connotat
409 2952 640 3004 temporale
655 2984 665 3002 ,
685 2954 725 2992 et
752 2952 846 2993 ideo
869 2953 1021 2994 dieitur
1049 2956 1214 3007 tempo-

189 3021 289 3061 ralis
309 3033 319 3061 :
336 3024 377 3062 et
393 3022 596 3075 quoniam
617 3023 686 3064 ille
705 3023 878 3064 effectus
898 3026 1139 3079 temporalis
1154 3029 1215 3067 est

190 3103 216 3132 a
238 3091 397 3145 Spiritu
417 3096 576 3144 sancto,
599 3094 692 3135 ideo
712 3098 752 3135 et
772 3096 993 3148 processio,
1014 3097 1109 3138 licet
1128 3111 1214 3139 non

191 3162 251 3203 ita
272 3164 438 3216 proprie
467 3164 574 3205 sicut
598 3165 649 3206 de
677 3165 813 3206 Patre.
844 3166 894 3207 Et
913 3179 1000 3208 non
1026 3169 1138 3210 valet
1164 3170 1214 3211 de

190 3233 489 3286 productione3
528 3236 629 3289 quia
672 3237 892 3290 productio
935 3239 1072 3280 solum
1116 3241 1215 3282 dicit

191 3305 544 3357 comparationem
564 3307 616 3348 ad
635 3308 890 3361 principium
909 3322 934 3350 a
950 3322 1050 3363 quo,
1069 3315 1110 3353 et
1126 3325 1214 3353 non

191 3377 388 3415 connotat
415 3376 625 3418 effectum.
660 3378 798 3430 Unde,
824 3379 932 3420 sicut
949 3394 1035 3422 non
1067 3384 1178 3424 valet
1201 3397 1211 3425 ε

197 3461 216 3484 α
254 3444 443 3486 Procedit
473 3449 784 3504 temporaliter,
826 3463 930 3503 ergo
965 3454 1214 3505 producitur

190 3516 477 3569 temporaliter
497 3531 506 3558 :
528 3531 547 3555 ι)
569 3518 627 3559 sic
642 3522 684 3560 et
703 3520 747 3561 in
766 3522 993 3575 proposito.

2250 236 2326 273 247

1736 360 1825 388 DUB.
1858 361 1899 387 V.

1360 455 1407 485 Ne
1427 456 1540 485 autem
1561 456 1705 497 mireris,
1725 457 1814 497 quod
1836 457 1978 497 Spiritus
1994 461 2130 490 sanctus
2150 460 2270 492 dicitur

1718 503 1822 544 mitti,
1845 507 1908 536 etc.

1356 598 1529 638 Videtur
1551 600 1664 651 quod
1684 601 1793 641 male
1810 601 1957 654 probet
1977 602 2219 642 missionem
2238 603 2328 656 Spi-

1303 669 1408 709 ritus
1428 670 1561 709 sancti
1582 683 1655 723 per
1674 671 1918 712 missionem
1936 671 2044 723 Filii,
2068 673 2169 725 quia
2186 674 2327 714 missio

1303 740 1399 779 dicit
1423 741 1798 782 subauctoritatem
1819 743 1861 782 in
1884 742 2010 783 misso
2029 757 2038 782 t
2064 744 2135 784 sed
2155 744 2250 796 plus
2268 750 2328 786 est

1302 811 1352 850 de
1372 812 1701 853 subauctoritate
1720 813 1764 853 in
1779 813 1939 866 Spiritu
1957 817 2114 865 sancto,
2132 827 2263 868 quam
2283 817 2328 856 in

1302 880 1407 921 Filio
1428 897 1435 922 :
1460 895 1563 935 ergo
1588 883 1682 936 plus
1710 884 1760 924 de
1779 885 1940 925 ratione
1960 885 2169 926 missionis
2192 901 2200 927 :
2223 899 2327 940 ergo

1303 953 1493 1001 videtur,
1528 955 1641 1007 quod
1672 955 1811 1007 potius
1848 955 2018 997 deberet
2049 958 2272 1009 procedere
2306 972 2328 999 e

1301 1025 1518 1066 contrario.

1355 1096 1478 1146 Item,
1512 1096 1656 1137 missio
1687 1097 1785 1137 dicit
1815 1099 2231 1141 manifestationem:
2257 1102 2328 1142 sed

1302 1168 1444 1208 missio
1473 1167 1567 1207 Filii
1598 1168 1863 1209 manifestata
1893 1172 1955 1209 est
1981 1182 2056 1222 per
2082 1171 2327 1212 missionem

1300 1239 1480 1292 Spiritus
1498 1241 1631 1281 sancti
1651 1253 1660 1281 :
1683 1253 1786 1293 ergo
1817 1241 2079 1282 manifestior
2098 1246 2159 1283 est
2182 1243 2328 1284 missio

1300 1311 1478 1364 Spiritus
1508 1314 1667 1354 sancti:
1707 1326 1809 1366 ergo
1838 1314 2007 1355 videtur
2035 1316 2147 1368 quod
2180 1317 2329 1369 probet

1298 1383 1496 1436 ignotum
1516 1398 1590 1438 per
1613 1386 1827 1437 ignotum.
1846 1385 1976 1426 Juxta
2001 1386 2080 1427 hoc
2099 1388 2325 1440 quaeritur,

1298 1454 1348 1495 de
1369 1468 1453 1507 quo
1471 1457 1624 1497 dicitur
1644 1457 1755 1497 mitti
1775 1457 1971 1510 proprius
1997 1457 2045 1510 (b)
2059 1490 2069 1508 ,
2092 1458 2247 1500 scilicet
2277 1459 2328 1500 de

1298 1525 1417 1573 Filio,
1439 1539 1492 1566 an
1513 1527 1563 1567 de
1585 1526 1746 1579 Spiritu
1765 1531 1921 1569 sancto.

1352 1596 1471 1649 Resp.
1511 1597 1742 1639 Dicendum
1780 1599 1894 1651 quod
1936 1599 2137 1652 Magister
2177 1601 2328 1654 probat

1296 1669 1539 1709 missionem
1579 1668 1758 1722 Spiritus
1799 1671 1931 1711 sancti
1968 1684 2042 1725 per
2080 1673 2323 1714 missionem

1295 1739 1402 1790 Filii,
1436 1741 1536 1793 quia
1569 1740 1707 1792 magis
1739 1753 1958 1793 expressas
1987 1742 2113 1782 habet
2141 1745 2324 1784 auctori-

1299 1814 1412 1852 tates.
1434 1812 1585 1851 Adhuc
1611 1814 1746 1864 potest
1772 1815 1916 1852 tamen
1943 1812 2223 1854 nihilominus
2243 1815 2326 1856 alio

1294 1882 1419 1923 modo
1451 1883 1551 1933 dici,
1587 1883 1702 1935 quod
1733 1883 1861 1923 etiam
1894 1883 2182 1925 ratiocinando
2220 1886 2326 1927 bene

1294 1955 1493 2007 procedit.
1518 1955 1566 1995 In
1588 1955 1786 1996 missione
1810 1955 1926 1996 enim
1946 1968 2137 2008 personae
2158 1960 2219 1997 est
2238 1957 2322 1999 duo

1294 2026 1573 2076 considerare,
1607 2027 1759 2068 scilicet
1793 2028 2128 2079 emanationem,
2161 2029 2324 2071 ratione

1293 2100 1416 2151 cujus
1430 2101 1491 2138 est
1507 2099 1815 2140 subant-toritas
1828 2100 1873 2139 in
1886 2099 2014 2140 misso
2032 2113 2040 2140 :
2059 2103 2100 2140 et
2113 2104 2324 2153 quantum

1294 2168 1345 2209 ad
1376 2169 1455 2209 hoc
1484 2170 1623 2222 magis
1655 2171 1852 2211 convenit
1892 2170 2097 2224 Spiritum
2128 2175 2323 2213 sanctum

1294 2239 1402 2279 mitti
1422 2254 1430 2280 :
1454 2243 1494 2280 et
1519 2243 1729 2293 quantum
1750 2241 1802 2282 ad
1818 2242 1898 2282 hoc
1914 2243 2059 2294 arguit
2079 2241 2279 2295 Magister
2297 2256 2322 2284 a

1294 2310 1467 2360 minori,
1505 2311 1618 2364 quod
1653 2311 1686 2352 si
1727 2311 1858 2353 Filius
1891 2313 2074 2354 mittitur
2104 2327 2128 2354 a
2161 2313 2320 2367 Spiritu

1293 2385 1435 2423 sancto
1455 2386 1495 2423 et
1515 2396 1538 2423 a
1555 2396 1612 2434 se,
1631 2384 1766 2424 multo
1785 2385 1936 2425 fortius
1952 2389 1992 2426 et
2010 2386 2193 2440 Spiritus
2206 2400 2323 2428 sanc-

1293 2456 1374 2493 tus.
1390 2453 1461 2493 Est
1477 2455 1603 2494 etiam
1619 2455 1884 2497 considerare
1905 2458 2289 2499 manifestationem
2309 2471 2319 2498 :

1293 2526 1332 2563 et
1352 2525 1513 2565 ratione
1532 2526 1665 2578 hujUs
1691 2528 1889 2568 convenit
1913 2527 2019 2569 Filio
2047 2530 2200 2582 magis,
2223 2530 2322 2582 quia

1292 2597 1430 2648 magis
1454 2598 1669 2639 evidenter
1686 2600 1882 2651 apparuit
1903 2600 2064 2641 mundo
2084 2615 2092 2641 :
2119 2604 2159 2642 et
2177 2614 2319 2654 quan—

1291 2672 1385 2708 tum
1414 2670 1466 2710 ad
1491 2670 1572 2710 hoc
1599 2671 1746 2723 arguit
1764 2671 1965 2724 Magister
1982 2685 2007 2713 a
2026 2673 2317 2725 manifestiori,

1290 2744 1329 2781 et
1348 2740 1406 2781 ita
1426 2741 1659 2794 peroptime
1675 2742 1874 2795 procedit.

1344 2812 1405 2853 Ad
1445 2813 1550 2854 illud
1584 2813 1699 2866 quod
1734 2815 1947 2867 objicitur,
1983 2816 2096 2868 quod
2138 2814 2321 2869 Spiritus

1290 2887 1457 2925 sanctus
1470 2885 1709 2926 manifestat
1722 2885 1879 2927 Filium
1893 2890 1934 2928 et
1946 2888 1981 2940 ej
1989 2899 2039 2928 us
2052 2887 2316 2938 missionem,

1289 2957 1514 2998 dicendum
1528 2958 1641 3011 quod
1657 2958 1737 2999 hoc
1751 2970 1837 2999 non
1851 2962 1913 3000 est
1925 2962 2095 3013 propter
2107 2960 2319 3001 defectum

1289 3029 1509 3070 evidentiae
1526 3042 1550 3070 a
1566 3033 1683 3083 parte
1697 3031 1907 3072 missionis
1921 3030 2015 3071 Filii
2029 3044 2039 3082 ;
2059 3031 2130 3072 sed
2147 3034 2318 3084 propter

1289 3101 1519 3142 caeeitatem
1532 3114 1556 3141 a
1572 3104 1689 3154 parte
1706 3103 1958 3152 videntium,
1979 3115 2108 3156 quam
2126 3104 2318 3143 removet

1289 3171 1468 3224 Spiritus
1498 3173 1631 3212 sancti
1661 3173 1799 3225 gratia
1825 3188 1834 3214 ε
1857 3176 1897 3215 et
1926 3174 1987 3214 sic
2016 3176 2129 3227 patet
2153 3173 2203 3213 de
2228 3184 2313 3225 quo

1288 3245 1419 3298 prius
1442 3243 1533 3284 Uno
1553 3243 1667 3284 enim
1684 3245 1810 3286 modo
1825 3246 1962 3298 magis
1979 3245 2178 3299 competit
2192 3244 2314 3294 Filio,

1288 3316 1369 3357 alio
1395 3314 1519 3354 modo
1551 3313 1728 3366 Spiritui
1753 3319 1917 3368 sancto,
1949 3317 2185 3358 secundum
2210 3315 2316 3355 duas

1288 3389 1508 3441 praedictas
1529 3387 1803 3430 conditiones

1329 3495 1371 3546 (α)
1399 3495 1493 3526 Edit.
1531 3496 1608 3527 Ven.
1643 3495 1816 3537 procedat.
1833 3511 1874 3518 -
1896 3494 1940 3536 (b)
1962 3494 2001 3526 Id
2029 3494 2076 3524 est
2104 3490 2211 3532 magis
2236 3498 2319 3531 pro-

1291 3550 1375 3583 prie.
