2613 3990
168 287 180 323 vl
192 286 241 322 ΞΟ

160 376 368 424 quantum
388 374 612 424 terminos;
638 378 677 415 et
696 375 796 427 quia
821 387 948 415 causa
972 374 1185 428 praedicati

160 445 370 486 clauditur
396 446 440 486 in
461 447 648 499 subjecto
663 480 672 498 ,
695 448 787 488 ideo
806 448 958 500 seipsis
983 451 1083 489 sunt
1100 448 1183 488 evi-

160 517 310 558 dentia.
333 532 352 555 »
375 516 443 558 Sic
461 522 500 559 et
520 519 564 558 in
584 520 794 572 proposito
818 534 826 560 :
850 532 949 559 nam
972 520 1082 560 Deus
1098 520 1185 559 sive

160 601 329 629 summa
349 590 503 630 veritas
516 592 577 630 est
597 590 735 643 ipsum
755 603 858 641 csse,
876 603 962 644 quo
982 591 1088 631 nihil
1104 602 1188 630 me-

161 660 244 700 lius
273 661 450 713 cogitari
480 664 615 714 potest
646 675 654 702 :
686 673 789 714 ergo
822 674 907 702 non
940 665 1074 715 potest
1101 674 1187 702 nou

161 744 273 780 6556,
312 744 388 773 nec
422 732 598 784 cogitari
635 744 721 772 non
766 745 870 774 esse.
910 733 1190 774 Praedicatum

163 804 278 844 enim
296 804 506 844 clauditur
526 804 571 844 in
590 804 795 857 subJecto.
821 804 905 845 Nec
923 808 1090 845 tantum
1110 804 1190 844 ha-

163 876 232 916 bet
260 876 515 916 evidentiam
544 875 587 915 in
607 888 675 927 se,
705 876 775 917 sed
804 877 932 917 etiam
960 889 1014 918 ex
1038 877 1192 929 proba-

164 947 300 996 tione;
345 947 546 1000 quoniam
593 947 782 989 divinam
819 948 1040 989 veritatem
1078 959 1189 996 esse,

166 1019 314 1071 probat
340 1021 380 1058 et
399 1019 611 1060 concludit
629 1020 771 1060 omnis
797 1020 955 1061 veritas
981 1021 1021 1060 et
1040 1021 1195 1059 natura

168 1093 305 1131 creata
326 1104 334 1130 :
358 1090 479 1142 quia,
503 1091 537 1130 si
555 1093 618 1131 est
638 1103 713 1131 ens
734 1103 808 1144 per
829 1090 1193 1144 participationem

168 1165 208 1203 et
226 1162 278 1202 ab
303 1162 384 1202 alio
399 1195 410 1213 ,
433 1166 493 1203 est
514 1175 589 1204 ens
620 1176 695 1217 per
718 1163 942 1204 essentiam
969 1166 1009 1203 et
1028 1175 1115 1203 non
1142 1163 1195 1202 ab

168 1234 264 1275 alio.
288 1233 439 1275 Probat
458 1235 585 1275 etiam
604 1235 740 1288 ipsam
757 1267 767 1286 ,
790 1238 831 1275 et
850 1234 1086 1284 concludit,
1109 1247 1198 1275 om-

168 1306 233 1346 nis
245 1305 524 1358 intelligentia
539 1309 665 1355 recta,
683 1306 782 1359 quia
799 1307 918 1348 omni
937 1307 1092 1346 animae
1105 1307 1140 1359 ej
1148 1318 1198 1346 us

169 1378 354 1430 cognitio
392 1380 453 1418 est
491 1378 695 1431 impressa
710 1411 720 1428 ,
760 1381 801 1419 et
835 1378 974 1419 omnis
1011 1378 1197 1430 cognitio

168 1453 230 1491 est
248 1462 322 1503 per
341 1450 491 1503 ipsam.
513 1449 666 1491 Probat
684 1450 841 1491 iterum
860 1451 1017 1503 ipsam,
1041 1452 1081 1491 et
1102 1462 1199 1490 con-

169 1522 318 1573 cludit,
339 1522 477 1562 omnis
495 1522 723 1576 propositio
751 1522 1007 1563 affirmativa
1030 1537 1038 1562 :
1062 1521 1201 1563 omnis

169 1594 284 1635 enim
316 1594 410 1634 talis
444 1594 604 1648 aliquid
642 1594 779 1647 ponit3
816 1596 856 1635 et
892 1594 1034 1647 aliquo
1065 1594 1201 1647 posito

171 1666 342 1719 ponitur
381 1678 559 1716 verum3
602 1668 642 1706 et
679 1678 782 1707 vero
825 1665 960 1718 posito
976 1697 986 1716 ,
1028 1666 1202 1718 ponitur

171 1735 327 1778 veritas
359 1747 455 1788 quae
486 1738 547 1776 est
575 1747 702 1775 causa
731 1735 871 1775 omnis
900 1734 1006 1776 veri.
1039 1733 1203 1787 Propo-

171 1808 269 1848 sitio
293 1810 438 1848 autem
462 1807 666 1859 negativa
684 1818 771 1847 non
795 1806 921 1846 infert
939 1806 1099 1859 ipsam,
1122 1805 1203 1845 nisi

172 1879 417 1932 sophistice,
440 1881 488 1919 ut
509 1879 670 1919 dicunt.
699 1877 816 1918 Unde
836 1890 890 1918 ex
907 1877 989 1918 hoc
1009 1877 1122 1930 quod
1143 1879 1205 1917 est

172 1952 281 1992 nihil
310 1964 399 1992 esse
415 1984 425 2003 ,
448 1951 516 1992 vel
535 1951 699 1991 nullam
722 1950 946 1991 veritatem
975 1962 1087 1999 esse,
1116 1961 1204 1990 non

173 2023 381 2076 contingit
396 2023 665 2073 concludere,
685 2034 763 2063 nec
781 2022 937 2062 inferre
950 2054 960 2072 ,
983 2021 1205 2062 veritatem

175 2109 278 2137 esse.
310 2096 408 2137 Haec
439 2096 552 2137 enim
585 2095 813 2148 propositio
845 2109 855 2135 :
891 2109 909 2133 (ι
933 2093 1046 2135 Nihil
1074 2096 1155 2143 est,
1181 2108 1200 2131 ›>

175 2168 354 2209 destruit
373 2179 545 2208 omnem
564 2167 800 2209 veritatem.
823 2165 873 2206 Et
891 2165 984 2206 ideo
1005 2166 1057 2206 ad
1072 2165 1207 2218 ipsam

177 2252 261 2281 non
300 2240 492 2293 sequitur
511 2238 655 2292 aliqua
686 2238 948 2289 affimativa,
971 2240 1012 2278 et
1028 2237 1122 2278 haec
1148 2239 1209 2278 est

176 2328 278 2355 vera
299 2330 306 2356 :
324 2331 343 2354 α
361 2315 404 2356 Si
425 2315 532 2354 nihil
553 2317 628 2360 est,
653 2314 772 2355 nulla
790 2313 1020 2366 propositio
1034 2316 1110 2364 est,
1133 2325 1210 2352 nec

177 2386 391 2440 aliquid.»
416 2386 687 2439 Augustinus
714 2388 857 2426 autem
882 2385 963 2426 tale
983 2397 1211 2437 argumen-

178 2463 272 2501 tum
295 2471 382 2500 non
406 2459 502 2500 facit
527 2457 797 2511 approbando
814 2490 824 2508 ,
849 2457 920 2498 sed
940 2457 1207 2510 inquirendo.

235 2530 558 2573 Concedendum
579 2531 640 2570 est
660 2541 764 2582 ergo
787 2529 899 2583 quod
920 2531 1037 2569 tanta
1057 2531 1119 2569 est
1137 2540 1210 2570 ve-

181 2603 281 2645 ritas
315 2602 450 2645 divini
484 2601 603 2651 Esse,
639 2601 753 2654 quod
787 2613 887 2642 cum
916 2613 1091 2642 assensu
1124 2612 1212 2641 non

182 2678 316 2729 potest
338 2674 516 2728 cogitari
536 2685 624 2714 non
650 2685 759 2724 esse,
782 2673 864 2713 nisi
889 2676 1061 2726 propter
1087 2672 1213 2725 igno-

184 2748 365 2788 rantiam
403 2745 627 2798 cogitantis
644 2777 654 2795 ,
692 2745 767 2798 qui
803 2745 974 2798 ignorat
1011 2744 1112 2797 quid
1153 2746 1215 2785 est

184 2819 297 2872 quod
316 2831 390 2872 per
408 2831 565 2859 nomen
586 2817 656 2858 Dei
673 2817 842 2858 dicitur.
866 2817 917 2857 Et
937 2816 1214 2857 concedendae

186 2893 286 2931 sunt
315 2890 500 2932 rationes
523 2890 575 2932 ad
604 2890 709 2941 hoc,
735 2889 831 2930 licet
857 2889 1011 2942 aliquae
1038 2889 1121 2929 sint
1148 2900 1214 2929 so-

186 2962 390 3015 pbisticae.

243 3037 280 3074 1.
301 3033 364 3074 Ad
384 3034 490 3074 illud
509 3045 613 3085 ergo
633 3032 746 3086 quod
771 3031 967 3086 objicitur
983 3031 1029 3072 in
1049 3035 1217 3073 contra—

189 3108 318 3159 rium,
347 3121 366 3145 t(
389 3106 621 3148 intantum
640 3106 886 3160 praevaluit,
910 3108 1012 3156 etc.;
1037 3120 1055 3142 »
1080 3105 1218 3146 dicen-

191 3180 294 3221 dum
309 3212 319 3231 ,
341 3179 456 3232 quod
476 3179 760 3220 Damascenus
776 3178 967 3231 loquitur
984 3177 1036 3218 de
1054 3176 1218 3228 cogita-

191 3251 306 3292 tione
326 3262 423 3304 quae
442 3251 560 3292 venit
579 3251 630 3291 ab
649 3249 952 3298 excaecatione3
975 3247 1089 3300 quod
1107 3250 1220 3300 patet

193 3335 246 3363 ex
265 3323 355 3376 ipso
373 3323 504 3364 verbo
521 3323 628 3375 ejus,
649 3334 745 3363 cum
765 3321 863 3362 dicit
886 3335 894 3361 :
917 3319 1123 3360 «Malitia.
1145 3334 1165 3357 >³

248 3398 287 3435 ἐξ.
304 3394 504 3435 Similiter
518 3393 570 3433 ad
580 3393 685 3433 illud
699 3393 749 3433 de
763 3392 982 3433 idololatra
995 3392 1047 3443 (α)
1057 3423 1066 3441 ,
1081 3390 1221 3431 dicen·
1240 3442 1242 3444 .

195 3466 298 3507 dum
321 3466 435 3520 quod
459 3465 553 3506 ideo
575 3467 707 3514 errat,
721 3464 822 3517 quia
836 3464 1005 3516 ignorat
1023 3462 1125 3515 quid
1143 3462 1218 3512 sit3

242 3575 248 3592 ¹
264 3572 377 3612 Arist„
398 3572 522 3603 Poster.
537 3571 596 3603 lib.
615 3571 625 3602 l
640 3581 649 3611 3
671 3569 855 3610 Memphis-9.
872 3569 929 3599 lib.
946 3569 1002 3608 lv,
1019 3569 1221 3607 praesertim.

197 3638 236 3644 —
248 3621 260 3642 ²
276 3620 328 3660 Cf.
351 3620 446 3651 Alex.
461 3619 606 3660 Alensis,
624 3627 659 3659 p.
675 3619 700 3659 1,
721 3626 755 3658 q.
770 3625 816 3662 ιγ,
830 3616 958 3648 memb.
976 3617 1012 3654 15
1036 3614 1071 3646 S.
1087 3616 1222 3656 Thour,

928 284 1339 327 SENTENTIARUM
1370 289 1465 331 LlB.
1498 291 1529 331 Ι.

1258 378 1371 419 uude
1380 391 1467 420 non
1481 381 1637 433 cogitat
1646 381 1776 422 Deum
1787 393 1872 422 non
1880 393 1969 423 6556
1980 382 2026 422 in
2037 383 2280 426 universali.

1313 452 1350 489 3.
1373 451 1436 490 Ad
1455 451 1557 492 illud
1575 453 1687 506 quod
1705 453 1917 506 objicitur,
1945 454 2057 506 quod
2076 454 2285 497 intellecto

1261 520 1344 561 Deo
1375 534 1462 563 non
1492 536 1604 573 esse,
1639 528 1815 578 possunt
1845 525 1926 565 alia
1954 538 2043 566 esse
2077 526 2282 579 intelligi,

1262 592 1486 635 dicendum
1515 596 1627 648 quod
1660 596 1827 637 Boetius
1858 597 2047 649 loquitur
2081 597 2130 638 de
2163 597 2286 638 intel-

1263 663 1374 705 lectu
1393 678 1478 719 quo
1492 680 1566 720 per
1583 669 1840 721 impossibile
1857 668 2017 722 aliquid
2035 668 2286 720 cogitamus,

1263 737 1334 777 sed
1354 750 1441 778 non
1464 741 1730 781 assentimus.

1319 811 1358 848 4.
1375 809 1437 850 Ad
1452 810 1555 851 illud
1570 812 1682 864 quod
1702 812 1915 865 objicitur,
1939 812 2084 865 «quod
2104 811 2292 852 maxime

1265 891 1343 920 nos
1364 880 1486 933 latet,
1508 896 1527 919 >³
1555 885 1667 935 patet
1695 884 1935 937 responsio,
1966 884 2081 937 quod
2107 883 2293 924 maxime

1266 963 1343 992 nos
1362 951 1461 993 latet
1477 954 1578 1006 quid
1597 958 1677 1006 est,
1706 956 1775 995 sed
1802 958 1943 997 tamen
1972 956 2158 996 maxime
2184 957 2296 1008 patet

1268 1021 1304 1061 si
1330 1024 1404 1062 est.

1324 1095 1362 1133 5.
1390 1093 1453 1134 Ad
1479 1094 1582 1135 illud
1606 1096 1718 1148 quod
1742 1097 1951 1149 objicitur,
1978 1112 1997 1136 (ι
2017 1096 2125 1146 Quid
2155 1099 2215 1137 est
2234 1096 2296 1137 di-

1270 1176 1386 1215 cere,
1409 1165 1597 1205 divinam
1616 1165 1845 1207 Veritatem
1863 1180 1951 1208 non
1974 1180 2094 1221 posse
2120 1167 2298 1220 cogitari

1271 1248 1358 1277 non
1393 1233 1508 1288 esse,
1533 1252 1552 1274 »
1591 1238 1815 1279 dicendum
1835 1272 1844 1287 ,
1881 1240 1994 1293 quod
2024 1240 2178 1293 aliquis
2209 1244 2299 1279 'non

1271 1310 1406 1360 potest
1439 1309 1607 1349 credere
1645 1310 1756 1362 quod
1794 1309 1904 1350 Deus
1935 1322 2021 1351 non
2057 1310 2134 1361 sit,
2174 1309 2299 1350 dum-

1272 1379 1398 1420 modo
1425 1382 1571 1420 utatur
1599 1381 1775 1421 ratione.
1809 1379 1900 1421 Non
1921 1381 1980 1421 sic
2005 1381 2055 1421 de
2076 1381 2297 1431 creaturis;

1273 1451 1394 1504 quia,
1416 1452 1492 1493 etsi
1518 1454 1682 1493 certum
1705 1455 1766 1493 est
1791 1465 1923 1494 unam
1953 1455 2189 1493 creaturam
2213 1465 2302 1493 esse

1274 1524 1374 1575 uni,
1400 1537 1486 1565 non
1508 1527 1651 1566 tamen
1677 1525 1899 1575 omnibus,
1924 1524 2026 1578 quia
2050 1537 2136 1565 non
2155 1526 2216 1565 est
2233 1537 2302 1566 ve-

1275 1595 1411 1636 ritatis
1429 1598 1582 1646 tantae,
1607 1598 1655 1636 ut
1683 1609 1726 1637 se
1752 1596 1951 1637 omnibus
1981 1596 2129 1637 offerat
2156 1608 2301 1649 aequa-

1274 1667 1383 1717 liter,
1416 1668 1525 1708 sicut
1550 1668 1689 1721 prima
1714 1669 1884 1709 veritas.

1331 1742 1370 1781 6.
1400 1739 1465 1780 Ad
1489 1740 1595 1780 illud
1625 1741 1738 1793 quod
1768 1741 1981 1793 objicitur,
2010 1739 2170 1790 «Quod
2200 1751 2304 1780 con-

1278 1811 1395 1853 venit
1413 1812 1649 1864 exprimere
1666 1844 1678 1863 ,
1700 1812 1896 1853 convenit
1916 1815 1955 1852 et
1972 1811 2178 1863 cogitare,
2199 1825 2218 1849 ))
2243 1811 2307 1852 di·-

1279 1885 1460 1925 cendum
1480 1885 1592 1938 quod
1614 1886 1748 1938 potest
1767 1884 1923 1938 accipi,
1946 1885 2131 1938 coqitare
2147 1917 2159 1936 ,
2181 1897 2308 1937 gene-

1279 1956 1423 1997 raliter
1448 1968 1525 2010 pro
1551 1959 1648 1997 actu
1669 1957 1843 2008 mentis,
1873 1957 1962 1998 sive
1985 1957 2186 2005 errantis,
2219 1956 2308 1998 sive

1279 2040 1386 2079 non,
1424 2029 1513 2069 sive
1551 2029 1839 2080 assentientis,
1870 2029 1960 2070 sive
1994 2042 2104 2080 non3
2136 2032 2176 2070 et
2206 2032 2309 2070 tunc

1281 2101 1342 2140 est
1371 2100 1475 2141 illud
1504 2113 1683 2151 verum3
1714 2101 1782 2142 vel
1817 2113 1894 2154 pro
1926 2100 2179 2153 cogitatione
2210 2113 2308 2141 cum

1281 2184 1470 2224 assensu,
1488 2175 1527 2214 et
1543 2173 1589 2226 (b)
1607 2175 1709 2213 tunc
1724 2175 1785 2213 est
1804 2173 1981 2223 falsum3
2000 2172 2102 2225 quia
2119 2172 2310 2225 dignita-

1282 2244 1417 2294 tibUS,
1447 2244 1489 2285 id
1512 2247 1595 2296 est,
1618 2244 1976 2298 propositionibus
2002 2256 2077 2297 per
2105 2256 2149 2284 se
2177 2244 2308 2295 not-is,

1284 2316 1492 2369 contingit
1506 2317 1714 2357 rationem
1729 2317 2012 2357 contradicere
2029 2318 2241 2369 quantum
2260 2317 2313 2358 ad

1284 2389 1490 2439 exterius,
1514 2401 1600 2429 non
1629 2391 1773 2429 tamen
1804 2391 2014 2442 quantum
2039 2388 2091 2429 ad
2117 2388 2310 2441 interius,

1285 2463 1333 2501 ut
1351 2461 1450 2502 dicit
1471 2460 1751 2514 Philosophus
1777 2460 1822 2500 in
1840 2460 1950 2501 libro
1979 2461 2263 2504 Posteriorum
2284 2462 2312 2502 ¹.

1589 2631 1759 2676 ARTIC
1767 2630 1912 2675 ULUS
1945 2632 1999 2675 II.

1343 2751 1654 2804 Consequenter
1673 2748 1860 2790 secundo
1883 2748 1975 2789 loco
1992 2750 2055 2789 est
2072 2747 2252 2801 quaestio
2267 2747 2318 2788 de

1290 2823 1474 2864 secunda
1490 2820 1743 2876 proprietate
1764 2819 1896 2861 divini
1915 2819 2014 2860 Esse
2028 2851 2037 2868 ,
2063 2819 2219 2860 scilicet
2241 2818 2320 2859 Im-

1290 2893 1585 2936 mutabilitate.
1604 2892 1661 2933 De
1677 2904 1763 2945 qua
1780 2891 1864 2932 duo
1882 2893 2138 2945 quaeruntur
2155 2905 2164 2931 ε
2181 2890 2320 2943 primo

1291 2965 1500 3020 quaeritur
1527 2967 1675 3005 utrum
1703 2963 2028 3004 immutabilitas
2059 2962 2112 3002 sit
2136 2961 2183 3002 in
2211 2961 2317 3011 Deo;

1292 3038 1491 3087 secundo,
1513 3039 1660 3077 utrum
1684 3035 1738 3076 sit
1762 3035 1997 3089 proprietas
2018 3033 2104 3075 Dei.

1659 3183 1894 3235 ouAEsrio
1925 3183 1957 3224 1.

1532 3286 1594 3322 An
1612 3287 1703 3322 Deus
1720 3286 1770 3321 sit
1787 3282 2029 3319 immutabilis
2049 3282 2077 3316 ².

1351 3386 1471 3436 Quod
1510 3383 1832 3426 immutabilitas
1873 3381 1927 3422 sit
1962 3380 2006 3420 in
2042 3379 2150 3431 Deo,
2180 3380 2324 3420 osten-

1297 3459 1411 3501 ditur
1439 3457 1520 3498 hoc
1546 3456 1671 3510 modo
1707 3467 1717 3495 :
1747 3452 1892 3494 Omnis
1924 3451 2124 3502 mutatio,
2154 3452 2229 3491 aut
2263 3452 2326 3490 est

1297 3564 1332 3596 p.
1349 3555 1378 3595 Ι,
1399 3562 1434 3594 q.
1449 3558 1496 3592 121,
1516 3552 1578 3583 art.
1597 3553 1634 3591 13
1656 3551 1760 3590 Scot.,
1785 3549 1794 3580 l
1813 3548 1918 3586 Seni„
1939 3547 2016 3579 dist.
2034 3554 2109 3588 vm,
2125 3555 2160 3588 q.
2175 3554 2214 3586 v;
2236 3546 2325 3577 Hen-

1341 3612 1382 3653 (α)
1405 3611 1485 3644 Caet.
1506 3610 1587 3642 edit.
1608 3609 1762 3644 idolo.—
1778 3607 1823 3649 (b)
1845 3607 1926 3640 Caet.
1950 3606 2030 3639 edit.
2052 3606 2142 3638 deest
2160 3607 2204 3637 et.

2375 3393 2484 3422 Funda-

2344 3439 2447 3463 menta.
