2613 3990
1042 248 1291 290 DISTlNCT.
1325 248 1428 289 XIX.
2220 251 2296 289 319

183 340 341 400 species
359 346 437 396 est,
459 340 689 385 individua
717 346 862 384 autem
887 337 1127 393 Abraham,
1149 338 1293 393 Isaac,
1317 344 1357 381 et
1376 337 1523 381 Jacob.
1548 336 1594 380 Si
1614 337 1730 380 enim
1752 337 1934 380 essentia
1953 337 2110 394 species
2137 343 2215 390 est,
2247 343 2296 380 ut

183 418 339 473 homo,
374 419 483 461 sicut
514 434 602 461 non
632 417 790 462 dicitur
821 431 937 459 unus
962 415 1093 458 homo
1123 429 1212 458 esse
1243 415 1493 469 Abraham,
1514 414 1652 470 Isaac,
1675 420 1715 457 et
1732 413 1864 457 Jacob
1882 448 1892 468 ,
1923 413 1983 456 ita
2016 428 2103 456 non
2137 413 2295 456 dicitur

183 510 273 538 una
303 495 487 538 essentia
515 511 604 539 esse
637 500 719 538 tres
751 507 959 552 personae.
996 492 1093 536 Non
1131 492 1278 550 itaque
1317 491 1557 536 secundum
1584 506 1721 548 genus
1742 498 1783 534 et
1802 490 1960 549 species
1987 490 2067 533 ista
2097 490 2294 533 dicimus.

241 571 493 615 Notandum
525 572 654 615 etiam
686 570 802 629 quod
823 569 1005 612 essentia
1023 569 1171 612 divina
1188 584 1275 612 non
1297 575 1359 612 051
1378 568 1557 612 materia
1577 569 1711 612 trium
1732 583 2036 627 personarum,
2060 573 2108 610 ut
2128 568 2301 623 Augus·
2341 583 2398 608 xeo
2420 592 2461 609 se-

2339 624 2461 649 cundum

183 648 302 692 tinus
333 649 379 691 in
411 649 560 692 eodem
585 649 697 691 libro
729 647 850 690 docet
870 647 909 702 ¹,
936 664 956 687 «
978 652 1188 704 tanquam
1209 647 1448 690 secundum
1468 661 1745 689 communem
1766 645 2050 704 eamdemque
2075 644 2301 687 materiam
2335 666 2462 690 „mm-m-

2323 705 2377 731 lem
2395 714 2460 731 cau-

184 730 270 769 tres
287 741 482 785 personae
500 726 700 769 dicantur
721 739 809 767 esse
831 739 919 767 una
938 723 1138 778 essentia,
1162 723 1271 766 sicut
1293 739 1346 767 ex
1365 723 1515 766 eodem
1535 737 1641 766 auro
1663 722 1699 765 si
1718 722 1872 766 fierent
1897 727 1982 765 tres
2002 727 2170 775 statuae,
2190 720 2302 764 dice·
2335 755 2391 772 ΞΜ
2415 748 2454 772 „n-

184 817 332 846 remus
357 809 443 846 tres
471 808 632 846 statuas
663 817 802 844 unum
828 816 1000 845 aurum.
1024 800 1123 843 Non
1142 805 1287 843 autem
1317 801 1376 843 sic
1396 799 1653 843 Trinitatem
1671 834 1681 854 ,
1709 799 1752 842 id
1781 804 1865 854 est,
1896 805 1982 842 tres
2014 813 2217 857 personas
2240 797 2303 841 di-
2324 791 2465 864 „22¹¹pr

184 894 332 923 cemus
354 895 489 923 unam
526 879 782 932 essentiam,
813 885 853 921 et
883 879 1023 922 Deum
1054 893 1218 932 unum,
1251 884 1461 937 tanquam
1494 892 1547 920 ex
1572 892 1660 920 una
1679 877 1859 919 materia
1880 876 1963 919 tria
1981 875 2184 935 quaedam
2205 874 2306 918 suh-
2325 879 2463 937 ζῗξζζζζδ

185 956 352 1000 sistant.
374 957 424 999 In
444 956 596 999 statuis
615 956 732 999 enim
753 956 995 1013 aequalibus
1015 955 1115 1013 plus
1134 954 1230 998 auri
1251 960 1313 997 est
1333 960 1420 998 tres
1439 949 1571 997 simul
1591 969 1725 1013 quam
1746 953 1949 1010 singulae,
1971 958 2013 996 et
2036 952 2180 995 minus
2205 951 2305 994 auri

185 1038 248 1077 est
278 1048 367 1077 una
402 1048 536 1092 quam
567 1033 682 1075 duae.
722 1032 772 1074 In
798 1032 874 1075 illa
910 1047 1014 1075 vero
1041 1032 1223 1074 essentia
1253 1032 1480 1074 Trinitatis
1512 1031 1637 1074 nullo
1670 1030 1798 1074 modo
1830 1035 1893 1073 est
1923 1030 1997 1072 ita.
2034 1048 2055 1071 »
2085 1029 2182 1072 Non
2205 1042 2307 1085 ergo

185 1110 424 1154 secundum
442 1109 710 1153 materialem
736 1124 911 1152 causam
934 1115 1018 1151 tres
1039 1123 1242 1166 personas
1260 1124 1396 1152 unam
1417 1108 1602 1152 dicimus
1630 1123 1719 1152 esse
1744 1106 2052 1162 substantiam,
2077 1106 2146 1149 vel
2168 1121 2309 1149 essen-

183 1187 304 1240 tiam,
327 1187 438 1230 sicut
458 1192 543 1229 tres
563 1191 716 1229 statuae
744 1186 953 1230 dicuntur
972 1201 1113 1228 unum
1137 1200 1311 1229 aurum.

243 1264 322 1307 His
340 1279 516 1323 quoque
536 1264 786 1307 addendum
821 1269 882 1307 est
901 1298 910 1319 ,
934 1263 1051 1322 quod
1076 1268 1159 1306 tres
1179 1278 1383 1321 personas
1406 1278 1494 1307 non
1514 1263 1573 1306 ita
1593 1263 1778 1306 dicimus
1796 1277 1885 1306 esse
1904 1277 2038 1305 unam
2058 1261 2303 1315 essentiam,
2359 1274 2418 1300 Nec
2433 1275 2470 1302 ita

186 1347 236 1384 ut
271 1342 545 1399 Augustinus
568 1342 615 1384 in
645 1341 795 1385 eodem
816 1345 828 1365 2
850 1341 927 1396 ait,
965 1341 1034 1384 vel
1068 1340 1200 1384 unius
1235 1341 1451 1396 essentiae,
1474 1340 1583 1384 sicut
1603 1340 1787 1384 dicimus
1810 1340 1981 1398 aliquos
2006 1347 2092 1382 tres
2111 1338 2310 1382 homines
2330 1316 2471 1391 tificsugiffi

186 1419 380 1478 ejusdem
407 1428 557 1474 sexus,
580 1424 621 1462 et
639 1419 832 1477 ejusdem
864 1418 1188 1476 temperationis
1213 1418 1424 1477 corporis,
1450 1417 1731 1476 ejusdemque
1763 1417 1899 1460 animi
1920 1432 2054 1460 unam
2075 1431 2163 1459 esse
2184 1420 2310 1458 natu·
2330 1407 2404 1425 ⁵⁰¹¹ae
2417 1406 2471 1425 ⁰¹¹³

2331 1441 2469 1474 essentia,

186 1511 296 1552 ram,
319 1496 388 1540 vel
411 1496 542 1540 unius
561 1503 743 1540 naturae.
766 1496 877 1539 Nam
900 1496 946 1538 in
966 1495 1035 1538 his
1055 1496 1185 1538 rebus
1204 1510 1293 1539 non
1316 1500 1485 1538 tantum
1506 1500 1567 1537 est
1582 1509 1697 1537 unus
1718 1494 1866 1548 homo,
1891 1499 2108 1552 quantum
2130 1499 2214 1536 tres
2234 1493 2308 1536 ho-

2350 1485 2377 1507 111
2397 1484 2455 1507 tres

2345 1523 2472 1549 homines

188 1573 326 1616 mines
353 1573 485 1617 simul
503 1608 514 1629 ,
537 1579 576 1617 et
604 1573 703 1632 plus
732 1572 900 1632 aliquid
931 1579 1033 1616 sunt
1054 1573 1253 1616 homines
1273 1572 1359 1616 duo
1380 1587 1516 1631 quam
1535 1587 1651 1615 unus
1671 1571 1801 1614 homo
1820 1606 1829 1626 ,
1851 1571 1961 1613 sicut
1982 1571 2028 1613 in
2049 1571 2203 1614 statuis
2224 1585 2311 1614 esse
2332 1573 2471 1638 ,ffiijuj'gl

186 1649 377 1693 diximus
402 1666 411 1693 ε
434 1656 478 1694 31
496 1651 542 1693 111
562 1651 650 1694 Deo
671 1666 758 1694 non
781 1656 842 1694 est
861 1651 932 1694 ita.
958 1650 1055 1694 Non
1076 1650 1193 1694 enim
1211 1649 1348 1708 major
1367 1649 1550 1692 essentia
1564 1654 1626 1692 est
1645 1649 1773 1692 Pater
1797 1654 1838 1691 et
1857 1648 1995 1692 Filius
2010 1648 2158 1702 simul,
2179 1664 2311 1707 quam
2345 1656 2449 1715 ngfflffj,

185 1727 304 1771 solus
321 1728 453 1771 Pater
471 1728 541 1771 vel
561 1728 678 1771 solus
696 1727 862 1782 Filius;
884 1727 957 1771 sed
980 1734 1063 1771 tres
1083 1727 1217 1770 simul
1237 1727 1326 1770 illae
1344 1742 1539 1785 personae
1559 1726 1746 1785 aequales
1765 1731 1867 1769 sunt
1887 1725 2088 1783 singulis.
2114 1725 2177 1768 Ex
2201 1740 2314 1784 11133-

186 1804 326 1848 11115515
345 1810 462 1863 patet
479 1804 598 1864 quod
615 1810 701 1848 tres
721 1820 912 1864 personae
933 1804 1142 1848 dicuntur
1161 1804 1311 1848 divina
1331 1804 1528 1859 essentia,
1552 1819 1629 1847 nec
1649 1802 1886 1847 secundum
1910 1802 2180 1846 materialem
2213 1817 2314 1846 cau-

185 1896 294 1936 sam,
311 1887 361 1924 ut
379 1887 465 1925 tres
481 1887 635 1925 statuae
657 1897 795 1925 unum
816 1897 991 1936 aurum,
1016 1896 1093 1924 nec
1108 1881 1346 1924 secundum
1361 1881 1672 1940 complexionis
1691 1880 2043 1935 similitudinem,
2061 1885 2110 1922 ut
2134 1885 2219 1922 tres
2238 1879 2314 1922 ho-

186 1958 328 2001 mines
348 1958 481 2002 unius
499 1964 685 2015 naturae,
708 1974 787 2002 nec
808 1964 856 2002 ut
875 1974 1014 2016 genus
1034 1959 1294 2017 praedicatur
1311 1959 1364 2002 de
1384 1958 1622 2017 speciebus,
1642 1958 1711 2002 vel
1733 1965 1781 2000 ut
1802 1957 1961 2016 species
1980 1957 2032 2000 de
2053 1956 2311 2012 individuis,

186 2033 230 2076 id
247 2039 324 2090 est,
347 2035 573 2080 continens
591 2036 644 2080 de
662 2037 890 2092 contentis,
919 2036 1059 2095 majus
1092 2036 1143 2080 de
1165 2035 1425 2079 minoribus.

246 2112 325 2156 His
357 2118 503 2157 autem
527 2114 734 2158 videntur
763 2115 981 2158 adversari
1014 2129 1112 2173 quae
1141 2114 1321 2172 quidam
1349 2128 1478 2156 sacrae
1507 2112 1745 2172 Scripturae
1768 2118 2016 2156 tractatores
2050 2112 2249 2156 catholici
2267 2112 2310 2154 in
2346 2125 2473 2157 011311-

187 2190 276 2234 suis
295 2190 464 2250 scriptis
483 2191 770 2247 tradiderunt,
794 2192 839 2234 in
860 2192 1021 2250 quibus
1040 2191 1284 2248 significare
1304 2191 1510 2234 videntur
1529 2190 1647 2250 quod
1667 2190 1850 2234 essentia
1872 2190 2023 2233 divina
2039 2190 2090 2233 sit
2104 2189 2312 2248 quiddam
2334 2168 2475 2235 ᾶᾶἰῗέιὲᾞῑ

186 2283 419 2312 commune
450 2274 493 2312 et
520 2269 765 2314 universale
781 2304 791 2324 ,
816 2269 937 2312 velut
963 2269 1145 2328 species;
1168 2275 1254 2311 1105
1285 2283 1385 2312 νο10
1407 2282 1602 2327 personae
1621 2269 1708 2310 sint
1727 2267 1810 2310 tria
1829 2267 2126 2326 particularia,
2147 2267 2231 2310 tria
2250 2266 2317 2309 in-
2336 2250 2477 2285 ¹³raed¹⁰¹¹⁵

188 2345 369 2389 dividua
387 2361 571 2390 numero
592 2346 851 2390 differentia.
882 2346 1010 2389 Unde
1038 2345 1229 2389 Joanues
1260 2346 1550 2389 Damascenus
1566 2381 1576 2401 ,
1597 2346 1711 2389 inter
1731 2345 1924 2388 doctores
1950 2344 2205 2388 Graecorum
2228 2360 2316 2387 ma-

189 2423 352 2479 ximus,
385 2423 432 2466 111
451 2423 564 2467 libro
595 2439 726 2483 quem
747 2424 799 2466 de
829 2423 1048 2466 Trinitate
1070 2423 1264 2482 scripsit,
1295 2438 1427 2482 quem
1453 2429 1496 2466 et
1531 2423 1649 2482 Papa
1678 2422 1902 2479 Eugenius
1934 2422 2159 2465 transferri
2196 2422 2314 2475 fecit,

191 2500 250 2543 ait
271 2504 316 2544 ³:
352 2518 374 2542 «
402 2500 665 2544 Communia
702 2505 742 2543 et
777 2500 1042 2543 universalia
1071 2500 1364 2558 praedicantur
1394 2501 1446 2543 de
1477 2499 1681 2558 subjectis
1714 2499 1796 2542 sibi
1826 2499 1930 2558 ipsis
1962 2499 2312 2558 particularibus.

191 2577 434 2621 Commune
454 2592 557 2635 ergo
578 2577 819 2621 substantia
838 2583 915 2632 est,
938 2577 1206 2636 particulare
1226 2592 1328 2620 vero
1350 2577 1593 2636 hypostasis
1617 2611 1628 2632 ,
1650 2576 1694 2620 id
1716 2582 1792 2630 est,
1823 2592 2023 2635 persona.
2047 2576 2316 2619 Particulare

192 2659 338 2698 autem
358 2654 534 2709 dicitur,
558 2669 647 2698 non
671 2654 789 2713 quod
822 2659 989 2713 partem
1020 2659 1191 2698 naturae
1210 2654 1339 2698 hahet
1360 2671 1370 2709 ;
1397 2655 1469 2697 sed
1490 2654 1749 2713 particulare
1770 2669 1972 2708 numero,
1996 2658 2044 2696 ut
2063 2659 2249 2707 atomus,
2272 2652 2315 2695 id

194 2737 278 2788 est,
299 2731 598 2776 individuum.
636 2731 830 2775 Numero
865 2731 984 2774 enim
1003 2766 1013 2786 ,
1050 2746 1140 2775 non
1174 2737 1353 2787 natura,
1376 2731 1551 2775 differre
1579 2732 1784 2775 videntur
1803 2731 2070 2790 hypostases.
2099 2747 2120 2769 ›)
2144 2730 2252 2773 Item
2271 2729 2317 2772 in

195 2809 345 2853 eodem
365 2808 379 2829 ¹*
401 2825 409 2852 :
437 2809 728 2853 «Substantia
758 2808 975 2865 significat
1006 2823 1286 2852 communem
1319 2814 1360 2852 et
1383 2808 1779 2868 circumplectivam
1816 2805 2002 2866 speciem
2036 2807 2315 2861 homoideon,

194 2885 240 2929 id
259 2891 338 2942 est,
359 2886 572 2930 similium
592 2885 746 2945 specie,
770 2885 1076 2944 hypostaseon,
1092 2886 1135 2929 id
1151 2892 1230 2940 est,
1250 2901 1551 2945 personarum,
1572 2891 1729 2945 utputa
1748 2886 1879 2941 Deus,
1902 2885 2054 2934 homo;
2078 2884 2320 2943 hypostasis

196 2968 343 3006 autem
361 2963 643 3007 individuum
664 2962 946 3016 demonstrat,
972 2962 1016 3006 id
1035 2969 1113 3019 est,
1135 2963 1328 3019 Patrem,
1351 2963 1539 3019 Filium,
1563 2969 1604 3007 et
1627 2963 1841 3022 Spiritum
1873 2967 2092 3016 sanctum3
2114 2962 2314 3017 Petrum,

198 3039 412 3096 Paulum,
443 3045 485 3083 et
513 3040 782 3099 hujusmodi.
809 3057 828 3079 >1
854 3040 959 3083 Ecce
997 3046 1142 3099 aperte
1174 3040 1278 3084 dicit
1302 3041 1588 3084 substantiam
1620 3055 1709 3084 esse
1747 3039 2013 3094 universale,
2051 3038 2316 3097 hypostasim

197 3131 299 3160 vero
319 3117 600 3176 particulare3
623 3123 664 3161 et
683 3116 801 3176 quod
829 3117 945 3160 Deus
977 3123 1040 3161 est
1065 3118 1225 3177 species
1250 3123 1300 3161 ut
1332 3118 1482 3173 homo;
1507 3123 1548 3161 et
1567 3117 1683 3176 quod
1709 3117 1853 3172 Pater,
1877 3122 1917 3160 et
1937 3116 2094 3171 Filius,
2117 3121 2159 3160 et
2178 3116 2317 3175 Spiri-

197 3199 268 3237 tus
286 3199 458 3238 sanctus
489 3200 591 3238 sunt
616 3194 871 3249 individua,
894 3194 1004 3238 sicut
1023 3195 1180 3239 Petrus
1213 3200 1254 3238 et
1284 3195 1472 3251 Paulus,
1501 3210 1550 3239 eo
1581 3194 1698 3254 quod
1731 3208 1916 3238 numero
1951 3193 2158 3237 differunt
2187 3209 2196 3236 :
2221 3208 2318 3252 (111εο

197 3271 433 3330 praemissae
465 3272 693 3316 sententiae
722 3271 962 3329 Augustini
990 3273 1163 3331 penitus
1199 3272 1489 3317 contradicere
1520 3271 1738 3315 videntur.
1774 3271 1890 3324 Quid
1924 3287 2026 3329 ergo
2056 3271 2239 3315 dicimus
2265 3270 2318 3314 ad

200 3347 321 3392 haec‘?
342 3348 434 3392 Hoc
464 3349 619 3408 utique
649 3349 790 3393 dicere
819 3363 1050 3408 possumus
1082 3355 1213 3409 atque
1245 3349 1479 3404 dehemus,
1503 3348 1621 3408 quod
1641 3363 1691 3392 ea
1711 3363 1810 3407 quae
1837 3349 2115 3407 Augustinus
2143 3347 2319 3391 tradidit

199 3425 417 3483 superius,
436 3425 529 3469 sine
547 3426 668 3470 omni
686 3426 960 3470 haesitatione
980 3426 1172 3470 tenenda
1191 3432 1311 3470 sunt.

245 3526 426 3604 ¹5AllggJSt⁹
445 3526 485 3557 de
505 3527 638 3566 Trinit„
665 3527 725 3559 lib.
750 3527 824 3567 VII,
849 3537 879 3559 c.
904 3535 955 3567 VI,
978 3536 1012 3558 n.
1032 3529 1085 3558 11.
1101 3545 1142 3551 —
1159 3527 1326 3560 2Ibz'd.—
1341 3527 1451 3558 3Joau
1472 3528 1686 3567 Damascen.,
1712 3526 1770 3558 lib.
1799 3527 1857 3567 111,
1877 3526 1916 3558 da
1940 3526 2074 3558 Orthocl.
2105 3526 2180 3557 Fid.
2211 3535 2240 3558 c.
2270 3532 2315 3558 v1.

200 3589 243 3595 -
324 3582 333 3604 1
361 3595 385 3613 .,
405 3582 436 3605 c.
460 3580 505 3604 1v.
