2570 3986
1085 275 1351 316 DlATRIBA.
2176 293 2280 326 xxm

163 367 239 409 ubi
267 379 367 407 cum
385 367 600 408 consultus
619 367 750 415 esset,
776 364 871 417 quis
890 364 1131 417 praesertim
1152 365 1262 406 inter
1283 368 1440 406 ceteros
1459 365 1653 406 Doctores
1671 366 1898 417 emineret,
1919 368 2134 419 respondit
2156 383 2175 407 «
2191 370 2281 410 sine

161 437 432 492 praejudicio‚
461 437 572 490 quod
592 436 638 476 D.
661 434 984 486 Bonaventura;
1013 437 1217 488 quoniam
1246 438 1291 477 in
1320 437 1504 477 docendo
1534 437 1690 477 solidus
1715 441 1800 487 est,
1831 439 1872 477 et
1894 450 2093 489 securus,
2125 439 2218 491 pius
2243 443 2283 481 et

156 511 297 562 Justus
316 512 356 549 et
377 510 565 561 devotus.
588 506 795 547 Praeterea
818 507 973 547 recedit
992 521 1016 546 a
1036 507 1275 548 curiositate
1291 540 1301 552 .
1325 510 1531 560 quantum
1554 510 1711 560 potest,
1736 520 1820 548 non
1845 508 2088 548 immiscens
2113 511 2282 562 positio-

159 592 234 621 nes
253 583 474 621 extraneas
489 610 499 626 ,
526 578 595 618 vel
619 578 828 618 doctrinas
857 577 1064 618 seculares
1083 610 1093 627 ,
1120 578 1354 618 dialecticas
1380 582 1452 618 aut
1476 579 1670 631 physicas
1685 610 1694 627 ‚
1723 579 1913 618 terminis
1933 579 2182 632 theologicis
2203 581 2282 621 ob-

159 652 375 692 umbratas
395 662 510 690 more
536 649 770 688 multorum
789 679 799 696 ,
822 649 893 688 sed
914 648 1017 688 dnm
1039 649 1177 689 studet
1202 649 1502 689 illuminationi
1522 650 1776 699 intellectus7
1805 652 1943 689 totum
1963 650 2092 690 refert
2117 651 2165 691 ad
2192 652 2280 704 pie-

158 725 287 763 tatem
305 725 346 763 et
369 720 684 772 religiositatem
704 719 892 759 affectus
928 718 1044 759 Unde
1075 721 1235 760 factum
1261 723 1344 771 est,
1374 723 1421 761 ut
1440 721 1491 760 ab
1520 721 1727 760 indevotis
1759 720 2013 760 scholasticis
2030 753 2040 771 ‚
2066 734 2251 774 quorum
2268 756 2278 774 ,

157 793 265 847 proh
284 792 426 834 dolori
449 793 584 844 major
609 793 670 831 est
696 802 927 839 numerus,
958 791 1046 843 ipse
1073 791 1216 831 minus
1236 792 1421 832 extiterit
1446 792 1758 844 frequentatus,
1782 804 1880 831 cnm
1905 795 2048 832 tamen
2068 793 2185 833 nulla
2206 806 2281 834 su-

157 863 345 914 blimior,
367 862 485 902 nulla
508 862 705 912 divinior,
733 861 851 901 nulla
873 861 1084 901 salubrior
1106 865 1231 914 atque
1252 862 1424 902 suavior
1451 874 1526 914 pro
1546 862 1755 913 theologis
1779 863 1831 902 sit
1850 863 2052 903 doctrina.
2075 878 2094 900 ›)
2119 863 2282 913 Quibus

157 935 277 976 valde
294 933 477 974 finitima
494 935 592 973 sunt
611 945 681 982 ea,
702 944 799 985 quae
819 931 860 973 S.
881 932 1124 972 Antoninus
1145 933 1318 985 reliquit
1337 933 1489 985 scripta
1507 946 1516 973 ε
1543 949 1561 971 α
1579 933 1878 973 Bonaventura
1895 966 1905 984 ,
1924 935 2068 986 inquit
2080 967 2091 985 ,
2114 935 2221 975 sicut
2238 935 2282 975 in

155 1005 390 1047 luminibus
416 1004 687 1044 scientiarum
704 1036 715 1054 ,
744 1007 784 1044 et
810 1004 996 1044 maxime
1023 1004 1067 1044 in
1094 1003 1322 1057 Scripturis
1342 1004 1495 1044 sanctis
1515 1004 1738 1044 videbatur
1763 1005 1874 1045 mira
1900 1006 2127 1057 capacitate
2153 1007 2283 1059 profi-

155 1088 248 1117 cere
269 1092 277 1117 ι
303 1076 362 1116 ita
380 1075 426 1115 in
449 1075 683 1116 devotionis
703 1074 841 1126 gratia
863 1075 1111 1115 continuum
1134 1076 1326 1116 sumebat
1347 1076 1496 1127 gratia}
1519 1075 1845 1116 incrementum.
1870 1075 2087 1129 Siquidem
2110 1089 2282 1118 omnem

155 1147 398 1195 veritatem,
427 1158 557 1200 quam
580 1145 838 1199 percipiebat
863 1146 1078 1186 intellectu
1094 1179 1104 1197 ,
1131 1147 1182 1187 ad
1206 1147 1386 1187 formam
1410 1146 1612 1187 orationis
1638 1150 1677 1187 et
1702 1147 1954 1187 laudationis
1978 1148 2132 1189 divina}
2154 1149 2283 1189 redu-

155 1231 251 1260 cens
270 1218 470 1259 continuo
491 1217 734 1257 ruminabat
755 1218 906 1258 affectu
914 1248 995 1258 .....
1018 1217 1259 1259 Intellectus
1280 1219 1371 1270 ejus
1393 1218 1693 1270 perspicaciam
1714 1218 1859 1258 omnia
1879 1219 2082 1271 opuscula
2101 1220 2195 1272 ejus
2212 1232 2284 1260 re-

154 1290 297 1331 dolent
312 1290 379 1330 bis
398 1289 469 1342 qui
493 1289 679 1330 divinam
703 1288 920 1329 scientiam
940 1289 1230 1341 requirentes,
1257 1291 1368 1330 hanc
1392 1290 1590 1329 libentius
1608 1322 1617 1338 ‚
1648 1302 1776 1342 quam
1798 1290 2029 1330 vanitatem
2049 1291 2285 1331 Aristoteli-

154 1373 248 1402 cam
278 1361 582 1402 venerantur¹.
604 1374 622 1397 ))
654 1359 917 1413 Quapropter
940 1362 1038 1413 Jure
1056 1393 1066 1411 ,
1100 1364 1226 1413 atque
1259 1362 1408 1401 merito
1437 1360 1597 1411 Sixtus⁷
1616 1361 1747 1413 hujus
1769 1361 1955 1401 nominis
1984 1361 2052 1410 lv,
2075 1362 2161 1402 ait2
2184 1376 2193 1402 ε
2215 1364 2256 1403 E
2258 1374 2285 1404 a

153 1443 333 1486 namque
353 1433 395 1473 S.
420 1433 716 1478 Beneventum
742 1431 793 1473 cle
821 1431 988 1473 (livinis
1011 1432 1133 1473 rebus
1155 1433 1352 1484 scripsit,
1384 1435 1431 1473 ut
1458 1433 1506 1473 tn
1534 1443 1577 1473 ec
1609 1431 1798 1483 Spiritus
1827 1432 2009 1474 Sanctus
2029 1433 2191 1475 locutus
2213 1435 2284 1475 vt·-

153 1504 321 1546 deatur.
355 1503 457 1553 Quae
486 1515 588 1544 cave
617 1503 820 1555 accipias⁷
852 1503 972 1556 quasi
1000 1503 1168 1552 omnia7
1206 1515 1302 1555 quae
1333 1503 1498 1555 scripsit
1528 1502 1849 1554 Bonaventura,
1885 1504 2056 1556 perinde
2087 1505 2281 1545 habenda

153 1576 262 1625 sint,
281 1588 329 1616 ac
347 1575 521 1615 totidem
541 1574 844 1627 prophetarum
863 1574 1046 1614 oracula.
1076 1589 1094 1612 α
1118 1574 1206 1614 Hoc
1229 1574 1359 1623 enim,
1383 1574 1489 1615 alter
1508 1575 1660 1615 Simus
1686 1575 1945 1617 Vsubnecttt
1961 1578 1989 1624 3,
2011 1575 2056 1614 in
2078 1574 2119 1616 S.
2142 1575 2283 1616 Bona-

152 1650 334 1688 ventura
356 1646 626 1699 praecipuum
647 1648 687 1685 et
709 1645 926 1696 singulare
941 1677 952 1696 ,
977 1648 1024 1685 ut
1047 1658 1135 1685 non
1156 1646 1295 1685 solum
1317 1646 1647 1698 argumentandi
1671 1646 1899 1686 subtilitate
1916 1679 1926 1697 ,
1953 1647 2131 1687 docendi
2151 1648 2284 1687 taciti-

152 1721 235 1759 tate
251 1750 261 1770 ‚
291 1716 517 1758 definiendi
543 1716 711 1757 solertia
730 1719 974 1769 praestaret,
1003 1716 1075 1756 sed
1095 1716 1240 1756 divina
1262 1717 1446 1768 quadam
1466 1717 1632 1757 animos
1660 1718 1940 1770 promovendi
1960 1718 2004 1758 vi
2024 1719 2254 1759 excelleret
2272 1733 2280 1759 :

152 1790 212 1830 sic
232 1789 347 1830 enim
367 1788 587 1829 scribendo
608 1799 706 1828 cum
728 1799 897 1827 sumnia
917 1787 1154 1828 eruditione
1175 1800 1321 1840 parem
1342 1788 1507 1841 pietatis
1526 1788 1722 1828 ardorem
1739 1790 1994 1841 0011Jung'1t‚
2020 1792 2068 1830 ut
2085 1789 2284 1830 lectorem

154 1860 342 1902 docendo
365 1861 560 1908 moveat,
584 1861 624 1899 et
642 1859 687 1899 in
706 1858 878 1898 intimos
900 1858 1031 1898 animi
1054 1871 1244 1899 recessus
1265 1860 1478 1911 illabatur,
1501 1873 1549 1900 ac
1570 1860 1753 1913 denique
1778 1860 2004 1914 serapliicis
2029 1861 2284 1913 quibusdam

155 1932 313 1974 aculeis
348 1943 419 1972 cor
448 1932 736 1983 compungat,
758 1933 800 1970 et
820 1930 932 1970 mira
954 1930 1193 1971 devotionis
1221 1932 1439 1972 dulcedine
1466 1932 1691 1985 perfundat
1715 1947 1723 1972 :
1751 1945 1884 1984 qnam
1907 1945 2008 1972 sane
2037 1933 2220 1985 gratiam
2241 1933 2285 1973 in

151 2004 284 2057 ipsius
302 2015 374 2044 ore
399 2004 440 2043 et
455 2001 616 2042 calamo
643 2001 842 2042 diffusam
863 2002 1077 2042 admirans
1100 2001 1385 2044 Praedecessor
1411 2006 1551 2044 noster
1569 2002 1714 2044 Sixtus
1747 2003 1798 2044 IV
1828 2002 1871 2043 P.
1894 2004 1996 2044 illud
2032 2004 2168 2045 dicere
2198 2017 2285 2045 non

151 2075 385 2125 dubitavit,
408 2073 613 2127 Spiritum
633 2077 828 2113 sanctum
848 2073 893 2114 in
915 2087 964 2115 eo
987 2075 1177 2116 locutum
1199 2075 1349 2116 videri.
1373 2090 1391 2112 »

203 2148 342 2200 Atque
358 2146 425 2186 bae
439 2148 551 2186 notae
567 2147 666 2184 sunt
685 2145 855 2197 optimae
869 2178 879 2196 ‚
902 2146 1161 2198 quibuscum
1185 2159 1435 2199 germanam
1454 2146 1498 2187 S.
1518 2146 1705 2187 Doctoris
1722 2148 1910 2186 mentem
1926 2146 2175 2197 dignoscere
2192 2158 2284 2199 pos-

150 2219 311 2260 simus:
333 2229 430 2271 quae
452 2217 486 2257 si
505 2216 642 2257 desint
657 2249 668 2267 ,
695 2218 911 2270 supposita
934 2222 1059 2259 erunt
1077 2218 1391 2260 Bonaventurae
1414 2218 1637 2271 Opnscula.
1660 2217 1766 2258 Hinc
1786 2231 1810 2257 a
1829 2218 2068 2270 suspicione
2093 2218 2286 2259 salsitatis

151 2289 301 2344 procul
320 2292 444 2329 erunt
462 2301 525 2339 ea,
541 2300 727 2341 quorum
743 2288 941 2331 doctrina
958 2290 1205 2342 inflammat
1222 2290 1418 2344 affectum
1439 2294 1475 2331 et
1493 2289 1638 2331 crudit
1654 2289 1906 2331 intellectum
1923 2321 1934 2340 ‚
1952 2289 2113 2332 reducit
2135 2293 2173 2331 ct
2186 2291 2288 2335 unit

151 2362 210 2404 ad
225 2362 443 2413 Dettmper
456 2371 639 2402 amorem
656 2362 892 2402 extaticum
909 2375 918 2411 3
938 2361 1009 2401 illa
1028 2374 1128 2402 vero
1148 2362 1413 2414 supposititia
1428 2361 1619 2401 habenda
1637 2363 1777 2410 erunt,
1798 2372 1985 2412 quorum
2007 2361 2195 2401 doctrina
2221 2362 2287 2403 dt-

152 2434 318 2475 vart'cat
337 2438 374 2475 et
392 2432 601 2485 disperqtt
622 2433 875 2474 intellectum
896 2443 972 2484 per
992 2435 1267 2484 praecisiones
1284 2465 1295 2482 ‚
1316 2434 1585 2486 prioritates,
1613 2437 1650 2474 et
1666 2433 2018 2484 postci‘t‘crt'tcttes,
2042 2436 2078 2474 et
2102 2434 2232 2486 signa
2250 2438 2287 2476 ct

153 2504 444 2558 continqentt'a
459 2502 487 2543 ¹⁰.
510 2503 575 2542 Ab
595 2503 674 2542 hac
692 2507 838 2543 autem
859 2504 1011 2555 regula
1026 2504 1152 2556 longe
1173 2505 1357 2546 discessit
1377 2505 1590 2551 Ondfflus,
1613 2504 1687 2556 qui
1708 2515 1808 2543 cuin
1831 2504 1993 2544 malum
2019 2504 2213 2545 animum
2234 2506 2287 2545 ad

153 2576 306 2629 scripta
324 2574 634 2616 Bonaventurae
653 2575 842 2624 tulisset,
864 2578 1022 2616 temere
1041 2577 1272 2629 judicavit,
1295 2589 1342 2616 ac
1364 2577 1515 2616 falsum
1536 2576 1613 2616 sibi
1638 2575 1898 2628 principium
1920 2577 2156 2627 constituit,
2180 2589 2286 2629 quo-

154 2659 252 2688 cum
274 2648 366 2700 ejus
389 2646 522 2699 Opera
542 2658 763 2699 perperam
785 2646 1083 2698 distingueret.
1109 2647 1146 2687 Is
1171 2660 1270 2688 cum
1293 2650 1435 2700 gesta,
1461 2651 1502 2688 et
1521 2648 1674 2700 scripta
1700 2646 1741 2687 S.
1765 2646 1940 2687 Thomas
1967 2647 2190 2700 Aquinatis
2210 2661 2288 2689 ex-

153 2719 353 2772 penderet
363 2719 389 2768 ⁵,
411 2718 614 2758 theonino
631 2718 754 2759 dente
769 2749 779 2768 ⁷
804 2721 852 2758 ut
867 2718 1038 2769 dicitur,
1060 2719 1166 2758 tanti
1182 2719 1263 2760 viri
1280 2720 1516 2760 doctrinam
1537 2719 1669 2770 rodit,
1689 2731 1871 2771 eamque
1892 2719 1998 2758 fictis
2011 2751 2020 2767 ,
2042 2722 2082 2759 et
2101 2719 2289 2760 ridiculis

154 2789 491 2831 accusationibus
511 2788 671 2840 affecit,
695 2791 743 2829 ut
764 2789 807 2829 in
830 2789 1193 2842 vituperationem
1215 2791 1445 2831 vocaverit.
1476 2790 1579 2840 Quae
1613 2790 1664 2830 de
1694 2790 1918 2842 Aquinatis
1943 2790 2134 2830 doctrina
2162 2791 2288 2831 stulte

154 2861 447 2915 pronuntiavit
464 2893 474 2911 ‚
503 2861 649 2901 eadem
666 2873 839 2913 prorsus
856 2861 906 2902 de
923 2861 1223 2903 Bonaventura
1242 2862 1348 2902 dixit
1362 2894 1371 2911 ‚
1395 2866 1523 2915 atque
1543 2874 1628 2902 uno
1647 2861 1884 2914 eodemque
1904 2861 2033 2902 ariete
2053 2863 2289 2914 utrumque

155 2932 373 2974 Doctorem
397 2932 614 2986 percussit.
647 2930 727 2972 Sed
749 2935 797 2972 ut
823 2932 1062 2986 insipientis
1090 2933 1298 2986 ipsissima
1324 2934 1454 2974 verba
1480 2933 1663 2984 babeaS,
1696 2944 1836 2985 operae
1864 2932 2048 2985 pretium
2072 2935 2130 2972 est
2154 2932 2286 2974 Oudi-

88 3051 91 3053 ,
156 3016 262 3044 num
283 3004 588 3044 transcribere:
616 3018 635 3041 (ι
659 3002 863 3052 Quamvis
883 3005 1026 3044 autem
1041 3036 1051 3054 ,
1072 3005 1238 3057 inquit,
1260 3004 1470 3045 Pontificii
1490 3005 1708 3045 innumeri
1732 3004 1773 3045 S.
1797 3004 2006 3044 Thomam
2030 3003 2287 3056 Aquinatem

157 3075 210 3115 ob
233 3075 468 3116 doctrinam
496 3073 709 3115 laudarint
723 3105 734 3122 ‚
765 3076 909 3115 tamen
930 3075 1045 3127 apud
1066 3076 1183 3116 viros
1202 3076 1373 3116 narium
1395 3079 1693 3116 emunctarum
1711 3107 1721 3123 ,
1750 3075 1819 3115 vel
1841 3075 2030 3126 nullam,
2061 3075 2129 3116 vel
2149 3075 2287 3115 modi-

158 3157 251 3186 cam
269 3146 552 3186 eruditionem
573 3158 627 3186 ex
650 3146 827 3187 lectione
849 3159 1029 3199 operum
1050 3149 1143 3200 ejus
1161 3147 1325 3187 hauriri
1348 3148 1546 3188 creditur.
1579 3146 1686 3187 Nam
1708 3146 1999 3187 scholasticam
2023 3147 2228 3187 trutinam
2248 3150 2308 3187 et.

160 3217 451 3268 garrulitatem
470 3218 642 3258 unicam
661 3218 842 3269 sciebat,
868 3218 948 3258 bac
969 3221 1092 3259 aetate
1115 3220 1315 3259 omnibus
1331 3218 1588 3259 scholasticis
1608 3229 1882 3258 communem
1905 3221 1945 3258 et
1964 3218 2141 3258 facilem.
2170 3217 2286 3258 Unde

160 3288 326 3329 nullum
348 3288 481 3342 ipsius
506 3289 585 3329 hac
606 3290 653 3329 in
674 3292 791 3342 parte
814 3290 1015 3330 meritum
1033 3290 1208 3342 agnosci
1233 3292 1396 3343 potest,
1421 3302 1522 3331 cum
1544 3292 1646 3329 tunc
1672 3289 1875 3342 temporis
1896 3288 2137 3329 tonsoribus
2160 3288 2285 3329 etiam

209 3401 218 3422 ¹
234 3401 272 3432 ln
289 3402 424 3433 Summa
445 3403 548 3441 Hz'st„
566 3402 616 3433 tit.
634 3403 754 3443 XXIV,
776 3412 806 3433 c.
822 3411 898 3434 vm.

204 3447 218 3468 ²
234 3448 269 3478 ln
290 3448 485 3489 Diplomate,
502 3459 569 3490 quo
590 3450 779 3480 Bonavent.
803 3452 1006 3482 Sanctorum
1022 3450 1099 3482 albo
1119 3449 1310 3490 adscripsit.

205 3494 217 3513 ³
234 3494 272 3525 ln
293 3495 461 3526 Decretalc'
477 3497 551 3538 jam
579 3497 619 3527 de
638 3505 731 3528 novo
752 3497 853 3528 edita.

204 3541 218 3562 b
231 3541 324 3572 idem
345 3542 448 3574 Gerso
467 3543 503 3574 in
522 3544 632 3584 Epist.
647 3543 687 3574 de
707 3544 798 3576 laud.
821 3545 856 3575 S.
871 3546 1066 3583 Bonavent.,
1086 3547 1170 3576 tom.
1187 3545 1222 3584 Ι,
1242 3544 1308 3575 001.
1325 3546 1396 3575 119.

205 3589 325 3622 ¹³Tom.
344 3589 409 3630 111,
432 3590 471 3622 de
489 3591 651 3632 Scriptor.
671 3591 795 3624 Eccles.
812 3593 934 3634 antiq„
956 3593 1020 3625 col.
1037 3594 1109 3624 256.
