2613 3990
1001 193 1248 235 DISTINCT.
1279 192 1436 234 XXXII.
2206 198 2248 235 51
2265 199 2277 235 t

227 285 330 328 Post
349 285 438 329 haec
457 301 482 328 a
500 284 762 344 quibusdam
781 283 888 327 solet
906 282 1061 341 quaeri,
1085 288 1234 324 utrum
1255 297 1343 325 una
1362 287 1530 324 tantum
1550 280 1604 323 sit
1623 281 1832 339 sapientia
1862 282 2018 326 Patris.
2048 284 2171 336 Quod
2194 299 2278 327 non
2330 296 2373 322 An
2387 304 2441 322 una

169 376 273 418 esse,
299 362 505 405 nituntur
530 362 711 421 probare
737 361 816 403 hoc
844 359 971 402 modo
996 375 1004 400 :
1033 377 1052 400 «
1073 359 1239 413 Filius,
1261 358 1496 417 inquiunt,
1519 363 1580 400 est
1610 357 1819 416 sapientia
1843 358 1984 401 Patris
2014 361 2173 416 genita,
2195 377 2282 420 qua
2321 340 2426 404 1111111111

167 438 296 481 Pater
316 439 485 498 sapiens
505 454 592 482 non
613 444 674 481 est
697 454 705 480 z
730 443 791 480 est
809 437 944 493 igitur
963 435 1109 494 aliqua
1129 435 1338 493 sapientia
1357 435 1514 489 Patris,
1541 451 1628 493 qua
1647 435 1816 493 sapiens
1836 450 1922 478 non
1944 441 2020 478 est.
2044 437 2115 479 Est
2137 443 2280 480 autem
2317 420 2422 486 'iffi-{¹3³

168 520 210 558 et
229 516 439 574 sapientia
458 515 599 558 Patris
619 514 839 571 ingenita,
863 517 903 555 et
923 528 972 555 ea
992 513 1119 555 Pater
1139 512 1306 570 sapiens
1326 518 1402 554 est.
1426 513 1499 554 Est
1525 527 1626 568 ergo
1660 513 1858 571 quaedam
1889 512 2098 570 sapientia
2124 513 2279 568 Patris,

168 608 256 651 qua
276 593 447 652 sapiens
467 597 528 635 est
546 598 609 635 :et
628 592 720 650 ipsa
739 605 827 633 non
848 594 910 632 est
930 589 1006 632 illa
1026 589 1240 647 sapientia
1260 589 1417 643 Patris,
1443 604 1531 646 qua
1550 589 1679 632 Pater
1699 589 1868 648 sapiens
1888 605 1976 633 non
1994 594 2056 632 est
2082 606 2091 632 :
2114 605 2200 633 non
2221 596 2283 633 est

169 684 270 726 ergo
290 685 381 713 una
399 674 568 712 tantum
590 667 800 726 sapientia
819 666 975 709 Patris.
998 667 1104 709 Item
1129 666 1338 724 sapientia
1357 666 1552 723 ingenita
1568 672 1629 708 θεῖ
1649 666 1863 724 sapientia
1879 666 2040 721 Patris;
2058 671 2098 709 et
2117 667 2284 725 sapien-

168 746 228 789 tia
248 746 396 803 genita
415 752 476 790 est
497 745 708 804 sapientia
726 743 868 786 Patris
891 761 900 786 ;
924 759 1012 787 11011
1033 749 1094 786 θεῖ
1119 749 1264 786 auten]
1296 743 1506 800 sapientia
1532 743 1744 800 ingenita,
1766 743 1975 801 sapientia
1994 744 2139 800 genita
2163 759 2172 785 ;
2196 759 2280 786 non

169 828 231 866 est
261 823 396 881 igitur
430 839 519 867 una
548 829 720 865 tantum
753 821 895 864 Patris
922 820 1145 880 sapientia.
1169 838 1190 861 >³
1215 820 1318 863 Haec
1339 825 1382 862 et
1401 820 1468 863 his
1487 819 1674 875 similia,
1698 826 1907 879 tanquam
1936 820 2166 879 sophistica
2192 825 2233 862 et
2260 835 2286 862 a

167 899 346 943 veritate
370 901 634 958 longinqua,
664 899 916 957 cunctisque
950 898 995 940 in
1023 897 1239 954 theologia
1271 897 1418 955 peritis
1444 897 1634 956 patentia
1653 897 1896 955 abjicimus,
1920 912 2122 956 responso
2145 897 2198 955 (a)
2224 897 2285 940 in-

167 976 301 1034 digna
319 978 590 1020 advertentes
613 992 621 1018 :
645 976 690 1019 id
719 982 865 1019 tamen
893 975 1160 1034 adjicientes,
1184 973 1287 1033 quia
1320 990 1410 1018 una
1429 979 1491 1017 est
1510 979 1680 1017 tantum
1701 974 1911 1033 sapientia
1928 974 2084 1028 Patris,
2107 974 2177 1016 sed
2199 989 2286 1017 non

167 1068 257 1097 uno
284 1054 413 1098 modo
440 1053 614 1096 dicitur.
640 1053 751 1096 Nam
783 1053 994 1112 sapientia
1022 1052 1163 1095 Patris
1183 1053 1342 1095 dicitur
1372 1052 1450 1095 illa
1480 1067 1613 1111 quam
1640 1051 1812 1108 genuit,
1837 1057 1878 1094 et
1910 1051 2120 1109 sapientia
2147 1051 2288 1093 Putris

168 1131 329 1175 dicitur
355 1147 405 1175 ea
435 1146 524 1189 qua
559 1130 731 1190 sapiens
754 1135 816 1173 est
841 1147 849 1172 ε
873 1130 1044 1173 diversa
1070 1135 1132 1173 est
1156 1145 1258 1186 ergo
1278 1130 1387 1173 ratio
1408 1129 1526 1172 dicti.
1557 1129 1638 1171 Illa
1660 1128 1775 1171 enirn
1803 1128 1962 1171 dicitur
1990 1128 2131 1171 Patris
2151 1163 2161 1182 ‚
2184 1128 2288 1186 quia

168 1223 264 1252 eam
283 1207 461 1266 genuit3
486 1213 527 1250 et
547 1223 596 1251 ea
616 1207 774 1251 dicitur
794 1207 1004 1266 sapientia
1023 1207 1178 1262 Patris,
1193 1207 1296 1266 quia
1314 1223 1363 1250 ea
1386 1207 1509 1264 sapit.
1528 1206 1626 1249 'Una
1649 1212 1711 1249 est
1732 1211 1877 1249 tamen
1898 1205 2107 1264 sapientia
2126 1205 2284 1258 Patris,

168 1285 271 1344 quia
284 1285 494 1343 sapientia
509 1285 656 1342 genita
672 1290 733 1328 est
745 1285 892 1328 eadem
909 1284 1136 1343 sapientia,
1153 1290 1194 1327 et
1208 1300 1256 1327 ea
1271 1300 1359 1343 qua
1372 1284 1542 1343 sapiens
1561 1290 1623 1328 est
1643 1301 1652 1326 ε
1674 1284 1760 1328 sive
1775 1299 1825 1327 ea
1837 1299 1925 1342 qua
1942 1283 2110 1341 sapiens
2130 1290 2207 1337 est,
2222 1283 2288 1325 in-

167 1362 392 1420 telligatur
406 1377 590 1423 persona
609 1362 766 1416 Patris,
784 1362 874 1405 sive
893 1362 1075 1405 essentia
1101 1362 1243 1405 Patris
1267 1378 1275 1403 :
1299 1362 1404 1420 quia
1417 1377 1599 1421 persona
1617 1362 1775 1416 Patris,
1799 1376 1897 1420 quae
1912 1360 2172 1417 intelligitur
2186 1374 2286 1402 cum

167 1439 327 1483 dicitur
345 1440 565 1499 sapientia
580 1439 794 1498 inqenita,
812 1444 853 1483 et
870 1454 1053 1498 persona
1066 1439 1184 1493 Filii,
1200 1454 1298 1498 quae
1309 1439 1581 1496 significatur
1596 1454 1696 1482 cuni
1709 1439 1868 1482 dicitur
1880 1437 2101 1497 sapientia
2121 1438 2284 1496 qenita,

167 1532 257 1560 una
276 1516 514 1575 eademque
531 1517 741 1576 sapientia
761 1522 823 1560 est
841 1551 850 1571 ,
874 1532 973 1575 quae
994 1516 1176 1559 essentia
1195 1516 1346 1560 divina
1363 1516 1624 1573 intelligitur
1649 1515 1893 1559 communis
1915 1515 2056 1558 tribus
2079 1514 2286 1573 personis.

227 1594 288 1637 Et
312 1594 422 1637 sicut
455 1595 500 1637 in
527 1594 738 1637 Trinitate
769 1594 940 1637 dilectio
962 1600 1023 1637 est
1049 1609 1148 1653 quae
1169 1599 1231 1636 est
1261 1594 1406 1648 Pater,
1427 1594 1591 1648 Filius,
1621 1599 1662 1636 et
1680 1593 1870 1651 Spiritus
1896 1598 2083 1645 sanctus,
2104 1606 2203 1650 quae
2229 1595 2291 1633 est
2329 1594 2449 1626 0¹10‘1511

168 1671 262 1730 ipsa
280 1671 464 1714 essentia
478 1671 662 1726 deitatis,
685 1676 726 1714 et
746 1677 889 1714 tamen
910 1671 1100 1729 Spiritus
1119 1676 1291 1714 sanctus
1306 1671 1476 1714 dilectio
1492 1676 1569 1726 est,
1586 1686 1684 1729 quae
1703 1685 1791 1713 non
1806 1675 1867 1713 est
1888 1670 2016 1712 Pater
2036 1669 2104 1711 vel
2123 1668 2285 1721 Filius3
2311 1636 2453 1743 11511311ἓὶ8-

171 1763 252 1791 nec
270 1748 367 1792 ideo
379 1747 477 1792 duae
488 1748 737 1792 dilectiones
748 1754 849 1791 sunt
866 1749 911 1791 in
922 1749 1151 1802 Trinitate‚
1166 1748 1269 1807 quia
1280 1748 1452 1791 dilectio
1465 1763 1552 1806 qua
1566 1747 1616 1806 (b)
1632 1747 1802 1806 proprie
1815 1746 2003 1805 Spiritus
2019 1750 2191 1789 sanctus
2210 1751 2287 1798 est,
2312 1727 2364 1805 «ρξ’
2389 1727 2452 1787 (inple

169 1831 232 1869 est
257 1825 429 1869 dilectio
449 1841 547 1884 quae
568 1826 757 1870 Trinitas
777 1831 839 1869 est
852 1862 862 1882 ,
888 1841 975 1869 non
997 1831 1140 1869 tamen
1162 1826 1252 1885 ipse
1280 1825 1326 1884 (e)
1350 1825 1540 1868 Trinitas
1569 1830 1630 1868 est
1654 1841 1662 1866 :
1692 1825 1802 1867 sicut
1831 1823 2018 1882 Spiritus
2038 1827 2209 1866 sanctus
2230 1826 2292 1864 est
2312 1805 2452 1888 natan—Izala

171 1903 354 1947 essentia
373 1919 472 1962 quae
499 1904 690 1947 Trinitas
710 1910 798 1959 est,
822 1919 909 1947 non
930 1910 1073 1947 tamen
1095 1904 1184 1962 ipse
1201 1902 1259 1962 (d)
1283 1903 1473 1946 Trinitas
1493 1907 1554 1945 est
1577 1919 1585 1944 :
1608 1902 1669 1945 ita
1687 1901 1733 1944 in
1754 1901 1963 1944 Trinitate
1981 1900 2191 1959 sapientia
2211 1904 2288 1953 est,
2313 1883 2441 1953 ,ἶξᾏᾜξζς

2277 1968 2452 2043 t

170 1996 268 2040 quae
287 1986 350 2024 est
367 1982 497 2026 Pater
516 1987 557 2025 et
574 1981 714 2026 Filius
733 1987 774 2025 et
797 1981 986 2040 Spiritus
1006 1987 1178 2025 sanct-us
1192 2016 1202 2036 ,
1227 1996 1325 2039 quae
1352 1985 1414 2024 est
1434 1979 1617 2024 essentia
1639 1979 1811 2034 divina;
1835 1983 1877 2021 et
1900 1983 2041 2020 tamen
2072 1976 2210 2019 Filius
2231 1991 2273 2019 es

170 2059 405 2117 sapientia,
428 2075 527 2119 quae
555 2075 645 2104 non
676 2065 739 2103 est
770 2060 898 2103 Pater
923 2060 992 2103 vel
1020 2059 1208 2118 Spiritus
1239 2065 1426 2102 sanctus.
1454 2058 1541 2101 Nec
1572 2057 1669 2100 ideo
1702 2056 1800 2099 duae
1829 2054 2048 2113 sapientiae
2077 2053 2139 2096 ibi
2157 2059 2286 2096 sunt:
2324 2059 2378 2076 ¹¹⁰⁰
2399 2054 2440 2077 est

2311 2092 2432 2118 Trinitas
2445 2102 2450 2118 :

172 2136 277 2194 quia
311 2136 522 2195 sapientia
539 2173 550 2194 ,
591 2152 690 2196 quae
724 2137 897 2196 proprie
929 2142 991 2180 est
1021 2137 1185 2192 Filius,
1209 2142 1270 2179 est
1300 2136 1510 2194 sapientia
1528 2150 1628 2194 quae
1648 2139 1710 2177 est
1728 2133 1938 2187 Trinitas,
1962 2132 2050 2191 ipse
2075 2131 2122 2189 (e)
2146 2136 2288 2174 tamen
2310 2141 2371 2201 3309
2388 2134 2452 2201 553¹<ss

172 2228 263 2258 non
282 2219 345 2257 est
363 2215 552 2258 Trinitas
569 2231 578 2257 ε
601 2215 709 2259 sicut
727 2215 866 2258 Filius
886 2220 947 2258 est
967 2214 1150 2258 essentia
1170 2229 1268 2273 quae
1287 2220 1349 2257 est
1367 2213 1557 2256 Trinitas
1571 2247 1581 2267 ‚
1605 2212 1695 2270 ipse
1716 2216 1860 2254 tamen
1885 2225 1973 2253 non
2003 2215 2064 2252 est
2083 2208 2287 2251 Trinitas.
2313 2217 2453 2284 §³55¹ng

231 2291 448 2335 Praeterea
478 2292 711 2349 diligenter
742 2292 985 2335 notandum
1014 2298 1075 2336 est
1101 2291 1217 2351 quod
1246 2307 1295 2335 ea
1314 2291 1479 2334 ratione
1499 2305 1588 2349 qua
1605 2290 1734 2332 Pater
1754 2303 1842 2331 non
1862 2287 2021 2331 dicitur
2045 2286 2214 2345 sapiens
2244 2300 2293 2328 ea
2313 2299 2388 2325 etde
2407 2308 2450 2326 sau

2313 2341 2428 2375 pientia.

174 2369 385 2429 Sapientia
404 2385 537 2428 quam
558 2369 727 2427 genuit,
749 2369 923 2412 videtur
942 2369 1033 2412 fore
1052 2369 1285 2412 dicendum
1304 2368 1422 2427 quod
1438 2368 1567 2411 Pater
1585 2382 1673 2410 non
1694 2366 1848 2423 diligat
1864 2364 2045 2419 Filium,
2068 2363 2137 2406 vel
2155 2362 2293 2405 Filius
2337 2394 2395 2426 Qua
2410 2403 2453 2421 m,

2326 2435 2388 2463 ione
2404 2437 2454 2463 Pa-

174 2446 365 2503 Patrem,
383 2463 433 2491 ea
445 2447 674 2491 dilectione
691 2461 788 2505 quae
807 2447 861 2489 ab
881 2451 1068 2506 utroque
1087 2445 1278 2505 procedit
1293 2481 1303 2501 ,
1326 2445 1485 2488 scilicet
1505 2460 1604 2504 quae
1623 2443 1795 2503 proprie
1816 2442 2004 2501 Spiritus
2024 2446 2195 2484 sanctus
2213 2445 2290 2482 est.
2314 2439 2366 2505 ‘tel'
2384 2487 2439 2505 mu

174 2525 297 2570 Sicut
318 2525 435 2568 enin]
456 2525 572 2568 idem
592 2530 655 2567 est
674 2524 762 2567 Deo
784 2539 931 2582 sapere
952 2524 1067 2583 quod
1094 2539 1183 2567 esse
1202 2558 1212 2578 ,
1233 2524 1292 2566 ita
1314 2529 1375 2566 est
1403 2522 1442 2566 ei
1470 2522 1584 2566 idern
1613 2521 1794 2578 diligere
1827 2519 1944 2578 quod
1971 2534 2075 2562 esse.
2104 2518 2293 2577 Ideoque
2332 2520 2435 2546 dicfflff

2327 2569 2355 2587 εει
2380 2562 2385 2587 i
2407 2571 2432 2588 11.

173 2603 287 2647 sicut
305 2607 491 2660 negatur
507 2601 636 2645 Pater
655 2616 745 2645 esse
765 2602 934 2660 sapiens
953 2601 1163 2659 sapientia
1182 2616 1313 2660 quain
1333 2600 1502 2658 genuit,
1525 2599 1629 2658 quia
1648 2599 1682 2642 si
1697 2613 1746 2641 ea
1765 2597 1979 2640 diceretur
1999 2596 2183 2655 sapienS‚
2204 2610 2293 2638 non
2340 2570 2438 2672 ἑξεῖ-Ξ

172 2680 266 2738 ipsa
284 2680 338 2724 ah
357 2695 424 2735 eo,
446 2679 518 2722 sed
533 2679 623 2738 ipse
642 2679 695 2722 ab
718 2695 766 2722 ea
785 2679 1104 2736 intelligeretur
1124 2694 1229 2733 esse,
1252 2679 1311 2721 ita
1330 2678 1502 2721 videtur
1522 2692 1610 2720 non
1630 2676 1784 2719 debere
1805 2674 1979 2718 concedi
1997 2709 2006 2729 ‚
2027 2673 2144 2732 quod
2165 2673 2293 2716 Pater
2313 2653 2453 2731 ‹ilufflga

173 2757 243 2800 vel
261 2757 405 2800 Filius
423 2756 579 2814 diligat
609 2755 837 2799 dilectione
858 2771 955 2814 quae
977 2761 1146 2798 tantum
1168 2755 1358 2814 Spiritus
1378 2760 1550 2798 sanctus
1568 2759 1652 2808 est,
1673 2752 1776 2812 quia
1796 2752 1831 2795 si
1851 2767 1899 2795 ea
1919 2751 2059 2808 diligit
2077 2751 2205 2793 Pater
2223 2750 2290 2793 vel
2312 2730 2390 2795 iiiliss’
2409 2736 2454 2795 il-

171 2834 327 2890 Filius,
350 2850 439 2879 non
459 2835 649 2894 Spiritus
679 2839 852 2878 sanctus
878 2833 1053 2876 videtur
1079 2848 1168 2876 esse
1196 2848 1220 2875 a
1245 2833 1373 2875 Patre
1403 2838 1444 2876 et
1461 2832 1598 2887 Filio,
1621 2832 1695 2875 sed
1713 2832 1842 2874 Pater
1863 2836 1904 2874 et
1923 2829 2063 2873 Filius
2083 2844 2108 2871 a
2126 2828 2291 2887 Spiritu
2313 2811 2452 2879 ἓῖζέΐᾱῖἶ,

174 2917 320 2956 sancto
339 2947 350 2968 ,
384 2912 488 2972 quia
522 2912 638 2955 idem
669 2917 731 2954 est
762 2911 823 2953 ibi
841 2910 1029 2967 ’diligere
1060 2910 1178 2968 quod
1205 2925 1309 2953 esse.
1342 2912 1401 2952 At
1424 2924 1556 2968 supra
1588 2909 1751 2952 dictum
1779 2913 1868 2963 est,
1891 2912 2021 2966 atque
2041 2905 2292 2949 auctoritate
2312 2894 2452 2962 2¹1¹}“ffffffj

175 2989 415 3047 Augustini
434 2990 446 3011 ¹
466 2989 679 3033 sancitum
699 3024 709 3044 ,
733 2988 850 3047 quod
877 3005 899 3029 «
926 2988 972 3030 in
992 2988 1202 3030 Trinitate
1223 2987 1306 3030 tria
1325 2992 1427 3030 sunt
1450 3004 1458 3029 :
1483 3002 1600 3030 unus
1618 2986 1803 3043 diligens
1826 3000 1925 3029 eun]
1947 2984 2024 3043 qui
2044 2984 2097 3027 de
2115 2983 2193 3026 illo
2213 2988 2289 3038 est,
2313 2977 2453 3045 gfff&

176 3073 218 3111 et
238 3083 354 3111 unus
373 3067 560 3125 diligens
579 3082 680 3110 eum
701 3066 752 3109 de
773 3081 860 3125 quo
881 3072 959 3121 θεῖ,
983 3071 1024 3108 θῖ
1042 3065 1135 3124 ipsa
1154 3065 1352 3120 dilectio;
1376 3070 1417 3107 et
1435 3079 1524 3107 non
1544 3069 1607 3107 est
1625 3063 1784 3122 aliquis
1803 3063 1994 3106 duorum
2014 3077 2102 3121 quo
2121 3061 2292 3119 genitus
2311 3060 2400 3087 Filius
2414 3061 2454 3087 ‘¹³-

2318 3102 2439 3128 lectione

174 3160 200 3187 a
224 3144 430 3202 gignente
458 3144 673 3202 diligitur,
707 3149 749 3187 et
779 3143 1019 3200 genitorem
1049 3157 1180 3185 suum
1212 3141 1370 3199 diligit.
1409 3158 1430 3181 i)
1461 3141 1630 3193 Quibus
1668 3140 1810 3183 verbis
1849 3145 1992 3198 aperte
2031 3138 2293 3196 significavit
2322 3143 2440 3218 33³5ng

174 3221 350 3264 Patrem
382 3221 571 3277 Filium,
594 3227 635 3264 et
657 3220 822 3264 Filium
853 3220 1026 3263 Patrem
1051 3219 1261 3277 diligere,
1285 3234 1334 3262 ea
1353 3218 1512 3262 scilicet
1536 3217 1764 3262 dilectione
1791 3231 1888 3276 quae
1917 3232 2006 3260 non
2043 3222 2104 3259 θεῖ
2137 3214 2294 3274 aliquis
2314 3227 2452 3260 procedit-

177 3312 352 3354 eorum,
375 3298 448 3342 sed
479 3304 652 3342 tantum
685 3297 878 3357 Spiritus
901 3303 1088 3341 sanctus.
1120 3296 1232 3340 Cum
1257 3296 1372 3340 idem
1398 3311 1500 3353 ergo
1528 3295 1583 3338 sit
1614 3295 1676 3338 ibi
1707 3294 1887 3352 diligere
1917 3293 2036 3354 quod
2061 3308 2173 3348 esse,
2206 3306 2294 3351 quo

219 3438 231 3458 ¹
247 3439 344 3478 Aug„
364 3437 403 3468 de
426 3437 527 3476 Trin„
549 3437 608 3468 lib.
630 3438 695 3477 Vl,
716 3447 745 3469 c.
760 3445 792 3477 v,
813 3445 847 3467 n.
862 3437 892 3467 7.

224 3515 265 3556 (a)
286 3515 367 3547 Caet.
382 3514 462 3546 edit.
481 3515 670 3556 responsio,
691 3514 853 3547 17167101-
874 3513 914 3554 (b)
937 3514 1015 3545 Item
1034 3522 1121 3554 quae.
1136 3529 1178 3536 —
1199 3512 1236 3553 (c)
1255 3513 1334 3544 Item
1351 3512 1434 3552 ipsa.
1448 3528 1489 3535 —
1505 3511 1552 3553 (d)
1573 3512 1653 3543 Item
1672 3511 1756 3552 ipsa.
1777 3528 1817 3534 —
1839 3511 1876 3551 (e)
1899 3509 1979 3540 Item
1996 3508 2080 3549 ipsa.
