2613 3990
307 277 356 314 72
1067 264 1479 307 SENTENTIARUM
1511 266 1606 306 ΜΒ.
1640 266 1670 306 l.

306 362 466 403 tionem
493 370 774 414 personarum
803 356 1036 397 trinitatem
1058 368 1135 396 nec
1156 354 1335 408 plurali—

306 436 451 481 tatem,
474 432 553 472 nisi
571 431 777 472 haberent
794 428 984 480 aliquem
1003 426 1198 467 habitum
1220 425 1332 477 fidei,

306 505 414 545 sicut
432 504 590 545 habent
612 501 744 553 aliqui
763 498 969 539 haeretici.
992 497 1108 539 Unde
1125 497 1198 550 qui
1214 497 1335 538 dixe-

305 578 407 616 runt.
436 575 544 614 hanc
575 572 806 613 trinitatem
824 602 833 620 ,
857 573 929 609 aut
958 569 1087 610 locuti
1118 572 1218 609 sunt
1249 581 1336 609 non

264 683 270 690 .
306 646 613 697 intelligentes,
642 646 715 683 aut
740 641 839 682 fidei
873 640 990 681 radio
1023 641 1233 681 illustrati.
1266 640 1338 681 Est

306 718 386 758 alia
404 716 567 757 trinitas
581 713 966 767 appropriatoruni,
989 712 1146 752 scilicet
1167 712 1334 763 veritas,

307 788 462 838 unitaS,
480 790 517 827 et
538 786 724 827 bonitas:
746 787 787 825 et
805 784 897 824 haec
911 786 1220 836 cognoverunt,
1238 783 1338 836 quia

306 859 463 900 habent
484 858 635 898 simile.

365 935 398 970 l.
422 929 485 970 Ad
505 929 608 969 illud
630 940 734 981 ergo
755 928 868 981 quod
890 927 1107 980 objicitur,
1130 927 1243 980 quod
1263 938 1338 980 per

307 1001 562 1054 tripartitam
587 999 897 1053 philosophiam
927 1001 1223 1051 cognoverunt
1242 999 1337 1052 phi-

308 1073 470 1126 losophi
492 1071 763 1122 Trinitatem;
787 1071 1014 1113 dicendum
1040 1070 1151 1123 quod
1183 1083 1337 1111 verum

308 1148 368 1186 cst
407 1143 521 1197 quod
558 1156 632 1196 per
668 1143 797 1194 illud,
820 1145 861 1183 et
892 1154 966 1195 per
999 1141 1103 1190 alia,
1125 1145 1339 1183 venerunt

308 1217 359 1258 ad
397 1215 686 1268 cognitionem
715 1215 766 1267 (α)
807 1214 1177 1268 appropriatorum
1195 1229 1204 1264 3
1244 1226 1338 1255 cre-

308 1289 453 1329 dentes
483 1299 605 1337 vero,
628 1287 672 1327 in
698 1286 984 1339 cognitionem
1006 1286 1230 1339 utriusque
1260 1287 1337 1327 tri-

308 1360 464 1403 nitatis

361 1437 400 1474 02.
424 1432 488 1474 Ad
508 1432 613 1473 illud
630 1431 742 1485 quod
763 1430 962 1484 objicitur
980 1429 1029 1470 de
1048 1430 1171 1471 tertio
1189 1430 1312 1483 signo
1326 1462 1336 1480 ‚

310 1506 477 1556 dicitur,
501 1508 540 1545 et
560 1505 689 1554 bene,
712 1503 813 1556 quia
835 1502 1043 1556 sapientes
1070 1502 1163 1543 ideo
1184 1503 1339 1544 dicun-

310 1581 380 1618 tur
400 1577 596 1618 defecisse
614 1576 660 1616 in
679 1576 801 1617 tertio
821 1575 959 1627 signo,
979 1574 1081 1627 quia
1096 1574 1342 1616 defecerunt

310 1650 355 1690 in
385 1649 628 1701 cognitione
657 1647 830 1689 effectus
863 1646 1091 1701 potissimae
1126 1646 1339 1696 bonitatis,

311 1721 466 1762 scilicet
484 1719 812 1773 Redemptionis.

367 1796 405 1834 3.
427 1793 489 1835 Ad
511 1792 613 1834 illud
636 1791 749 1845 quod
769 1790 970 1845 objicitur
993 1790 1045 1832 de
1058 1789 1244 1843 vestigio
1266 1791 1340 1844 (b);

1411 355 1651 407 dicendum,
1674 356 1787 409 quod
1806 355 2038 408 vestigium
2069 355 2172 397 dicit
2199 355 2436 398 distinctio-

1410 439 1508 466 nem
1526 427 1833 480 proprietatum
1848 427 2135 469 essentialium
2152 441 2161 468 :
2178 430 2218 469 et
2234 428 2334 469 huic
2349 440 2435 469 res-

1411 498 1565 550 pondet
1595 498 1759 540 trinitas
1788 499 2182 552 appropriatorum,
2213 511 2298 540 non
2336 511 2437 553 pro-

1411 569 1617 621 priorum,
1638 570 1725 611 sive
1746 582 2040 624 personarum.

1465 643 1504 680 Ji.
1538 641 1600 681 Ad
1630 641 1733 682 illud
1758 642 1871 695 quod
1904 642 2103 695 objicitur
2134 641 2185 682 de
2220 641 2436 694 imagine;

1412 711 1640 752 dicendum
1658 745 1668 764 ,
1711 714 1820 766 quod
1856 716 1918 754 est
1955 725 2208 765 cognoscere
2252 713 2439 754 animam

1412 783 1645 824 secundum
1679 784 1719 823 id
1759 773 1872 837 quod
1891 787 1966 835 est,
1986 787 2025 825 et
2058 784 2245 837 cognitio
2276 784 2355 825 ista
2381 788 2443 826 est

1412 854 1608 904 rationis;
1643 855 1711 895 vel
1741 856 1975 896 secundum
2007 855 2048 896 id
2078 856 2191 909 quod
2218 855 2384 909 imago,
2402 859 2441 897 et

1413 926 1598 977 cognitio
1616 926 1694 966 ista
1714 930 1773 967 est
1791 927 1918 967 solius
1937 927 2049 968 fidei.

1467 999 1505 1037 5.
1529 997 1593 1038 Ad
1612 998 1713 1038 illud
1732 998 1844 1050 quod
1866 999 2042 1039 ulterius
2060 998 2268 1050 objicitur,
2294 997 2340 1051 (0)
2363 998 2444 1039 dit-

1413 1068 1566 1108 ficilius
1586 1071 1647 1109 cst
1665 1081 1920 1121 cognoscere
1942 1070 2177 1119 mundunr,
2200 1069 2440 1118 dicendum,

1413 1139 1526 1192 quod
1544 1140 1655 1180 istud
1682 1140 1949 1192 intelligitur,
1967 1140 2184 1193 supposito
2205 1140 2349 1181 divino
2366 1141 2444 1181 ad-

1413 1210 1637 1251 miniculo:
1661 1211 1908 1264 simpliciter
1936 1214 2080 1252 autem
2106 1211 2342 1264 loquendo,
2366 1212 2445 1252 fal-

1413 1295 1509 1323 sum
1528 1285 1588 1323 est
1610 1297 1619 1323 :
1641 1282 1763 1322 citius
1780 1282 1895 1323 enim
1927 1283 2054 1323 homo
2082 1283 2373 1336 disponeretur
2392 1284 2444 1324 ad

1414 1354 1556 1404 fidem,
1567 1367 1696 1407 quam
1707 1354 1946 1407 acquireret
1961 1354 2247 1407 cognitionem
2259 1355 2444 1408 philoso-

1414 1429 1542 1483 phiae.
1577 1429 1816 1470 Intellectus
1845 1431 1989 1469 tamen
2013 1432 2154 1469 noster
2190 1429 2285 1482 plus
2312 1431 2448 1482 potest

1415 1502 1459 1542 in
1482 1502 1771 1554 cognitionem
1788 1513 1934 1542 rerum
1955 1501 2273 1542 mundanarum
2287 1533 2297 1552 ,
2316 1513 2446 1553 quam

1415 1575 1629 1617 Trinitatis
1653 1591 1660 1617 :
1692 1577 1793 1629 quia
1820 1576 1890 1616 iila
1909 1579 1970 1616 est
1999 1588 2128 1628 supra
2150 1575 2358 1616 rationem
2374 1608 2384 1627 ,
2407 1579 2447 1617 et

1417 1648 1678 1689 contrarium
1701 1649 1794 1700 ejus
1818 1647 1934 1689 videt
1952 1648 1996 1688 in
2016 1660 2143 1688 sensu
2165 1661 2174 1688 ε
2201 1649 2241 1688 et
2261 1647 2353 1688 ideo
2375 1647 2446 1688 in-

1417 1720 1534 1772 diget
1567 1732 1679 1762 nova
1721 1720 1954 1761 elevatione
1971 1751 1981 1770 ‚
2018 1721 2162 1773 utpote
2204 1719 2446 1773 cognitione

1417 1803 1492 1845 per
1506 1791 1779 1833 infusionem.

1247 1981 1414 2026 PARS
1452 1983 1514 2027 ΙΙ.

991 2113 1151 2143 QUOMODO
1178 2114 1210 2138 IN
1237 2113 1343 2138 ‚mmm
1369 2114 1419 2139 s'lT
1444 2114 1549 2139 IMAGO
1577 2115 1778 2139 TmMTATts.

374 2214 500 2257 Nunc
516 2228 618 2257 vero
638 2213 691 2258 ad
713 2229 808 2257 eam
823 2215 914 2273 jam
936 2215 1244 2273 perveniamus
1263 2214 1624 2275 disputationem,
1647 2215 1724 2259 ubi
1742 2215 1789 2259 in
1810 2220 1953 2260 mente
1974 2215 2185 2271 humana,
2209 2232 2307 2275 quae
2328 2217 2451 2261 novit

316 2292 456 2334 Deum
473 2326 484 2347 ,
507 2292 577 2335 vel
597 2296 735 2351 potest
762 2307 887 2336 nosse
907 2327 918 2348 ,
950 2292 1177 2336 Trinitatis
1202 2292 1441 2350 imaginem
1470 2293 1756 2352 reperiamus.
1786 2293 1844 2337 Ut
1870 2293 1987 2337 enim
2013 2293 2074 2337 ait
2100 2294 2378 2351 Augustinus
2405 2295 2449 2338 in

317 2374 474 2428 quarto
501 2368 667 2413 decimo
693 2370 806 2414 libro
828 2369 880 2413 (Ze
902 2371 939 2413 T
937 2371 1122 2414 rz'm'tate
1140 2378 1150 2397 ¹
1176 2387 1184 2414 :
1211 2387 1233 2412 ((
1256 2370 1373 2414 Licet
1407 2371 1603 2414 humana
1627 2385 1750 2414 mens
1775 2386 1863 2414 non
1888 2370 1943 2414 sit
1973 2370 2066 2429 ejus
2096 2377 2266 2415 naturae
2285 2406 2295 2426 ,
2325 2372 2451 2431 cujus

318 2447 434 2490 Deus
455 2453 537 2503 est,
561 2447 706 2506 imago
727 2454 871 2492 tamen
891 2448 1028 2502 illius,
1053 2464 1140 2509 quo
1161 2449 1272 2492 nihil
1293 2448 1451 2492 melius
1470 2453 1547 2503 est,
1571 2448 1633 2492 ibi
1654 2448 1892 2508 quaerenda
1912 2453 1953 2492 et
1972 2448 2240 2492 invenienda
2260 2455 2340 2505 est,
2363 2464 2450 2509 quo

319 2531 477 2568 natura
496 2530 644 2568 nostra
672 2525 785 2568 nihil
806 2526 936 2570 habet
962 2527 1118 2570 melius
1134 2562 1144 2582 ,
1165 2527 1206 2569 id
1234 2532 1297 2570 est
1323 2526 1369 2569 in
1397 2531 1555 2569 mente.
1579 2526 1630 2569 In
1658 2525 1752 2585 ipsa
1780 2526 1910 2569 etiam
1943 2531 2109 2580 mente,
2132 2531 2368 2586 antequam
2397 2526 2451 2570 sit

319 2603 532 2662 particeps
553 2603 652 2657 Dei,
675 2603 768 2661 ejus
787 2603 933 2661 imago
953 2605 1170 2663 reperitur
1193 2621 1201 2647 :
1226 2604 1305 2648 etsi
1325 2603 1442 2647 enim
1460 2639 1470 2658 ,
1494 2603 1652 2647 amissa
1671 2603 1748 2646 Dei
1770 2602 2121 2661 participatione,
2144 2602 2353 2648 deformis
2373 2604 2446 2661 sit,

320 2680 464 2737 imago
489 2679 543 2739 (d)
567 2681 646 2724 Dei
672 2686 817 2724 tamen
841 2688 1081 2740 permanet.
1110 2682 1172 2725 Eo
1197 2682 1315 2725 enim
1343 2682 1435 2741 ipso
1464 2682 1608 2739 imago
1629 2680 1707 2724 Dei
1727 2685 1789 2723 est
1809 2695 1957 2735 menS,
1982 2694 2069 2739 quo
2089 2694 2222 2739 capax
2245 2680 2339 2740 ejus
2358 2688 2448 2740 est,

321 2758 502 2818 ejusque
532 2758 743 2818 particeps
770 2774 859 2802 esse
884 2764 1035 2818 potest.
1059 2759 1157 2803 Jam
1187 2774 1290 2817 ergo
1318 2759 1365 2802 in
1390 2775 1439 2803 ea
1466 2759 1723 2802 Trinitatem
1739 2793 1750 2814 ,
1773 2773 1870 2817 quae
1896 2758 2012 2801 Deus
2038 2763 2122 2815 est,
2151 2758 2448 2818 inquiramus.

322 2836 427 2879 Ecce
459 2836 576 2879 enim
597 2851 719 2880 mens
745 2836 947 2880 meminit
965 2837 1056 2892 sui,
1083 2837 1291 2894 intelligit
1310 2853 1353 2881 se
1370 2872 1380 2892 ,
1403 2837 1549 2893 diligit
1567 2851 1610 2879 se
1636 2853 1645 2879 :
1669 2835 1748 2880 hoc
1769 2835 1804 2878 si
1827 2835 2068 2892 cernimus,
2089 2836 2308 2880 cernimus
2327 2837 2452 2881 trini-

323 2918 453 2956 tatem
471 2931 479 2968 3
505 2914 702 2958 nondum
724 2914 904 2974 quidem
924 2914 1081 2970 Deum,
1105 2915 1179 2958 sed
1199 2914 1437 2972 imaginem
1457 2914 1551 2958 Dei.
1574 2931 1596 2954 ))
1621 2913 1703 2956 Hic
1723 2913 1839 2957 enim
1863 2913 2063 2973 quaedam
2082 2919 2260 2972 apparet
2280 2914 2452 2959 trinitas

323 2991 569 3048 memorias,
593 2992 922 3050 intelligentiae,
945 2997 986 3035 et
1005 2991 1179 3036 amoris.
1209 2991 1310 3035 Haec
1333 3006 1436 3050 ergo
1465 2991 1548 3035 tria
1578 2991 1854 3050 potissimum
1880 2996 2113 3035 tractemus
2131 3026 2142 3046 ,
2165 2992 2422 3036 memoriam
2437 3027 2448 3048 ,

322 3068 677 3126 intelligentiam,
699 3069 989 3114 voluntatem.
1018 3087 1039 3111 «
1060 3069 1160 3114 I-Iaec
1179 3084 1282 3127 ergo
1302 3069 1384 3112 tria
1398 3104 1408 3124 ,
1429 3074 1479 3113 ut
1497 3068 1774 3126 Augustinus
1794 3069 1854 3112 ait
1881 3069 1928 3112 in
1948 3068 2061 3111 libro
2087 3067 2254 3112 decimo
2277 3068 2330 3112 de
2362 3071 2397 3113 T
2392 3069 2451 3113 ri-

324 3146 467 3189 nitate
488 3151 514 3199 ²,
538 3161 627 3189 non
647 3152 749 3190 sunt
768 3151 854 3191 tres
870 3148 992 3203 vitae,
1016 3147 1087 3191 sed
1107 3163 1197 3191 una
1216 3148 1327 3203 vita3
1352 3161 1430 3190 nec
1451 3151 1536 3189 tres
1553 3151 1741 3203 mentes,
1765 3147 1838 3190 sed
1860 3161 1950 3190 una
1968 3161 2090 3189 mens
2104 3180 2115 3201 ‚
2139 3161 2229 3189 una
2249 3147 2446 3190 essentia.

325 3223 535 3267 Memoria
553 3238 656 3267 vero
675 3224 835 3268 dicitur
854 3224 907 3268 ad
928 3225 1096 3284 aliquid
1112 3242 1122 3280 ;
1154 3229 1195 3268 et
1214 3224 1528 3282 intelligentia,
1554 3229 1595 3267 et
1615 3224 1820 3268 voluntas
1845 3223 1935 3267 sive
1955 3223 2129 3266 dilectio
2141 3258 2152 3279 ,
2174 3223 2377 3267 similiter
2397 3223 2450 3267 ad

326 3301 494 3360 aliquid
514 3300 672 3344 dicitur
695 3318 702 3344 :
724 3302 814 3346 vita
832 3317 936 3347 vero
956 3302 1115 3346 dicitur
1127 3302 1181 3346 ad
1196 3302 1398 3362 seipsam,
1416 3307 1457 3345 et
1472 3316 1610 3357 mens,
1633 3307 1674 3345 et
1689 3301 1887 3345 essentia.
1910 3300 2010 3344 Haec
2025 3314 2127 3358 ergo
2144 3301 2229 3344 tria
2244 3316 2293 3345 eo
2309 3316 2450 3345 unum

326 3384 444 3435 sunt,
467 3393 556 3438 quo
579 3392 666 3422 una
684 3378 789 3434 vita,
811 3395 901 3423 una
919 3395 1057 3436 mens,
1080 3395 1170 3424 una
1190 3380 1394 3435 essentia;
1418 3385 1460 3423 et
1479 3378 1697 3438 quidquid
1717 3378 1837 3423 aliud
1857 3377 1911 3422 ad
1931 3377 2068 3436 seipsa
2086 3378 2273 3436 singulae
2293 3378 2446 3423 dieun-

370 3493 444 3523 ²De
465 3492 597 3531 Trim‘t„
618 3491 675 3524 lib.
692 3492 780 3532 XIV,
803 3501 832 3524 c.
848 3500 922 3532 vui,
943 3502 977 3525 n.
997 3496 1044 3525 11.
1063 3511 1101 3516 —
1122 3494 1136 3515 2
1150 3494 1196 3525 De
1220 3494 1352 3532 Trsmt„
1373 3493 1433 3524 lib.
1451 3493 1501 3534 X,
1520 3502 1551 3525 c.
1567 3500 1615 3533 xi,
1635 3501 1671 3524 n.
1688 3494 1738 3524 18.

339 3599 351 3626 l
372 3553 414 3592 (ιι)
434 3551 553 3631 l{amah
580 3551 749 3584 trinitatis.
765 3568 805 3574 —
829 3550 876 3593 (h)
893 3551 974 3585 Caet.
991 3552 1070 3585 edit.
1091 3552 1207 3585 desunt
1227 3553 1320 3595 quod
1339 3552 1498 3594 objicitur
1516 3552 1557 3583 dc
1574 3551 1734 3593 vestigio.
1753 3568 1787 3574 -
1805 3551 1843 3592 (c)
1866 3549 1989 3592 Supple
2019 3550 2176 3591 quod.-
2196 3551 2241 3592 (d)
2263 3549 2325 3582 Ed.
2344 3550 2447 3591 Luyd.

328 3603 414 3630 aee-st
467 3608 510 3633 ei.
