<?xml version="1.0" encoding="UTF-8"?>
<!DOCTYPE html PUBLIC "-//W3C//DTD XHTML 1.0 Transitional//EN"
    "http://www.w3.org/TR/xhtml1/DTD/xhtml1-transitional.dtd">
<html xmlns="http://www.w3.org/1999/xhtml" xml:lang="en" lang="en">
 <head>
  <title>
</title>
<meta http-equiv="Content-Type" content="text/html;charset=utf-8" />
  <meta name='ocr-system' content='tesseract 3.04.00' />
  <meta name='ocr-capabilities' content='ocr_page ocr_carea ocr_par ocr_line ocrx_word'/>
</head>
<body>
  <div class='ocr_page' id='page_1' title='image "./operaomniasixtiv01bonauoft/operaomniasixtiv01bonauoft_0605.png"; bbox 0 0 2613 3990; ppageno 0'>
   <div class='ocr_carea' id='block_1_1' title="bbox 124 673 250 708">
    <p class='ocr_par' dir='ltr' id='par_1_1' title="bbox 124 673 250 708">
     <span class='ocr_line' id='line_1_1' title="bbox 124 673 250 708; baseline 0 -8"><span class='ocrx_word' id='word_1_1' title='bbox 124 673 168 700; x_wconf 74' lang='lat' dir='ltr'>Ad</span> <span class='ocrx_word' id='word_1_2' title='bbox 182 681 250 708; x_wconf 85' lang='lat' dir='ltr'>opp.</span> 
     </span>
    </p>
   </div>
   <div class='ocr_carea' id='block_1_2' title="bbox 772 229 2387 278">
    <p class='ocr_par' dir='ltr' id='par_1_2' title="bbox 772 229 2387 278">
     <span class='ocr_line' id='line_1_2' title="bbox 772 229 2387 278; baseline -0.001 -6"><span class='ocrx_word' id='word_1_3' title='bbox 772 231 901 272; x_wconf 86' lang='lat' dir='ltr'>DIST.</span> <span class='ocrx_word' id='word_1_4' title='bbox 932 231 1070 272; x_wconf 82' lang='lat' dir='ltr'>XXXI.</span> <span class='ocrx_word' id='word_1_5' title='bbox 1103 231 1254 271; x_wconf 83' lang='lat' dir='ltr'>PART.</span> <span class='ocrx_word' id='word_1_6' title='bbox 1288 230 1337 271; x_wconf 89' lang='lat' dir='ltr'>ll.</span> <span class='ocrx_word' id='word_1_7' title='bbox 1368 229 1485 270; x_wconf 70' lang='grc' dir='ltr'><strong>ΛΒΤ.</strong></span> <span class='ocrx_word' id='word_1_8' title='bbox 1519 229 1550 270; x_wconf 92' lang='grc' dir='ltr'>Ι.</span> <span class='ocrx_word' id='word_1_9' title='bbox 1582 229 1777 278; x_wconf 79' lang='lat' dir='ltr'>QUAEsT.</span> <span class='ocrx_word' id='word_1_10' title='bbox 1807 230 1875 269; x_wconf 87' lang='grc'><strong>111.</strong></span> <span class='ocrx_word' id='word_1_11' title='bbox 2311 233 2387 270; x_wconf 80' lang='lat'>503</span> 
     </span>
    </p>
   </div>
   <div class='ocr_carea' id='block_1_3' title="bbox 615 392 951 443">
    <p class='ocr_par' dir='ltr' id='par_1_3' title="bbox 615 392 951 443">
     <span class='ocr_line' id='line_1_3' title="bbox 615 392 951 443; baseline 0 -8"><span class='ocrx_word' id='word_1_12' title='bbox 615 393 850 443; x_wconf 83' lang='lat' dir='ltr'>QUAESTIO</span> <span class='ocrx_word' id='word_1_13' title='bbox 880 392 951 435; x_wconf 85' lang='lat'>111.</span> 
     </span>
    </p>
   </div>
   <div class='ocr_carea' id='block_1_4' title="bbox 272 509 1295 616">
    <p class='ocr_par' dir='ltr' id='par_1_4' title="bbox 272 509 1295 616">
     <span class='ocr_line' id='line_1_4' title="bbox 272 509 1295 556; baseline -0.002 -10"><span class='ocrx_word' id='word_1_14' title='bbox 272 511 331 546; x_wconf 74' lang='lat' dir='ltr'>An</span> <span class='ocrx_word' id='word_1_15' title='bbox 365 513 560 547; x_wconf 77' lang='lat' dir='ltr'>AEterm&#39;tas</span> <span class='ocrx_word' id='word_1_16' title='bbox 593 511 848 556; x_wconf 71' lang='lat' dir='ltr'>approprietur</span> <span class='ocrx_word' id='word_1_17' title='bbox 877 510 1000 553; x_wconf 69' lang='lat' dir='ltr'>Patri,</span> <span class='ocrx_word' id='word_1_18' title='bbox 1029 509 1165 554; x_wconf 73' lang='lat' dir='ltr'>Species</span> <span class='ocrx_word' id='word_1_19' title='bbox 1203 512 1295 544; x_wconf 74' lang='lat' dir='ltr'>‘lma-</span> 
     </span>
     <span class='ocr_line' id='line_1_5' title="bbox 552 571 1008 616; baseline -0.002 -10"><span class='ocrx_word' id='word_1_20' title='bbox 552 572 643 616; x_wconf 68' lang='lat' dir='ltr'>qirzi,</span> <span class='ocrx_word' id='word_1_21' title='bbox 665 574 698 605; x_wconf 74' lang='lat' dir='ltr'>et</span> <span class='ocrx_word' id='word_1_22' title='bbox 722 572 807 606; x_wconf 79' lang='lat' dir='ltr'>Usus</span> <span class='ocrx_word' id='word_1_23' title='bbox 826 572 964 605; x_wconf 67' lang='lat' dir='ltr'>muneri</span> <span class='ocrx_word' id='word_1_24' title='bbox 982 571 1008 605; x_wconf 77' lang='lat'>1.</span> 
     </span>
    </p>
   </div>
   <div class='ocr_carea' id='block_1_5' title="bbox 266 677 1298 2508">
    <p class='ocr_par' dir='ltr' id='par_1_5' title="bbox 269 677 1296 1086">
     <span class='ocr_line' id='line_1_6' title="bbox 328 677 1296 730; baseline -0.001 -11"><span class='ocrx_word' id='word_1_25' title='bbox 328 677 473 719; x_wconf 84' lang='lat' dir='ltr'>Utrum</span> <span class='ocrx_word' id='word_1_26' title='bbox 495 678 707 718; x_wconf 74' lang='lat' dir='ltr'>aeternitas</span> <span class='ocrx_word' id='word_1_27' title='bbox 729 677 1024 729; x_wconf 77' lang='lat' dir='ltr'>approprietur</span> <span class='ocrx_word' id='word_1_28' title='bbox 1053 677 1178 726; x_wconf 82' lang='lat' dir='ltr'>Patri,</span> <span class='ocrx_word' id='word_1_29' title='bbox 1200 691 1296 730; x_wconf 80' lang='lat' dir='ltr'>spe-</span> 
     </span>
     <span class='ocr_line' id='line_1_7' title="bbox 270 747 1295 801; baseline 0 -12"><span class='ocrx_word' id='word_1_30' title='bbox 270 749 353 789; x_wconf 88' lang='lat' dir='ltr'>cies</span> <span class='ocrx_word' id='word_1_31' title='bbox 373 749 570 801; x_wconf 76' lang='lat' dir='ltr'>imagini,</span> <span class='ocrx_word' id='word_1_32' title='bbox 591 751 632 788; x_wconf 89' lang='lat' dir='ltr'>et</span> <span class='ocrx_word' id='word_1_33' title='bbox 650 760 753 788; x_wconf 89' lang='lat' dir='ltr'>usus</span> <span class='ocrx_word' id='word_1_34' title='bbox 780 749 962 788; x_wconf 88' lang='lat' dir='ltr'>muneri.</span> <span class='ocrx_word' id='word_1_35' title='bbox 984 747 1160 789; x_wconf 71' lang='lat' dir='ltr'>Videtur</span> <span class='ocrx_word' id='word_1_36' title='bbox 1183 750 1295 801; x_wconf 83' lang='lat' dir='ltr'>quod</span> 
     </span>
     <span class='ocr_line' id='line_1_8' title="bbox 270 819 1294 872; baseline -0.001 -12"><span class='ocrx_word' id='word_1_37' title='bbox 270 832 356 860; x_wconf 87' lang='lat' dir='ltr'>non</span> <span class='ocrx_word' id='word_1_38' title='bbox 376 821 428 860; x_wconf 87' lang='lat' dir='ltr'>sit</span> <span class='ocrx_word' id='word_1_39' title='bbox 445 821 556 860; x_wconf 86' lang='lat' dir='ltr'>bona</span> <span class='ocrx_word' id='word_1_40' title='bbox 573 819 855 872; x_wconf 69' lang='lat' dir='ltr'>appropriatio</span> <span class='ocrx_word' id='word_1_41' title='bbox 869 819 1019 859; x_wconf 87' lang='lat' dir='ltr'>Hilarii</span> <span class='ocrx_word' id='word_1_42' title='bbox 1035 821 1061 870; x_wconf 73' lang='lat'>2,</span> <span class='ocrx_word' id='word_1_43' title='bbox 1084 820 1185 872; x_wconf 88' lang='lat' dir='ltr'>quia</span> <span class='ocrx_word' id='word_1_44' title='bbox 1207 832 1294 860; x_wconf 85' lang='lat' dir='ltr'>om-</span> 
     </span>
     <span class='ocr_line' id='line_1_9' title="bbox 270 890 1296 943; baseline -0.001 -12"><span class='ocrx_word' id='word_1_45' title='bbox 270 903 346 931; x_wconf 87' lang='lat' dir='ltr'>nes</span> <span class='ocrx_word' id='word_1_46' title='bbox 365 891 520 932; x_wconf 69' lang='lat' dir='ltr'>divinae</span> <span class='ocrx_word' id='word_1_47' title='bbox 544 902 734 943; x_wconf 78' lang='lat' dir='ltr'>personae</span> <span class='ocrx_word' id='word_1_48' title='bbox 763 890 890 930; x_wconf 89' lang='lat' dir='ltr'>simul</span> <span class='ocrx_word' id='word_1_49' title='bbox 914 894 1085 930; x_wconf 59' lang='lat' dir='ltr'>aeternae</span> <span class='ocrx_word' id='word_1_50' title='bbox 1107 894 1225 940; x_wconf 83' lang='lat' dir='ltr'>sunt,</span> <span class='ocrx_word' id='word_1_51' title='bbox 1256 894 1296 931; x_wconf 88' lang='lat' dir='ltr'>et</span> 
     </span>
     <span class='ocr_line' id='line_1_10' title="bbox 270 962 1295 1015; baseline -0.001 -13"><span class='ocrx_word' id='word_1_52' title='bbox 270 962 527 1015; x_wconf 81' lang='lat' dir='ltr'>coaequales,</span> <span class='ocrx_word' id='word_1_53' title='bbox 562 964 602 1001; x_wconf 83' lang='lat' dir='ltr'>et</span> <span class='ocrx_word' id='word_1_54' title='bbox 633 962 846 1001; x_wconf 63' lang='lat' dir='ltr'>aeternitas</span> <span class='ocrx_word' id='word_1_55' title='bbox 875 962 1080 1001; x_wconf 75' lang='lat' dir='ltr'>abstrahit</span> <span class='ocrx_word' id='word_1_56' title='bbox 1114 962 1165 1001; x_wconf 79' lang='lat' dir='ltr'>al]</span> <span class='ocrx_word' id='word_1_57' title='bbox 1200 964 1295 1001; x_wconf 88' lang='lat' dir='ltr'>actu</span> 
     </span>
     <span class='ocr_line' id='line_1_11' title="bbox 269 1033 1159 1086; baseline -0.003 -12"><span class='ocrx_word' id='word_1_58' title='bbox 269 1045 461 1086; x_wconf 68' lang='lat' dir='ltr'>personae</span> <span class='ocrx_word' id='word_1_59' title='bbox 483 1048 491 1073; x_wconf 75' lang='grc' dir='ltr'>ε</span> <span class='ocrx_word' id='word_1_60' title='bbox 511 1044 614 1084; x_wconf 89' lang='lat' dir='ltr'>ergo</span> <span class='ocrx_word' id='word_1_61' title='bbox 636 1044 722 1072; x_wconf 89' lang='lat' dir='ltr'>non</span> <span class='ocrx_word' id='word_1_62' title='bbox 744 1036 805 1072; x_wconf 90' lang='lat' dir='ltr'>est</span> <span class='ocrx_word' id='word_1_63' title='bbox 824 1033 1159 1085; x_wconf 83' lang='lat' dir='ltr'>appropriabilis.</span> 
     </span>
    </p>

    <p class='ocr_par' dir='ltr' id='par_1_6' title="bbox 268 1104 1297 1662">
     <span class='ocr_line' id='line_1_12' title="bbox 322 1104 1295 1157; baseline 0 -13"><span class='ocrx_word' id='word_1_64' title='bbox 322 1108 361 1145; x_wconf 70' lang='lat'>2.</span> <span class='ocrx_word' id='word_1_65' title='bbox 403 1104 506 1144; x_wconf 87' lang='lat' dir='ltr'>Item</span> <span class='ocrx_word' id='word_1_66' title='bbox 545 1104 753 1156; x_wconf 78' lang='lat' dir='ltr'>quaeritur</span> <span class='ocrx_word' id='word_1_67' title='bbox 783 1115 914 1155; x_wconf 78' lang='lat' dir='ltr'>quare</span> <span class='ocrx_word' id='word_1_68' title='bbox 945 1105 1102 1155; x_wconf 87' lang='lat' dir='ltr'>species</span> <span class='ocrx_word' id='word_1_69' title='bbox 1138 1116 1295 1157; x_wconf 83' lang='lat' dir='ltr'>appro-</span> 
     </span>
     <span class='ocr_line' id='line_1_13' title="bbox 269 1176 1296 1231; baseline 0 -14"><span class='ocrx_word' id='word_1_70' title='bbox 269 1178 431 1231; x_wconf 86' lang='lat' dir='ltr'>priatur</span> <span class='ocrx_word' id='word_1_71' title='bbox 450 1177 643 1228; x_wconf 81' lang='lat' dir='ltr'>imagini.</span> <span class='ocrx_word' id='word_1_72' title='bbox 670 1177 756 1216; x_wconf 90' lang='lat' dir='ltr'>Aut</span> <span class='ocrx_word' id='word_1_73' title='bbox 781 1176 896 1216; x_wconf 80' lang='lat' dir='ltr'>enim</span> <span class='ocrx_word' id='word_1_74' title='bbox 918 1177 1102 1216; x_wconf 79' lang='lat' dir='ltr'>sumitur</span> <span class='ocrx_word' id='word_1_75' title='bbox 1124 1178 1182 1216; x_wconf 87' lang='lat' dir='ltr'>ibi</span> <span class='ocrx_word' id='word_1_76' title='bbox 1202 1190 1296 1230; x_wconf 89' lang='lat' dir='ltr'>spe-</span> 
     </span>
     <span class='ocr_line' id='line_1_14' title="bbox 270 1247 1297 1300; baseline -0.001 -12"><span class='ocrx_word' id='word_1_77' title='bbox 270 1248 374 1296; x_wconf 85' lang='lat' dir='ltr'>cies,</span> <span class='ocrx_word' id='word_1_78' title='bbox 396 1251 443 1288; x_wconf 85' lang='lat' dir='ltr'>ut</span> <span class='ocrx_word' id='word_1_79' title='bbox 465 1248 622 1300; x_wconf 86' lang='lat' dir='ltr'>species</span> <span class='ocrx_word' id='word_1_80' title='bbox 647 1247 802 1288; x_wconf 87' lang='lat' dir='ltr'>dicitur</span> <span class='ocrx_word' id='word_1_81' title='bbox 826 1247 985 1296; x_wconf 78' lang='lat' dir='ltr'>forma,</span> <span class='ocrx_word' id='word_1_82' title='bbox 1009 1251 1083 1288; x_wconf 88' lang='lat' dir='ltr'>aut</span> <span class='ocrx_word' id='word_1_83' title='bbox 1107 1248 1297 1300; x_wconf 82' lang='lat' dir='ltr'>pulchri-</span> 
     </span>
     <span class='ocr_line' id='line_1_15' title="bbox 268 1319 1296 1370; baseline 0.001 -11"><span class='ocrx_word' id='word_1_84' title='bbox 268 1320 372 1359; x_wconf 80' lang='lat' dir='ltr'>tudo</span> <span class='ocrx_word' id='word_1_85' title='bbox 395 1332 405 1358; x_wconf 77' lang='lat' dir='ltr'><em>z</em></span> <span class='ocrx_word' id='word_1_86' title='bbox 438 1320 474 1359; x_wconf 88' lang='lat' dir='ltr'>si</span> <span class='ocrx_word' id='word_1_87' title='bbox 500 1320 655 1370; x_wconf 82' lang='lat' dir='ltr'>forma,</span> <span class='ocrx_word' id='word_1_88' title='bbox 688 1319 758 1359; x_wconf 83' lang='lat' dir='ltr'>sed</span> <span class='ocrx_word' id='word_1_89' title='bbox 784 1319 890 1358; x_wconf 80' lang='lat' dir='ltr'>sicut</span> <span class='ocrx_word' id='word_1_90' title='bbox 914 1323 1066 1359; x_wconf 78' lang='lat' dir='ltr'>natura</span> <span class='ocrx_word' id='word_1_91' title='bbox 1089 1320 1207 1360; x_wconf 86' lang='lat' dir='ltr'>nulla</span> <span class='ocrx_word' id='word_1_92' title='bbox 1236 1324 1296 1360; x_wconf 88' lang='lat' dir='ltr'>est</span> 
     </span>
     <span class='ocr_line' id='line_1_16' title="bbox 269 1390 1297 1444; baseline 0.001 -14"><span class='ocrx_word' id='word_1_93' title='bbox 269 1390 606 1442; x_wconf 82' lang='lat' dir='ltr'>appropriabilis,</span> <span class='ocrx_word' id='word_1_94' title='bbox 628 1390 686 1442; x_wconf 86' lang='lat' dir='ltr'>sic</span> <span class='ocrx_word' id='word_1_95' title='bbox 707 1403 783 1429; x_wconf 81' lang='lat' dir='ltr'>nec</span> <span class='ocrx_word' id='word_1_96' title='bbox 796 1391 977 1442; x_wconf 70' lang='lat' dir='ltr'>species,</span> <span class='ocrx_word' id='word_1_97' title='bbox 997 1391 1029 1430; x_wconf 88' lang='lat' dir='ltr'>si</span> <span class='ocrx_word' id='word_1_98' title='bbox 1044 1394 1187 1430; x_wconf 76' lang='lat' dir='ltr'>autem</span> <span class='ocrx_word' id='word_1_99' title='bbox 1206 1392 1297 1444; x_wconf 90' lang='lat' dir='ltr'>pul-</span> 
     </span>
     <span class='ocr_line' id='line_1_17' title="bbox 270 1463 1297 1516; baseline 0.001 -13"><span class='ocrx_word' id='word_1_100' title='bbox 270 1463 483 1513; x_wconf 86' lang='lat' dir='ltr'>chritudo,</span> <span class='ocrx_word' id='word_1_101' title='bbox 509 1463 580 1503; x_wconf 85' lang='lat' dir='ltr'>sed</span> <span class='ocrx_word' id='word_1_102' title='bbox 602 1463 876 1516; x_wconf 74' lang='lat' dir='ltr'>pulchritudo</span> <span class='ocrx_word' id='word_1_103' title='bbox 897 1464 1098 1515; x_wconf 76' lang='lat' dir='ltr'>imaginis</span> <span class='ocrx_word' id='word_1_104' title='bbox 1118 1465 1297 1504; x_wconf 83' lang='lat' dir='ltr'>refertur</span> 
     </span>
     <span class='ocr_line' id='line_1_18' title="bbox 272 1536 1296 1590; baseline -0.001 -12"><span class='ocrx_word' id='word_1_105' title='bbox 272 1537 325 1578; x_wconf 89' lang='lat' dir='ltr'>ad</span> <span class='ocrx_word' id='word_1_106' title='bbox 359 1541 640 1590; x_wconf 75' lang='lat' dir='ltr'>prototypum</span> <span class='ocrx_word' id='word_1_107' title='bbox 667 1552 676 1577; x_wconf 91' lang='grc'>;</span> <span class='ocrx_word' id='word_1_108' title='bbox 699 1549 802 1589; x_wconf 80' lang='lat' dir='ltr'>ergo</span> <span class='ocrx_word' id='word_1_109' title='bbox 823 1537 874 1577; x_wconf 79' lang='lat' dir='ltr'>ad</span> <span class='ocrx_word' id='word_1_110' title='bbox 892 1536 1057 1577; x_wconf 81' lang='lat' dir='ltr'>Patrem</span> <span class='ocrx_word' id='word_1_111' title='bbox 1080 1552 1088 1578; x_wconf 92' lang='lat'><strong>:</strong></span> <span class='ocrx_word' id='word_1_112' title='bbox 1109 1550 1212 1589; x_wconf 85' lang='lat' dir='ltr'>ergo</span> <span class='ocrx_word' id='word_1_113' title='bbox 1237 1538 1296 1578; x_wconf 89' lang='lat' dir='ltr'>illi</span> 
     </span>
     <span class='ocr_line' id='line_1_19' title="bbox 271 1608 690 1662; baseline 0.002 -14"><span class='ocrx_word' id='word_1_114' title='bbox 271 1608 393 1649; x_wconf 82' lang='lat' dir='ltr'>dehet</span> <span class='ocrx_word' id='word_1_115' title='bbox 411 1609 690 1662; x_wconf 78' lang='lat' dir='ltr'>appropriari.</span> 
     </span>
    </p>

    <p class='ocr_par' dir='ltr' id='par_1_7' title="bbox 269 1679 1298 2007">
     <span class='ocr_line' id='line_1_20' title="bbox 325 1679 1295 1733; baseline 0 -13"><span class='ocrx_word' id='word_1_116' title='bbox 325 1682 363 1720; x_wconf 91' lang='lat'>3.</span> <span class='ocrx_word' id='word_1_117' title='bbox 385 1679 490 1720; x_wconf 82' lang='lat' dir='ltr'>Item</span> <span class='ocrx_word' id='word_1_118' title='bbox 518 1679 704 1720; x_wconf 82' lang='lat' dir='ltr'>Hilarius</span> <span class='ocrx_word' id='word_1_119' title='bbox 722 1680 819 1721; x_wconf 86' lang='lat' dir='ltr'>dicit</span> <span class='ocrx_word' id='word_1_120' title='bbox 841 1681 854 1702; x_wconf 79' lang='lat'>³</span> <span class='ocrx_word' id='word_1_121' title='bbox 872 1680 985 1733; x_wconf 86' lang='lat' dir='ltr'>quod</span> <span class='ocrx_word' id='word_1_122' title='bbox 1005 1682 1167 1732; x_wconf 80' lang='lat' dir='ltr'>oportet</span> <span class='ocrx_word' id='word_1_123' title='bbox 1186 1680 1295 1720; x_wconf 86' lang='lat' dir='ltr'>ima—</span> 
     </span>
     <span class='ocr_line' id='line_1_21' title="bbox 269 1751 1297 1805; baseline 0.002 -14"><span class='ocrx_word' id='word_1_124' title='bbox 269 1751 415 1804; x_wconf 86' lang='lat' dir='ltr'>ginem</span> <span class='ocrx_word' id='word_1_125' title='bbox 434 1751 589 1792; x_wconf 84' lang='lat' dir='ltr'>habere</span> <span class='ocrx_word' id='word_1_126' title='bbox 606 1752 844 1801; x_wconf 78' lang='lat' dir='ltr'>essentiam,</span> <span class='ocrx_word' id='word_1_127' title='bbox 865 1756 905 1792; x_wconf 89' lang='lat' dir='ltr'>et</span> <span class='ocrx_word' id='word_1_128' title='bbox 919 1755 1131 1803; x_wconf 82' lang='lat' dir='ltr'>naturam,</span> <span class='ocrx_word' id='word_1_129' title='bbox 1149 1755 1188 1792; x_wconf 91' lang='lat' dir='ltr'>et</span> <span class='ocrx_word' id='word_1_130' title='bbox 1207 1765 1297 1805; x_wconf 85' lang='lat' dir='ltr'>spe-</span> 
     </span>
     <span class='ocr_line' id='line_1_22' title="bbox 269 1823 1298 1876; baseline 0.002 -13"><span class='ocrx_word' id='word_1_131' title='bbox 269 1823 378 1863; x_wconf 79' lang='lat' dir='ltr'>ciem</span> <span class='ocrx_word' id='word_1_132' title='bbox 414 1824 597 1864; x_wconf 86' lang='lat' dir='ltr'>auctoris</span> <span class='ocrx_word' id='word_1_133' title='bbox 630 1836 639 1864; x_wconf 90' lang='lat'>:</span> <span class='ocrx_word' id='word_1_134' title='bbox 674 1836 806 1876; x_wconf 87' lang='lat' dir='ltr'>quare</span> <span class='ocrx_word' id='word_1_135' title='bbox 841 1835 945 1875; x_wconf 86' lang='lat' dir='ltr'>ergo</span> <span class='ocrx_word' id='word_1_136' title='bbox 980 1824 1115 1875; x_wconf 85' lang='lat' dir='ltr'>magis</span> <span class='ocrx_word' id='word_1_137' title='bbox 1144 1824 1298 1865; x_wconf 82' lang='lat' dir='ltr'>diffinit</span> 
     </span>
     <span class='ocr_line' id='line_1_23' title="bbox 271 1895 1297 1948; baseline 0.003 -14"><span class='ocrx_word' id='word_1_138' title='bbox 271 1895 504 1947; x_wconf 76' lang='lat' dir='ltr'>imaginem</span> <span class='ocrx_word' id='word_1_139' title='bbox 527 1907 603 1948; x_wconf 89' lang='lat' dir='ltr'>per</span> <span class='ocrx_word' id='word_1_140' title='bbox 629 1896 825 1948; x_wconf 84' lang='lat' dir='ltr'>speciem,</span> <span class='ocrx_word' id='word_1_141' title='bbox 848 1908 978 1948; x_wconf 83' lang='lat' dir='ltr'>quam</span> <span class='ocrx_word' id='word_1_142' title='bbox 995 1895 1163 1948; x_wconf 80' lang='lat' dir='ltr'>aliquod</span> <span class='ocrx_word' id='word_1_143' title='bbox 1193 1896 1297 1937; x_wconf 86' lang='lat' dir='ltr'>alio-</span> 
     </span>
     <span class='ocr_line' id='line_1_24' title="bbox 271 1970 397 2007; baseline 0.008 -1"><span class='ocrx_word' id='word_1_144' title='bbox 271 1970 397 2007; x_wconf 79' lang='lat' dir='ltr'>rum?</span> 
     </span>
    </p>

    <p class='ocr_par' dir='ltr' id='par_1_8' title="bbox 267 2037 1296 2234">
     <span class='ocr_line' id='line_1_25' title="bbox 321 2037 1294 2088; baseline 0.003 -11"><span class='ocrx_word' id='word_1_145' title='bbox 321 2040 360 2077; x_wconf 76' lang='lat'>4.</span> <span class='ocrx_word' id='word_1_146' title='bbox 383 2037 486 2078; x_wconf 78' lang='lat' dir='ltr'>Item</span> <span class='ocrx_word' id='word_1_147' title='bbox 505 2050 591 2078; x_wconf 88' lang='lat' dir='ltr'>non</span> <span class='ocrx_word' id='word_1_148' title='bbox 609 2040 671 2078; x_wconf 88' lang='lat' dir='ltr'>est</span> <span class='ocrx_word' id='word_1_149' title='bbox 698 2039 904 2079; x_wconf 89' lang='lat' dir='ltr'>utendum</span> <span class='ocrx_word' id='word_1_150' title='bbox 925 2039 1006 2079; x_wconf 80' lang='lat' dir='ltr'>Deo</span> <span class='ocrx_word' id='word_1_151' title='bbox 1026 2070 1034 2088; x_wconf 84' lang='lat'>,</span> <span class='ocrx_word' id='word_1_152' title='bbox 1065 2040 1135 2080; x_wconf 87' lang='lat' dir='ltr'>sed</span> <span class='ocrx_word' id='word_1_153' title='bbox 1156 2040 1294 2080; x_wconf 89' lang='lat' dir='ltr'>solum</span> 
     </span>
     <span class='ocr_line' id='line_1_26' title="bbox 268 2109 1296 2164; baseline 0.003 -15"><span class='ocrx_word' id='word_1_154' title='bbox 268 2112 487 2150; x_wconf 85' lang='lat' dir='ltr'>creatura:</span> <span class='ocrx_word' id='word_1_155' title='bbox 510 2121 613 2162; x_wconf 84' lang='lat' dir='ltr'>ergo</span> <span class='ocrx_word' id='word_1_156' title='bbox 630 2122 734 2149; x_wconf 87' lang='lat' dir='ltr'>usus</span> <span class='ocrx_word' id='word_1_157' title='bbox 749 2109 856 2149; x_wconf 86' lang='lat' dir='ltr'>nulli</span> <span class='ocrx_word' id='word_1_158' title='bbox 870 2122 1059 2162; x_wconf 62' lang='lat' dir='ltr'>personae</span> <span class='ocrx_word' id='word_1_159' title='bbox 1073 2114 1133 2151; x_wconf 88' lang='lat' dir='ltr'>est</span> <span class='ocrx_word' id='word_1_160' title='bbox 1148 2124 1296 2164; x_wconf 86' lang='lat' dir='ltr'>appro-</span> 
     </span>
     <span class='ocr_line' id='line_1_27' title="bbox 267 2180 1152 2234; baseline 0.003 -14"><span class='ocrx_word' id='word_1_161' title='bbox 267 2181 476 2234; x_wconf 89' lang='lat' dir='ltr'>priabilis:</span> <span class='ocrx_word' id='word_1_162' title='bbox 501 2193 604 2233; x_wconf 87' lang='lat' dir='ltr'>ergo</span> <span class='ocrx_word' id='word_1_163' title='bbox 625 2194 702 2221; x_wconf 88' lang='lat' dir='ltr'>nec</span> <span class='ocrx_word' id='word_1_164' title='bbox 722 2180 895 2234; x_wconf 88' lang='lat' dir='ltr'>Spiritui</span> <span class='ocrx_word' id='word_1_165' title='bbox 917 2185 1060 2222; x_wconf 82' lang='lat' dir='ltr'>sancto</span> <span class='ocrx_word' id='word_1_166' title='bbox 1082 2185 1152 2233; x_wconf 78' lang='grc' dir='ltr'><strong>(α).</strong></span> 
     </span>
    </p>

    <p class='ocr_par' dir='ltr' id='par_1_9' title="bbox 266 2251 1295 2508">
     <span class='ocr_line' id='line_1_28' title="bbox 320 2251 1295 2306; baseline 0.003 -14"><span class='ocrx_word' id='word_1_167' title='bbox 320 2255 359 2292; x_wconf 84' lang='lat'>5.</span> <span class='ocrx_word' id='word_1_168' title='bbox 382 2251 506 2303; x_wconf 89' lang='lat' dir='ltr'>Item,</span> <span class='ocrx_word' id='word_1_169' title='bbox 538 2252 761 2305; x_wconf 78' lang='lat' dir='ltr'>Dionysius</span> <span class='ocrx_word' id='word_1_170' title='bbox 782 2253 881 2293; x_wconf 90' lang='lat' dir='ltr'>dicit</span> <span class='ocrx_word' id='word_1_171' title='bbox 900 2254 913 2274; x_wconf 59' lang='lat'>⁶</span> <span class='ocrx_word' id='word_1_172' title='bbox 934 2254 1046 2306; x_wconf 85' lang='lat' dir='ltr'>quod</span> <span class='ocrx_word' id='word_1_173' title='bbox 1066 2255 1226 2294; x_wconf 83' lang='lat' dir='ltr'>honum</span> <span class='ocrx_word' id='word_1_174' title='bbox 1255 2258 1295 2295; x_wconf 86' lang='lat' dir='ltr'>et</span> 
     </span>
     <span class='ocr_line' id='line_1_29' title="bbox 266 2324 1294 2377; baseline 0 -12"><span class='ocrx_word' id='word_1_175' title='bbox 266 2324 494 2377; x_wconf 82' lang='lat' dir='ltr'>pulchrum</span> <span class='ocrx_word' id='word_1_176' title='bbox 522 2325 634 2365; x_wconf 88' lang='lat' dir='ltr'>idem</span> <span class='ocrx_word' id='word_1_177' title='bbox 666 2328 759 2365; x_wconf 86' lang='lat' dir='ltr'>est:</span> <span class='ocrx_word' id='word_1_178' title='bbox 792 2337 896 2376; x_wconf 83' lang='lat' dir='ltr'>ergo</span> <span class='ocrx_word' id='word_1_179' title='bbox 924 2338 1022 2366; x_wconf 88' lang='lat' dir='ltr'>cum</span> <span class='ocrx_word' id='word_1_180' title='bbox 1050 2327 1213 2366; x_wconf 78' lang='lat' dir='ltr'>bonitas</span> <span class='ocrx_word' id='word_1_181' title='bbox 1241 2327 1294 2365; x_wconf 86' lang='lat' dir='ltr'>sit</span> 
     </span>
     <span class='ocr_line' id='line_1_30' title="bbox 266 2396 1291 2451; baseline 0.002 -15"><span class='ocrx_word' id='word_1_182' title='bbox 266 2396 584 2449; x_wconf 86' lang='lat' dir='ltr'>appropriabilis</span> <span class='ocrx_word' id='word_1_183' title='bbox 607 2396 783 2449; x_wconf 88' lang='lat' dir='ltr'>Spiritui</span> <span class='ocrx_word' id='word_1_184' title='bbox 802 2401 945 2438; x_wconf 80' lang='lat' dir='ltr'>sancto</span> <span class='ocrx_word' id='word_1_185' title='bbox 965 2430 974 2447; x_wconf 88' lang='lat'>,</span> <span class='ocrx_word' id='word_1_186' title='bbox 1003 2410 1104 2450; x_wconf 82' lang='lat' dir='ltr'>ergo</span> <span class='ocrx_word' id='word_1_187' title='bbox 1131 2401 1171 2438; x_wconf 91' lang='lat' dir='ltr'>et</span> <span class='ocrx_word' id='word_1_188' title='bbox 1191 2398 1291 2451; x_wconf 87' lang='lat' dir='ltr'>pul-</span> 
     </span>
     <span class='ocr_line' id='line_1_31' title="bbox 267 2467 475 2508; baseline 0.005 -1"><span class='ocrx_word' id='word_1_189' title='bbox 267 2467 475 2508; x_wconf 83' lang='lat' dir='ltr'>chritudo.</span> 
     </span>
    </p>
   </div>
   <div class='ocr_carea' id='block_1_6' title="bbox 608 2595 952 2638">
    <p class='ocr_par' dir='ltr' id='par_1_10' title="bbox 608 2595 952 2638">
     <span class='ocr_line' id='line_1_32' title="bbox 608 2595 952 2638; baseline 0 -1"><span class='ocrx_word' id='word_1_190' title='bbox 608 2595 952 2638; x_wconf 80' lang='lat' dir='ltr'>CONCLUSIO.</span> 
     </span>
    </p>
   </div>
   <div class='ocr_carea' id='block_1_7' title="bbox 266 2709 1294 3162">
    <p class='ocr_par' dir='ltr' id='par_1_11' title="bbox 266 2709 1294 3162">
     <span class='ocr_line' id='line_1_33' title="bbox 266 2709 1290 2757; baseline -0.001 -10"><span class='ocrx_word' id='word_1_191' title='bbox 266 2713 423 2756; x_wconf 72' lang='lat' dir='ltr'>Conqrue</span> <span class='ocrx_word' id='word_1_192' title='bbox 447 2711 708 2757; x_wconf 66' lang='lat' dir='ltr'>appropriatur</span> <span class='ocrx_word' id='word_1_193' title='bbox 732 2709 914 2744; x_wconf 68' lang='lat' dir='ltr'>{eternitas</span> <span class='ocrx_word' id='word_1_194' title='bbox 934 2711 1038 2745; x_wconf 64' lang='lat' dir='ltr'>Patri</span> <span class='ocrx_word' id='word_1_195' title='bbox 1054 2714 1202 2757; x_wconf 76' lang='lat' dir='ltr'>propter</span> <span class='ocrx_word' id='word_1_196' title='bbox 1231 2723 1290 2747; x_wconf 80' lang='lat' dir='ltr'>ca-</span> 
     </span>
     <span class='ocr_line' id='line_1_34' title="bbox 312 2769 1294 2816; baseline -0.001 -9"><span class='ocrx_word' id='word_1_197' title='bbox 312 2773 468 2807; x_wconf 69' lang='lat' dir='ltr'>rentiam</span> <span class='ocrx_word' id='word_1_198' title='bbox 495 2771 699 2816; x_wconf 70' lang='lat' dir='ltr'>princz&#39;pii3</span> <span class='ocrx_word' id='word_1_199' title='bbox 735 2780 839 2809; x_wconf 85' lang='lat' dir='ltr'>usus,</span> <span class='ocrx_word' id='word_1_200' title='bbox 880 2772 920 2804; x_wconf 78' lang='lat' dir='ltr'>ut</span> <span class='ocrx_word' id='word_1_201' title='bbox 954 2769 1043 2805; x_wconf 62' lang='lat' dir='ltr'>decit</span> <span class='ocrx_word' id='word_1_202' title='bbox 1076 2772 1294 2815; x_wconf 62' lang='lat' dir='ltr'>generaliter</span> 
     </span>
     <span class='ocr_line' id='line_1_35' title="bbox 314 2827 1294 2875; baseline 0 -10"><span class='ocrx_word' id='word_1_203' title='bbox 314 2832 432 2865; x_wconf 78' lang='lat' dir='ltr'>actum</span> <span class='ocrx_word' id='word_1_204' title='bbox 446 2830 656 2869; x_wconf 73' lang='lat' dir='ltr'>voluntatis,</span> <span class='ocrx_word' id='word_1_205' title='bbox 674 2827 832 2874; x_wconf 70' lang='lat' dir='ltr'>Spiritui</span> <span class='ocrx_word' id='word_1_206' title='bbox 844 2832 978 2871; x_wconf 75' lang='lat' dir='ltr'>sancto,</span> <span class='ocrx_word' id='word_1_207' title='bbox 993 2833 1140 2875; x_wconf 79' lang='lat' dir='ltr'>propter</span> <span class='ocrx_word' id='word_1_208' title='bbox 1154 2830 1294 2865; x_wconf 69' lang='lat' dir='ltr'>modum</span> 
     </span>
     <span class='ocr_line' id='line_1_36' title="bbox 315 2887 1291 2935; baseline 0.001 -11"><span class='ocrx_word' id='word_1_209' title='bbox 315 2890 564 2931; x_wconf 68' lang='lat' dir='ltr'>emanationis,</span> <span class='ocrx_word' id='word_1_210' title='bbox 586 2888 626 2923; x_wconf 61' lang='grc' dir='ltr'>τά</span> <span class='ocrx_word' id='word_1_211' title='bbox 644 2890 707 2932; x_wconf 77' lang='lat' dir='ltr'>est,</span> <span class='ocrx_word' id='word_1_212' title='bbox 727 2887 912 2923; x_wconf 76' lang='lat' dir='ltr'>secundum</span> <span class='ocrx_word' id='word_1_213' title='bbox 932 2890 1171 2935; x_wconf 57' lang='lat' dir='ltr'>voluntatem</span> <span class='ocrx_word' id='word_1_214' title='bbox 1194 2891 1291 2925; x_wconf 68' lang='lat' dir='ltr'>Filio</span> 
     </span>
     <span class='ocr_line' id='line_1_37' title="bbox 316 2947 1291 2994; baseline 0 -11"><span class='ocrx_word' id='word_1_215' title='bbox 316 2950 434 2983; x_wconf 82' lang='lat' dir='ltr'>autem</span> <span class='ocrx_word' id='word_1_216' title='bbox 454 2947 609 2993; x_wconf 80' lang='lat' dir='ltr'>species,</span> <span class='ocrx_word' id='word_1_217' title='bbox 631 2948 717 2992; x_wconf 68' lang='lat' dir='ltr'>qum</span> <span class='ocrx_word' id='word_1_218' title='bbox 737 2948 866 2992; x_wconf 70' lang='lat' dir='ltr'>species</span> <span class='ocrx_word' id='word_1_219' title='bbox 887 2947 976 2982; x_wconf 58' lang='lat' dir='ltr'>decit</span> <span class='ocrx_word' id='word_1_220' title='bbox 993 2948 1291 2994; x_wconf 58' lang='lat' dir='ltr'>strnffitudtnem,</span> 
     </span>
     <span class='ocr_line' id='line_1_38' title="bbox 315 3005 1294 3053; baseline 0.001 -11"><span class='ocrx_word' id='word_1_221' title='bbox 315 3010 492 3043; x_wconf 75' lang='lat' dir='ltr'>rationem</span> <span class='ocrx_word' id='word_1_222' title='bbox 523 3005 767 3052; x_wconf 63' lang='lat' dir='ltr'>cognoscendi,</span> <span class='ocrx_word' id='word_1_223' title='bbox 790 3009 823 3041; x_wconf 77' lang='lat' dir='ltr'>et</span> <span class='ocrx_word' id='word_1_224' title='bbox 847 3007 1150 3052; x_wconf 70' lang='lat' dir='ltr'>pulchritudinem</span> <span class='ocrx_word' id='word_1_225' title='bbox 1177 3020 1187 3042; x_wconf 92' lang='lat'><strong>:</strong></span> <span class='ocrx_word' id='word_1_226' title='bbox 1219 3019 1294 3053; x_wconf 76' lang='lat' dir='ltr'>quw</span> 
     </span>
     <span class='ocr_line' id='line_1_39' title="bbox 316 3067 1294 3113; baseline 0 -11"><span class='ocrx_word' id='word_1_227' title='bbox 316 3069 438 3102; x_wconf 73' lang='lat' dir='ltr'>omnia</span> <span class='ocrx_word' id='word_1_228' title='bbox 456 3068 517 3103; x_wconf 70' lang='lat' dir='ltr'>illi</span> <span class='ocrx_word' id='word_1_229' title='bbox 536 3068 748 3112; x_wconf 54' lang='lat' dir='ltr'>congruunt,</span> <span class='ocrx_word' id='word_1_230' title='bbox 777 3068 864 3110; x_wconf 75' lang='lat' dir='ltr'>quia</span> <span class='ocrx_word' id='word_1_231' title='bbox 894 3070 1036 3102; x_wconf 68' lang='lat' dir='ltr'>emanat</span> <span class='ocrx_word' id='word_1_232' title='bbox 1060 3077 1125 3113; x_wconf 75' lang='lat' dir='ltr'>per</span> <span class='ocrx_word' id='word_1_233' title='bbox 1154 3067 1294 3102; x_wconf 70' lang='lat' dir='ltr'>modum</span> 
     </span>
     <span class='ocr_line' id='line_1_40' title="bbox 315 3129 468 3162; baseline 0.007 -1"><span class='ocrx_word' id='word_1_234' title='bbox 315 3129 468 3162; x_wconf 67' lang='lat' dir='ltr'>naturae.</span> 
     </span>
    </p>
   </div>
   <div class='ocr_carea' id='block_1_8' title="bbox 270 3247 1295 3372">
    <p class='ocr_par' dir='ltr' id='par_1_12' title="bbox 270 3247 1295 3372">
     <span class='ocr_line' id='line_1_41' title="bbox 322 3247 1294 3301; baseline -0.001 -13"><span class='ocrx_word' id='word_1_235' title='bbox 322 3247 446 3300; x_wconf 89' lang='lat' dir='ltr'>Resp.</span> <span class='ocrx_word' id='word_1_236' title='bbox 467 3249 518 3289; x_wconf 88' lang='lat' dir='ltr'>ad</span> <span class='ocrx_word' id='word_1_237' title='bbox 535 3249 640 3301; x_wconf 86' lang='lat' dir='ltr'>Arg.</span> <span class='ocrx_word' id='word_1_238' title='bbox 665 3248 895 3289; x_wconf 80' lang='lat' dir='ltr'>Dicendum</span> <span class='ocrx_word' id='word_1_239' title='bbox 914 3248 1028 3300; x_wconf 87' lang='lat' dir='ltr'>quod</span> <span class='ocrx_word' id='word_1_240' title='bbox 1046 3248 1117 3288; x_wconf 81' lang='lat' dir='ltr'>illa</span> <span class='ocrx_word' id='word_1_241' title='bbox 1138 3259 1294 3300; x_wconf 89' lang='lat' dir='ltr'>appro-</span> 
     </span>
     <span class='ocr_line' id='line_1_42' title="bbox 270 3318 1295 3372; baseline -0.002 -13"><span class='ocrx_word' id='word_1_242' title='bbox 270 3319 422 3372; x_wconf 71' lang='lat' dir='ltr'>priatio</span> <span class='ocrx_word' id='word_1_243' title='bbox 454 3318 600 3360; x_wconf 87' lang='lat' dir='ltr'>Hilarii</span> <span class='ocrx_word' id='word_1_244' title='bbox 620 3320 700 3361; x_wconf 82' lang='lat' dir='ltr'>suit</span> <span class='ocrx_word' id='word_1_245' title='bbox 731 3320 784 3360; x_wconf 90' lang='lat' dir='ltr'>ad</span> <span class='ocrx_word' id='word_1_246' title='bbox 813 3319 1111 3371; x_wconf 79' lang='lat' dir='ltr'>explicandum</span> <span class='ocrx_word' id='word_1_247' title='bbox 1147 3330 1295 3371; x_wconf 87' lang='lat' dir='ltr'>perso-</span> 
     </span>
    </p>
   </div>
   <div class='ocr_carea' id='block_1_9' title="bbox 270 3401 1296 3585">
    <p class='ocr_par' dir='ltr' id='par_1_13' title="bbox 270 3401 1296 3585">
     <span class='ocr_line' id='line_1_43' title="bbox 311 3401 1295 3443; baseline -0.002 -10"><span class='ocrx_word' id='word_1_248' title='bbox 311 3402 323 3423; x_wconf 89' lang='lat'>1</span> <span class='ocrx_word' id='word_1_249' title='bbox 338 3402 390 3442; x_wconf 82' lang='lat' dir='ltr'>Cf.</span> <span class='ocrx_word' id='word_1_250' title='bbox 404 3402 684 3443; x_wconf 77' lang='lat' dir='ltr'>Alex.A1ens.,p.</span> <span class='ocrx_word' id='word_1_251' title='bbox 706 3403 736 3442; x_wconf 89' lang='grc'><strong>1,</strong></span> <span class='ocrx_word' id='word_1_252' title='bbox 751 3412 784 3443; x_wconf 86' lang='lat' dir='ltr'>q.</span> <span class='ocrx_word' id='word_1_253' title='bbox 800 3409 906 3441; x_wconf 67' lang='lat' dir='ltr'>LXVII,</span> <span class='ocrx_word' id='word_1_254' title='bbox 916 3401 1042 3433; x_wconf 87' lang='lat' dir='ltr'>memb.</span> <span class='ocrx_word' id='word_1_255' title='bbox 1057 3404 1071 3432; x_wconf 81' lang='lat'><strong>1</strong></span> <span class='ocrx_word' id='word_1_256' title='bbox 1086 3411 1095 3441; x_wconf 81' lang='lat'>3</span> <span class='ocrx_word' id='word_1_257' title='bbox 1112 3402 1146 3433; x_wconf 86' lang='lat' dir='ltr'>S.</span> <span class='ocrx_word' id='word_1_258' title='bbox 1161 3401 1295 3440; x_wconf 86' lang='lat' dir='ltr'>Thom.,</span> 
     </span>
     <span class='ocr_line' id='line_1_44' title="bbox 270 3448 1295 3490; baseline -0.002 -10"><span class='ocrx_word' id='word_1_259' title='bbox 270 3459 304 3490; x_wconf 93' lang='lat' dir='ltr'>p.</span> <span class='ocrx_word' id='word_1_260' title='bbox 321 3449 347 3488; x_wconf 89' lang='lat' dir='ltr'>l,</span> <span class='ocrx_word' id='word_1_261' title='bbox 359 3458 390 3489; x_wconf 86' lang='lat' dir='ltr'>q.</span> <span class='ocrx_word' id='word_1_262' title='bbox 411 3457 540 3489; x_wconf 65' lang='lat' dir='ltr'>XXXIX,</span> <span class='ocrx_word' id='word_1_263' title='bbox 555 3452 618 3481; x_wconf 85' lang='lat' dir='ltr'>art.</span> <span class='ocrx_word' id='word_1_264' title='bbox 635 3452 665 3488; x_wconf 79' lang='lat'>83</span> <span class='ocrx_word' id='word_1_265' title='bbox 682 3453 715 3481; x_wconf 84' lang='lat' dir='ltr'>et</span> <span class='ocrx_word' id='word_1_266' title='bbox 734 3450 744 3480; x_wconf 96' lang='lat' dir='ltr'>l</span> <span class='ocrx_word' id='word_1_267' title='bbox 764 3450 869 3487; x_wconf 65' lang='lat' dir='ltr'>Sent„</span> <span class='ocrx_word' id='word_1_268' title='bbox 885 3448 961 3479; x_wconf 85' lang='lat' dir='ltr'>dist.</span> <span class='ocrx_word' id='word_1_269' title='bbox 978 3456 1072 3489; x_wconf 53' lang='lat' dir='ltr'>xxxi,</span> <span class='ocrx_word' id='word_1_270' title='bbox 1084 3459 1115 3488; x_wconf 80' lang='lat' dir='ltr'>q.</span> <span class='ocrx_word' id='word_1_271' title='bbox 1135 3456 1171 3488; x_wconf 70' lang='grc' dir='ltr'>ιι,</span> <span class='ocrx_word' id='word_1_272' title='bbox 1185 3450 1246 3479; x_wconf 83' lang='lat' dir='ltr'>art.</span> <span class='ocrx_word' id='word_1_273' title='bbox 1261 3452 1295 3488; x_wconf 52' lang='lat'>113</span> 
     </span>
     <span class='ocr_line' id='line_1_45' title="bbox 271 3496 1296 3536; baseline -0.002 -9"><span class='ocrx_word' id='word_1_274' title='bbox 271 3496 423 3536; x_wconf 79' lang='lat' dir='ltr'>AEgidius</span> <span class='ocrx_word' id='word_1_275' title='bbox 437 3499 547 3536; x_wconf 62' lang='lat' dir='ltr'>Rom„</span> <span class='ocrx_word' id='word_1_276' title='bbox 562 3497 572 3527; x_wconf 87' lang='lat'>1</span> <span class='ocrx_word' id='word_1_277' title='bbox 588 3497 692 3536; x_wconf 67' lang='lat' dir='ltr'>Sent„</span> <span class='ocrx_word' id='word_1_278' title='bbox 709 3497 784 3528; x_wconf 88' lang='lat' dir='ltr'>dist.</span> <span class='ocrx_word' id='word_1_279' title='bbox 798 3504 893 3536; x_wconf 63' lang='lat' dir='ltr'>xxxi,</span> <span class='ocrx_word' id='word_1_280' title='bbox 912 3505 963 3536; x_wconf 79' lang='lat' dir='ltr'>pr.</span> <span class='ocrx_word' id='word_1_281' title='bbox 980 3504 1017 3535; x_wconf 72' lang='lat'>11,</span> <span class='ocrx_word' id='word_1_282' title='bbox 1033 3506 1065 3536; x_wconf 82' lang='lat' dir='ltr'>q.</span> <span class='ocrx_word' id='word_1_283' title='bbox 1083 3505 1110 3536; x_wconf 77' lang='lat'>15</span> <span class='ocrx_word' id='word_1_284' title='bbox 1127 3496 1296 3535; x_wconf 61' lang='lat' dir='ltr'>llicliard„</span> 
     </span>
     <span class='ocr_line' id='line_1_46' title="bbox 273 3543 1295 3585; baseline -0.002 -11"><span class='ocrx_word' id='word_1_285' title='bbox 273 3544 283 3574; x_wconf 90' lang='lat' dir='ltr'>l</span> <span class='ocrx_word' id='word_1_286' title='bbox 304 3544 407 3582; x_wconf 65' lang='lat' dir='ltr'>Sene„</span> <span class='ocrx_word' id='word_1_287' title='bbox 434 3544 510 3575; x_wconf 81' lang='lat' dir='ltr'>dist.</span> <span class='ocrx_word' id='word_1_288' title='bbox 530 3552 631 3584; x_wconf 65' lang='lat' dir='ltr'>xxm,</span> <span class='ocrx_word' id='word_1_289' title='bbox 653 3548 715 3576; x_wconf 85' lang='lat' dir='ltr'>art.</span> <span class='ocrx_word' id='word_1_290' title='bbox 743 3551 779 3585; x_wconf 68' lang='lat'>2,</span> <span class='ocrx_word' id='word_1_291' title='bbox 800 3553 831 3584; x_wconf 83' lang='lat' dir='ltr'>q.</span> <span class='ocrx_word' id='word_1_292' title='bbox 850 3551 930 3575; x_wconf 87' lang='lat'>1.-—-</span> <span class='ocrx_word' id='word_1_293' title='bbox 947 3545 958 3564; x_wconf 73' lang='lat'>2</span> <span class='ocrx_word' id='word_1_294' title='bbox 981 3544 1098 3583; x_wconf 54' lang='lat' dir='ltr'>Hilar„</span> <span class='ocrx_word' id='word_1_295' title='bbox 1119 3543 1157 3574; x_wconf 72' lang='lat' dir='ltr'>(le</span> <span class='ocrx_word' id='word_1_296' title='bbox 1192 3543 1295 3583; x_wconf 52' lang='lat' dir='ltr'>Tria„</span> 
     </span>
    </p>
   </div>
   <div class='ocr_carea' id='block_1_10' title="bbox 1364 318 2395 3368">
    <p class='ocr_par' dir='ltr' id='par_1_14' title="bbox 1364 318 2395 3368">
     <span class='ocr_line' id='line_1_47' title="bbox 1367 318 2388 370; baseline 0.002 -12"><span class='ocrx_word' id='word_1_297' title='bbox 1367 330 1522 358; x_wconf 89' lang='lat' dir='ltr'>narum</span> <span class='ocrx_word' id='word_1_298' title='bbox 1552 318 1762 370; x_wconf 85' lang='lat' dir='ltr'>originem</span> <span class='ocrx_word' id='word_1_299' title='bbox 1777 350 1787 368; x_wconf 96' lang='lat'>,</span> <span class='ocrx_word' id='word_1_300' title='bbox 1809 318 1897 358; x_wconf 87' lang='lat' dir='ltr'>sive</span> <span class='ocrx_word' id='word_1_301' title='bbox 1922 319 2245 359; x_wconf 73' lang='lat' dir='ltr'>emanationem.</span> <span class='ocrx_word' id='word_1_302' title='bbox 2276 320 2388 369; x_wconf 76' lang='lat' dir='ltr'>Quo-</span> 
     </span>
     <span class='ocr_line' id='line_1_48' title="bbox 1368 387 2389 442; baseline 0.003 -14"><span class='ocrx_word' id='word_1_303' title='bbox 1368 390 1483 429; x_wconf 85' lang='lat' dir='ltr'>niam</span> <span class='ocrx_word' id='word_1_304' title='bbox 1500 401 1603 441; x_wconf 84' lang='lat' dir='ltr'>ergo</span> <span class='ocrx_word' id='word_1_305' title='bbox 1619 401 1796 442; x_wconf 83' lang='lat' dir='ltr'>persona</span> <span class='ocrx_word' id='word_1_306' title='bbox 1814 387 1948 428; x_wconf 78' lang='lat' dir='ltr'>Patris</span> <span class='ocrx_word' id='word_1_307' title='bbox 1965 390 2229 431; x_wconf 78' lang='lat' dir='ltr'>emanatione</span> <span class='ocrx_word' id='word_1_308' title='bbox 2248 394 2289 431; x_wconf 88' lang='lat' dir='ltr'>et</span> <span class='ocrx_word' id='word_1_309' title='bbox 2308 391 2389 431; x_wconf 87' lang='lat' dir='ltr'>ori-</span> 
     </span>
     <span class='ocr_line' id='line_1_49' title="bbox 1368 459 2386 514; baseline 0.004 -16"><span class='ocrx_word' id='word_1_310' title='bbox 1368 460 1467 511; x_wconf 82' lang='lat' dir='ltr'>gine</span> <span class='ocrx_word' id='word_1_311' title='bbox 1498 463 1636 510; x_wconf 79' lang='lat' dir='ltr'>caret,</span> <span class='ocrx_word' id='word_1_312' title='bbox 1671 460 1764 500; x_wconf 90' lang='lat' dir='ltr'>ideo</span> <span class='ocrx_word' id='word_1_313' title='bbox 1788 459 1829 499; x_wconf 87' lang='lat' dir='ltr'>id</span> <span class='ocrx_word' id='word_1_314' title='bbox 1859 459 2004 499; x_wconf 79' lang='lat' dir='ltr'>debuit</span> <span class='ocrx_word' id='word_1_315' title='bbox 2035 460 2071 499; x_wconf 90' lang='lat' dir='ltr'>ei</span> <span class='ocrx_word' id='word_1_316' title='bbox 2103 462 2386 514; x_wconf 81' lang='lat' dir='ltr'>appropriari,</span> 
     </span>
     <span class='ocr_line' id='line_1_50' title="bbox 1369 530 2389 584; baseline 0.004 -14"><span class='ocrx_word' id='word_1_317' title='bbox 1369 531 1481 583; x_wconf 83' lang='lat' dir='ltr'>quod</span> <span class='ocrx_word' id='word_1_318' title='bbox 1516 532 1716 584; x_wconf 81' lang='lat' dir='ltr'>importat</span> <span class='ocrx_word' id='word_1_319' title='bbox 1742 530 2021 584; x_wconf 85' lang='lat' dir='ltr'>privationem</span> <span class='ocrx_word' id='word_1_320' title='bbox 2048 532 2258 584; x_wconf 85' lang='lat' dir='ltr'>principii.</span> <span class='ocrx_word' id='word_1_321' title='bbox 2292 533 2389 574; x_wconf 88' lang='lat' dir='ltr'>Tale</span> 
     </span>
     <span class='ocr_line' id='line_1_51' title="bbox 1368 602 2389 651; baseline 0.003 -10"><span class='ocrx_word' id='word_1_322' title='bbox 1368 604 1511 641; x_wconf 85' lang='lat' dir='ltr'>autem</span> <span class='ocrx_word' id='word_1_323' title='bbox 1532 605 1593 642; x_wconf 84' lang='lat' dir='ltr'>est</span> <span class='ocrx_word' id='word_1_324' title='bbox 1612 603 1691 642; x_wconf 90' lang='lat' dir='ltr'>hoc</span> <span class='ocrx_word' id='word_1_325' title='bbox 1710 614 1882 651; x_wconf 86' lang='lat' dir='ltr'>nomen,</span> <span class='ocrx_word' id='word_1_326' title='bbox 1905 602 2120 644; x_wconf 71' lang='lat' dir='ltr'>(eternitas</span> <span class='ocrx_word' id='word_1_327' title='bbox 2145 617 2159 643; x_wconf 93' lang='grc'>.·</span> <span class='ocrx_word' id='word_1_328' title='bbox 2180 607 2389 644; x_wconf 64' lang='lat' dir='ltr'>aeternum</span> 
     </span>
     <span class='ocr_line' id='line_1_52' title="bbox 1369 672 2390 726; baseline 0.004 -14"><span class='ocrx_word' id='word_1_329' title='bbox 1369 674 1484 712; x_wconf 90' lang='lat' dir='ltr'>enim</span> <span class='ocrx_word' id='word_1_330' title='bbox 1512 676 1593 722; x_wconf 90' lang='lat' dir='ltr'>est,</span> <span class='ocrx_word' id='word_1_331' title='bbox 1622 673 1734 725; x_wconf 84' lang='lat' dir='ltr'>quod</span> <span class='ocrx_word' id='word_1_332' title='bbox 1764 673 1969 726; x_wconf 86' lang='lat' dir='ltr'>principio</span> <span class='ocrx_word' id='word_1_333' title='bbox 1995 676 2121 713; x_wconf 87' lang='lat' dir='ltr'>caret.</span> <span class='ocrx_word' id='word_1_334' title='bbox 2149 672 2199 714; x_wconf 87' lang='lat' dir='ltr'>Et</span> <span class='ocrx_word' id='word_1_335' title='bbox 2222 675 2316 715; x_wconf 88' lang='lat' dir='ltr'>licet</span> <span class='ocrx_word' id='word_1_336' title='bbox 2340 676 2390 716; x_wconf 85' lang='lat' dir='ltr'>de</span> 
     </span>
     <span class='ocr_line' id='line_1_53' title="bbox 1369 744 2391 797; baseline 0.003 -14"><span class='ocrx_word' id='word_1_337' title='bbox 1369 756 1445 784; x_wconf 84' lang='lat' dir='ltr'>suo</span> <span class='ocrx_word' id='word_1_338' title='bbox 1464 745 1636 784; x_wconf 90' lang='lat' dir='ltr'>nomine</span> <span class='ocrx_word' id='word_1_339' title='bbox 1654 757 1741 785; x_wconf 90' lang='lat' dir='ltr'>non</span> <span class='ocrx_word' id='word_1_340' title='bbox 1760 745 1868 785; x_wconf 88' lang='lat' dir='ltr'>dicat</span> <span class='ocrx_word' id='word_1_341' title='bbox 1884 745 1965 784; x_wconf 85' lang='lat' dir='ltr'>nisi</span> <span class='ocrx_word' id='word_1_342' title='bbox 1988 744 2268 797; x_wconf 73' lang='lat' dir='ltr'>privationem</span> <span class='ocrx_word' id='word_1_343' title='bbox 2285 746 2391 786; x_wconf 89' lang='lat' dir='ltr'>initii</span> 
     </span>
     <span class='ocr_line' id='line_1_54' title="bbox 1369 815 2392 870; baseline 0.004 -16"><span class='ocrx_word' id='word_1_344' title='bbox 1369 815 1620 865; x_wconf 78' lang='lat' dir='ltr'>durationis,</span> <span class='ocrx_word' id='word_1_345' title='bbox 1639 829 1713 869; x_wconf 82' lang='lat' dir='ltr'>per</span> <span class='ocrx_word' id='word_1_346' title='bbox 1732 817 2115 870; x_wconf 82' lang='lat' dir='ltr'>appropriationem</span> <span class='ocrx_word' id='word_1_347' title='bbox 2133 820 2275 857; x_wconf 84' lang='lat' dir='ltr'>tamen</span> <span class='ocrx_word' id='word_1_348' title='bbox 2294 818 2392 858; x_wconf 76' lang='lat' dir='ltr'>dicit</span> 
     </span>
     <span class='ocr_line' id='line_1_55' title="bbox 1368 886 2394 940; baseline 0.004 -16"><span class='ocrx_word' id='word_1_349' title='bbox 1368 886 1649 937; x_wconf 76' lang='lat' dir='ltr'>priVationem</span> <span class='ocrx_word' id='word_1_350' title='bbox 1681 887 1819 927; x_wconf 86' lang='lat' dir='ltr'>onmis</span> <span class='ocrx_word' id='word_1_351' title='bbox 1855 888 2062 940; x_wconf 86' lang='lat' dir='ltr'>principii.</span> <span class='ocrx_word' id='word_1_352' title='bbox 2100 887 2150 928; x_wconf 83' lang='lat' dir='ltr'>Et</span> <span class='ocrx_word' id='word_1_353' title='bbox 2187 888 2245 928; x_wconf 91' lang='lat' dir='ltr'>sic</span> <span class='ocrx_word' id='word_1_354' title='bbox 2282 891 2394 940; x_wconf 82' lang='lat' dir='ltr'>patet</span> 
     </span>
     <span class='ocr_line' id='line_1_56' title="bbox 1368 957 2393 1012; baseline 0.003 -16"><span class='ocrx_word' id='word_1_355' title='bbox 1368 957 1505 1009; x_wconf 86' lang='lat' dir='ltr'>prima</span> <span class='ocrx_word' id='word_1_356' title='bbox 1523 959 1716 1010; x_wconf 77' lang='lat' dir='ltr'>objectio.</span> <span class='ocrx_word' id='word_1_357' title='bbox 1738 958 1919 1011; x_wconf 82' lang='lat' dir='ltr'>Spiritus</span> <span class='ocrx_word' id='word_1_358' title='bbox 1940 971 2040 1000; x_wconf 85' lang='lat' dir='ltr'>vero</span> <span class='ocrx_word' id='word_1_359' title='bbox 2058 962 2225 1000; x_wconf 81' lang='lat' dir='ltr'>sanctus</span> <span class='ocrx_word' id='word_1_360' title='bbox 2244 972 2393 1012; x_wconf 86' lang='lat' dir='ltr'>proce-</span> 
     </span>
     <span class='ocr_line' id='line_1_57' title="bbox 1369 1028 2394 1081; baseline 0.004 -14"><span class='ocrx_word' id='word_1_361' title='bbox 1369 1028 1428 1067; x_wconf 84' lang='lat' dir='ltr'>dit</span> <span class='ocrx_word' id='word_1_362' title='bbox 1446 1041 1520 1081; x_wconf 90' lang='lat' dir='ltr'>per</span> <span class='ocrx_word' id='word_1_363' title='bbox 1540 1030 1713 1070; x_wconf 87' lang='lat' dir='ltr'>modum</span> <span class='ocrx_word' id='word_1_364' title='bbox 1735 1030 1964 1071; x_wconf 80' lang='lat' dir='ltr'>voluntatis</span> <span class='ocrx_word' id='word_1_365' title='bbox 1985 1034 2024 1070; x_wconf 91' lang='lat' dir='ltr'>et</span> <span class='ocrx_word' id='word_1_366' title='bbox 2048 1031 2206 1070; x_wconf 82' lang='lat' dir='ltr'>amoris</span> <span class='ocrx_word' id='word_1_367' title='bbox 2237 1046 2245 1072; x_wconf 93' lang='lat'>:</span> <span class='ocrx_word' id='word_1_368' title='bbox 2278 1034 2317 1071; x_wconf 91' lang='lat' dir='ltr'>et</span> <span class='ocrx_word' id='word_1_369' title='bbox 2336 1031 2394 1071; x_wconf 78' lang='lat' dir='ltr'>ita</span> 
     </span>
     <span class='ocr_line' id='line_1_58' title="bbox 1368 1100 2393 1155; baseline 0.005 -16"><span class='ocrx_word' id='word_1_370' title='bbox 1368 1100 1510 1141; x_wconf 86' lang='lat' dir='ltr'>debuit</span> <span class='ocrx_word' id='word_1_371' title='bbox 1527 1102 1564 1142; x_wconf 86' lang='lat' dir='ltr'>ei</span> <span class='ocrx_word' id='word_1_372' title='bbox 1578 1102 1839 1154; x_wconf 82' lang='lat' dir='ltr'>appropriari</span> <span class='ocrx_word' id='word_1_373' title='bbox 1857 1114 2011 1142; x_wconf 88' lang='lat' dir='ltr'>nomen</span> <span class='ocrx_word' id='word_1_374' title='bbox 2029 1103 2141 1155; x_wconf 79' lang='lat' dir='ltr'>quod</span> <span class='ocrx_word' id='word_1_375' title='bbox 2158 1106 2299 1143; x_wconf 87' lang='lat' dir='ltr'>actum</span> <span class='ocrx_word' id='word_1_376' title='bbox 2315 1116 2393 1144; x_wconf 72' lang='lat' dir='ltr'>ex-</span> 
     </span>
     <span class='ocr_line' id='line_1_59' title="bbox 1369 1173 2390 1226; baseline 0.002 -14"><span class='ocrx_word' id='word_1_377' title='bbox 1369 1173 1514 1225; x_wconf 87' lang='lat' dir='ltr'>primit</span> <span class='ocrx_word' id='word_1_378' title='bbox 1530 1173 1756 1213; x_wconf 78' lang='lat' dir='ltr'>voluntatis</span> <span class='ocrx_word' id='word_1_379' title='bbox 1772 1186 1781 1213; x_wconf 90' lang='lat'>:</span> <span class='ocrx_word' id='word_1_380' title='bbox 1803 1174 1883 1213; x_wconf 86' lang='lat' dir='ltr'>hoc</span> <span class='ocrx_word' id='word_1_381' title='bbox 1898 1177 2040 1214; x_wconf 81' lang='lat' dir='ltr'>autem</span> <span class='ocrx_word' id='word_1_382' title='bbox 2055 1180 2113 1214; x_wconf 79' lang='lat' dir='ltr'>est</span> <span class='ocrx_word' id='word_1_383' title='bbox 2127 1174 2207 1214; x_wconf 88' lang='lat' dir='ltr'>hoc</span> <span class='ocrx_word' id='word_1_384' title='bbox 2220 1186 2390 1226; x_wconf 85' lang='lat' dir='ltr'>nomen,</span> 
     </span>
     <span class='ocr_line' id='line_1_60' title="bbox 1370 1246 2393 1298; baseline 0.001 -12"><span class='ocrx_word' id='word_1_385' title='bbox 1370 1256 1487 1296; x_wconf 73' lang='lat' dir='ltr'>usus,</span> <span class='ocrx_word' id='word_1_386' title='bbox 1510 1258 1610 1286; x_wconf 88' lang='lat' dir='ltr'>nam</span> <span class='ocrx_word' id='word_1_387' title='bbox 1632 1246 1694 1286; x_wconf 84' lang='lat' dir='ltr'>uti</span> <span class='ocrx_word' id='word_1_388' title='bbox 1714 1248 1775 1286; x_wconf 87' lang='lat' dir='ltr'>est</span> <span class='ocrx_word' id='word_1_389' title='bbox 1793 1258 2007 1285; x_wconf 82' lang='lat' dir='ltr'>assumere</span> <span class='ocrx_word' id='word_1_390' title='bbox 2024 1246 2180 1298; x_wconf 83' lang='lat' dir='ltr'>aliquid</span> <span class='ocrx_word' id='word_1_391' title='bbox 2201 1246 2245 1285; x_wconf 89' lang='lat' dir='ltr'>in</span> <span class='ocrx_word' id='word_1_392' title='bbox 2260 1247 2393 1287; x_wconf 83' lang='lat' dir='ltr'>facul-</span> 
     </span>
     <span class='ocr_line' id='line_1_61' title="bbox 1369 1316 2393 1367; baseline 0 -11"><span class='ocrx_word' id='word_1_393' title='bbox 1369 1319 1496 1356; x_wconf 80' lang='lat' dir='ltr'>tatem</span> <span class='ocrx_word' id='word_1_394' title='bbox 1518 1317 1766 1365; x_wconf 75' lang='lat' dir='ltr'>voluntatis,</span> <span class='ocrx_word' id='word_1_395' title='bbox 1791 1317 1879 1356; x_wconf 87' lang='lat' dir='ltr'>sive</span> <span class='ocrx_word' id='word_1_396' title='bbox 1905 1317 1955 1356; x_wconf 89' lang='lat' dir='ltr'>ad</span> <span class='ocrx_word' id='word_1_397' title='bbox 1976 1317 2207 1367; x_wconf 83' lang='lat' dir='ltr'>utendum,</span> <span class='ocrx_word' id='word_1_398' title='bbox 2230 1316 2318 1357; x_wconf 82' lang='lat' dir='ltr'>sive</span> <span class='ocrx_word' id='word_1_399' title='bbox 2341 1317 2393 1357; x_wconf 79' lang='lat' dir='ltr'>ad</span> 
     </span>
     <span class='ocr_line' id='line_1_62' title="bbox 1369 1386 2393 1440; baseline 0.002 -14"><span class='ocrx_word' id='word_1_400' title='bbox 1369 1387 1596 1428; x_wconf 82' lang='lat' dir='ltr'>fruendum</span> <span class='ocrx_word' id='word_1_401' title='bbox 1625 1394 1652 1427; x_wconf 71' lang='grc'>5.</span> <span class='ocrx_word' id='word_1_402' title='bbox 1692 1386 1901 1436; x_wconf 80' lang='lat' dir='ltr'>Quoniam</span> <span class='ocrx_word' id='word_1_403' title='bbox 1931 1400 2033 1439; x_wconf 85' lang='lat' dir='ltr'>ergo</span> <span class='ocrx_word' id='word_1_404' title='bbox 2069 1388 2302 1440; x_wconf 82' lang='lat' dir='ltr'>assumptio</span> <span class='ocrx_word' id='word_1_405' title='bbox 2342 1388 2393 1428; x_wconf 85' lang='lat' dir='ltr'>ad</span> 
     </span>
     <span class='ocr_line' id='line_1_63' title="bbox 1370 1458 2394 1511; baseline 0 -13"><span class='ocrx_word' id='word_1_406' title='bbox 1370 1460 1600 1499; x_wconf 83' lang='lat' dir='ltr'>fruendum</span> <span class='ocrx_word' id='word_1_407' title='bbox 1616 1462 1676 1500; x_wconf 87' lang='lat' dir='ltr'>est</span> <span class='ocrx_word' id='word_1_408' title='bbox 1689 1471 1763 1511; x_wconf 87' lang='lat' dir='ltr'>per</span> <span class='ocrx_word' id='word_1_409' title='bbox 1776 1471 1980 1509; x_wconf 86' lang='lat' dir='ltr'>amorem,</span> <span class='ocrx_word' id='word_1_410' title='bbox 1997 1458 2188 1498; x_wconf 81' lang='lat' dir='ltr'>similiter</span> <span class='ocrx_word' id='word_1_411' title='bbox 2201 1458 2253 1498; x_wconf 87' lang='lat' dir='ltr'>ad</span> <span class='ocrx_word' id='word_1_412' title='bbox 2269 1463 2394 1499; x_wconf 84' lang='lat' dir='ltr'>uten-</span> 
     </span>
     <span class='ocr_line' id='line_1_64' title="bbox 1370 1529 2394 1583; baseline -0.001 -13"><span class='ocrx_word' id='word_1_413' title='bbox 1370 1529 1497 1580; x_wconf 87' lang='lat' dir='ltr'>dum,</span> <span class='ocrx_word' id='word_1_414' title='bbox 1520 1531 1622 1582; x_wconf 84' lang='lat' dir='ltr'>quia</span> <span class='ocrx_word' id='word_1_415' title='bbox 1652 1542 1771 1570; x_wconf 91' lang='lat' dir='ltr'>amor</span> <span class='ocrx_word' id='word_1_416' title='bbox 1797 1534 1857 1570; x_wconf 92' lang='lat' dir='ltr'>est</span> <span class='ocrx_word' id='word_1_417' title='bbox 1883 1530 2050 1583; x_wconf 91' lang='lat' dir='ltr'>pondus</span> <span class='ocrx_word' id='word_1_418' title='bbox 2075 1532 2116 1569; x_wconf 86' lang='lat' dir='ltr'>et</span> <span class='ocrx_word' id='word_1_419' title='bbox 2144 1529 2272 1579; x_wconf 80' lang='lat' dir='ltr'>0rd03</span> <span class='ocrx_word' id='word_1_420' title='bbox 2301 1529 2394 1569; x_wconf 81' lang='lat' dir='ltr'>ideo</span> 
     </span>
     <span class='ocr_line' id='line_1_65' title="bbox 1370 1600 2394 1655; baseline 0 -14"><span class='ocrx_word' id='word_1_421' title='bbox 1370 1612 1473 1642; x_wconf 71' lang='lat' dir='ltr'>usus</span> <span class='ocrx_word' id='word_1_422' title='bbox 1496 1605 1607 1641; x_wconf 83' lang='lat' dir='ltr'>recte</span> <span class='ocrx_word' id='word_1_423' title='bbox 1632 1602 1928 1655; x_wconf 85' lang='lat' dir='ltr'>appropriatur</span> <span class='ocrx_word' id='word_1_424' title='bbox 1954 1601 2129 1653; x_wconf 81' lang='lat' dir='ltr'>Spiritui</span> <span class='ocrx_word' id='word_1_425' title='bbox 2157 1604 2314 1641; x_wconf 89' lang='lat' dir='ltr'>sancto.</span> <span class='ocrx_word' id='word_1_426' title='bbox 2343 1600 2394 1641; x_wconf 87' lang='lat' dir='ltr'>Et</span> 
     </span>
     <span class='ocr_line' id='line_1_66' title="bbox 1370 1672 2392 1725; baseline 0.003 -14"><span class='ocrx_word' id='word_1_427' title='bbox 1370 1673 1428 1712; x_wconf 85' lang='lat' dir='ltr'>sic</span> <span class='ocrx_word' id='word_1_428' title='bbox 1441 1675 1551 1725; x_wconf 85' lang='lat' dir='ltr'>patet</span> <span class='ocrx_word' id='word_1_429' title='bbox 1565 1673 1716 1714; x_wconf 82' lang='lat' dir='ltr'>ultimo</span> <span class='ocrx_word' id='word_1_430' title='bbox 1731 1673 1973 1725; x_wconf 68' lang='lat' dir='ltr'>quaesitum,</span> <span class='ocrx_word' id='word_1_431' title='bbox 1993 1672 2147 1712; x_wconf 89' lang='lat' dir='ltr'>scilicet</span> <span class='ocrx_word' id='word_1_432' title='bbox 2163 1672 2274 1724; x_wconf 89' lang='lat' dir='ltr'>quod</span> <span class='ocrx_word' id='word_1_433' title='bbox 2290 1683 2392 1714; x_wconf 77' lang='lat' dir='ltr'>usus</span> 
     </span>
     <span class='ocr_line' id='line_1_67' title="bbox 1370 1743 2395 1797; baseline 0.001 -14"><span class='ocrx_word' id='word_1_434' title='bbox 1370 1744 1571 1797; x_wconf 77' lang='lat' dir='ltr'>accipitur</span> <span class='ocrx_word' id='word_1_435' title='bbox 1604 1744 1673 1784; x_wconf 86' lang='lat' dir='ltr'>hic</span> <span class='ocrx_word' id='word_1_436' title='bbox 1713 1757 1800 1785; x_wconf 90' lang='lat' dir='ltr'>non</span> <span class='ocrx_word' id='word_1_437' title='bbox 1840 1747 1966 1796; x_wconf 90' lang='lat' dir='ltr'>prout</span> <span class='ocrx_word' id='word_1_438' title='bbox 2011 1743 2216 1785; x_wconf 83' lang='lat' dir='ltr'>dividitur</span> <span class='ocrx_word' id='word_1_439' title='bbox 2251 1747 2395 1784; x_wconf 87' lang='lat' dir='ltr'>contra</span> 
     </span>
     <span class='ocr_line' id='line_1_68' title="bbox 1370 1814 2392 1868; baseline 0 -14"><span class='ocrx_word' id='word_1_440' title='bbox 1370 1816 1611 1856; x_wconf 72' lang='lat' dir='ltr'>fruitionem</span> <span class='ocrx_word' id='word_1_441' title='bbox 1629 1848 1638 1865; x_wconf 90' lang='lat'>,</span> <span class='ocrx_word' id='word_1_442' title='bbox 1678 1815 1749 1856; x_wconf 87' lang='lat' dir='ltr'>sed</span> <span class='ocrx_word' id='word_1_443' title='bbox 1785 1818 1911 1868; x_wconf 89' lang='lat' dir='ltr'>prout</span> <span class='ocrx_word' id='word_1_444' title='bbox 1945 1814 2043 1854; x_wconf 88' lang='lat' dir='ltr'>dicit</span> <span class='ocrx_word' id='word_1_445' title='bbox 2082 1815 2238 1855; x_wconf 88' lang='lat' dir='ltr'>amoris</span> <span class='ocrx_word' id='word_1_446' title='bbox 2272 1827 2392 1855; x_wconf 88' lang='lat' dir='ltr'>com-</span> 
     </span>
     <span class='ocr_line' id='line_1_69' title="bbox 1368 1885 2393 1939; baseline 0 -12"><span class='ocrx_word' id='word_1_447' title='bbox 1368 1887 1558 1939; x_wconf 81' lang='lat' dir='ltr'>plexum,</span> <span class='ocrx_word' id='word_1_448' title='bbox 1579 1890 1620 1927; x_wconf 90' lang='lat' dir='ltr'>et</span> <span class='ocrx_word' id='word_1_449' title='bbox 1636 1890 1777 1927; x_wconf 85' lang='lat' dir='ltr'>actum</span> <span class='ocrx_word' id='word_1_450' title='bbox 1797 1887 1993 1926; x_wconf 80' lang='lat' dir='ltr'>liberum.</span> <span class='ocrx_word' id='word_1_451' title='bbox 2016 1885 2147 1926; x_wconf 87' lang='lat' dir='ltr'>Filius</span> <span class='ocrx_word' id='word_1_452' title='bbox 2161 1898 2261 1926; x_wconf 88' lang='lat' dir='ltr'>vero</span> <span class='ocrx_word' id='word_1_453' title='bbox 2282 1899 2393 1927; x_wconf 86' lang='lat' dir='ltr'>ema-</span> 
     </span>
     <span class='ocr_line' id='line_1_70' title="bbox 1369 1957 2394 2011; baseline 0 -13"><span class='ocrx_word' id='word_1_454' title='bbox 1369 1962 1440 1999; x_wconf 87' lang='lat' dir='ltr'>nat</span> <span class='ocrx_word' id='word_1_455' title='bbox 1466 1971 1540 2011; x_wconf 89' lang='lat' dir='ltr'>per</span> <span class='ocrx_word' id='word_1_456' title='bbox 1563 1959 1739 1999; x_wconf 89' lang='lat' dir='ltr'>modum</span> <span class='ocrx_word' id='word_1_457' title='bbox 1770 1961 1935 1998; x_wconf 83' lang='lat' dir='ltr'>naturae</span> <span class='ocrx_word' id='word_1_458' title='bbox 1966 1972 1974 1998; x_wconf 90' lang='lat'><strong>:</strong></span> <span class='ocrx_word' id='word_1_459' title='bbox 2005 1957 2098 1997; x_wconf 87' lang='lat' dir='ltr'>ideo</span> <span class='ocrx_word' id='word_1_460' title='bbox 2126 1961 2294 1998; x_wconf 86' lang='lat' dir='ltr'>emanat</span> <span class='ocrx_word' id='word_1_461' title='bbox 2318 1971 2394 2010; x_wconf 88' lang='lat' dir='ltr'>per</span> 
     </span>
     <span class='ocr_line' id='line_1_71' title="bbox 1368 2029 2390 2082; baseline -0.001 -13"><span class='ocrx_word' id='word_1_462' title='bbox 1368 2030 1544 2070; x_wconf 88' lang='lat' dir='ltr'>modum</span> <span class='ocrx_word' id='word_1_463' title='bbox 1570 2031 1761 2082; x_wconf 62' lang='lat' dir='ltr'>perfectae</span> <span class='ocrx_word' id='word_1_464' title='bbox 1791 2032 1830 2069; x_wconf 91' lang='lat' dir='ltr'>et</span> <span class='ocrx_word' id='word_1_465' title='bbox 1855 2041 2063 2082; x_wconf 72' lang='lat' dir='ltr'>expressae</span> <span class='ocrx_word' id='word_1_466' title='bbox 2088 2029 2390 2080; x_wconf 81' lang='lat' dir='ltr'>similitudinis,</span> 
     </span>
     <span class='ocr_line' id='line_1_72' title="bbox 1367 2101 2390 2155; baseline -0.001 -12"><span class='ocrx_word' id='word_1_467' title='bbox 1367 2116 1468 2143; x_wconf 89' lang='lat' dir='ltr'>nam</span> <span class='ocrx_word' id='word_1_468' title='bbox 1492 2106 1644 2143; x_wconf 85' lang='lat' dir='ltr'>natura</span> <span class='ocrx_word' id='word_1_469' title='bbox 1664 2102 1856 2155; x_wconf 81' lang='lat' dir='ltr'>producit</span> <span class='ocrx_word' id='word_1_470' title='bbox 1875 2101 1952 2141; x_wconf 80' lang='lat' dir='ltr'>sihi</span> <span class='ocrx_word' id='word_1_471' title='bbox 1979 2101 2117 2141; x_wconf 88' lang='lat' dir='ltr'>simile</span> <span class='ocrx_word' id='word_1_472' title='bbox 2144 2104 2183 2141; x_wconf 85' lang='lat' dir='ltr'>et</span> <span class='ocrx_word' id='word_1_473' title='bbox 2213 2101 2390 2153; x_wconf 72' lang='lat' dir='ltr'>aequale.</span> 
     </span>
     <span class='ocr_line' id='line_1_73' title="bbox 1367 2173 2394 2227; baseline -0.003 -12"><span class='ocrx_word' id='word_1_474' title='bbox 1367 2175 1417 2216; x_wconf 83' lang='lat' dir='ltr'>Et</span> <span class='ocrx_word' id='word_1_475' title='bbox 1436 2175 1536 2227; x_wconf 81' lang='lat' dir='ltr'>quia</span> <span class='ocrx_word' id='word_1_476' title='bbox 1551 2175 1678 2215; x_wconf 86' lang='lat' dir='ltr'>habet</span> <span class='ocrx_word' id='word_1_477' title='bbox 1696 2174 1741 2213; x_wconf 88' lang='lat' dir='ltr'>in</span> <span class='ocrx_word' id='word_1_478' title='bbox 1758 2186 1800 2214; x_wconf 88' lang='lat' dir='ltr'>se</span> <span class='ocrx_word' id='word_1_479' title='bbox 1819 2174 2024 2213; x_wconf 87' lang='lat' dir='ltr'>rationem</span> <span class='ocrx_word' id='word_1_480' title='bbox 2046 2184 2255 2225; x_wconf 60' lang='lat' dir='ltr'>expressae</span> <span class='ocrx_word' id='word_1_481' title='bbox 2275 2173 2394 2212; x_wconf 90' lang='lat' dir='ltr'>simi-</span> 
     </span>
     <span class='ocr_line' id='line_1_74' title="bbox 1366 2244 2392 2297; baseline -0.004 -9"><span class='ocrx_word' id='word_1_482' title='bbox 1366 2247 1577 2297; x_wconf 84' lang='lat' dir='ltr'>litudinis,</span> <span class='ocrx_word' id='word_1_483' title='bbox 1603 2247 1695 2287; x_wconf 87' lang='lat' dir='ltr'>ideo</span> <span class='ocrx_word' id='word_1_484' title='bbox 1718 2249 1758 2286; x_wconf 90' lang='lat' dir='ltr'>et</span> <span class='ocrx_word' id='word_1_485' title='bbox 1776 2245 2052 2297; x_wconf 79' lang='lat' dir='ltr'>cognitionis,</span> <span class='ocrx_word' id='word_1_486' title='bbox 2075 2244 2176 2296; x_wconf 84' lang='lat' dir='ltr'>quia</span> <span class='ocrx_word' id='word_1_487' title='bbox 2194 2256 2392 2296; x_wconf 75' lang='lat' dir='ltr'>expressa</span> 
     </span>
     <span class='ocr_line' id='line_1_75' title="bbox 1366 2315 2392 2368; baseline -0.004 -10"><span class='ocrx_word' id='word_1_488' title='bbox 1366 2318 1596 2359; x_wconf 75' lang='lat' dir='ltr'>similitudo</span> <span class='ocrx_word' id='word_1_489' title='bbox 1616 2322 1676 2357; x_wconf 88' lang='lat' dir='ltr'>est</span> <span class='ocrx_word' id='word_1_490' title='bbox 1694 2317 1801 2357; x_wconf 80' lang='lat' dir='ltr'>ratio</span> <span class='ocrx_word' id='word_1_491' title='bbox 1822 2315 2116 2368; x_wconf 85' lang='lat' dir='ltr'>cognoscendi.</span> <span class='ocrx_word' id='word_1_492' title='bbox 2135 2315 2186 2355; x_wconf 84' lang='lat' dir='ltr'>Et</span> <span class='ocrx_word' id='word_1_493' title='bbox 2199 2315 2299 2367; x_wconf 82' lang='lat' dir='ltr'>quia</span> <span class='ocrx_word' id='word_1_494' title='bbox 2317 2327 2392 2367; x_wconf 87' lang='lat' dir='ltr'>per</span> 
     </span>
     <span class='ocr_line' id='line_1_76' title="bbox 1367 2386 2388 2440; baseline -0.003 -12"><span class='ocrx_word' id='word_1_495' title='bbox 1367 2389 1542 2429; x_wconf 89' lang='lat' dir='ltr'>modum</span> <span class='ocrx_word' id='word_1_496' title='bbox 1570 2388 1765 2440; x_wconf 60' lang='lat' dir='ltr'>perfectae</span> <span class='ocrx_word' id='word_1_497' title='bbox 1794 2386 2080 2427; x_wconf 84' lang='lat' dir='ltr'>similitudinis</span> <span class='ocrx_word' id='word_1_498' title='bbox 2113 2389 2152 2426; x_wconf 88' lang='lat' dir='ltr'>et</span> <span class='ocrx_word' id='word_1_499' title='bbox 2189 2387 2388 2437; x_wconf 81' lang='lat' dir='ltr'>rationis,</span> 
     </span>
     <span class='ocr_line' id='line_1_77' title="bbox 1365 2458 2388 2510; baseline -0.003 -10"><span class='ocrx_word' id='word_1_500' title='bbox 1365 2460 1490 2500; x_wconf 86' lang='lat' dir='ltr'>habet</span> <span class='ocrx_word' id='word_1_501' title='bbox 1505 2460 1550 2499; x_wconf 87' lang='lat' dir='ltr'>in</span> <span class='ocrx_word' id='word_1_502' title='bbox 1567 2472 1610 2500; x_wconf 89' lang='lat' dir='ltr'>se</span> <span class='ocrx_word' id='word_1_503' title='bbox 1630 2459 1835 2499; x_wconf 78' lang='lat' dir='ltr'>rationem</span> <span class='ocrx_word' id='word_1_504' title='bbox 1856 2458 2156 2510; x_wconf 76' lang='lat' dir='ltr'>cognoscendi,</span> <span class='ocrx_word' id='word_1_505' title='bbox 2187 2461 2225 2497; x_wconf 89' lang='lat' dir='ltr'>et</span> <span class='ocrx_word' id='word_1_506' title='bbox 2244 2470 2388 2498; x_wconf 78' lang='lat' dir='ltr'>exem-</span> 
     </span>
     <span class='ocr_line' id='line_1_78' title="bbox 1366 2529 2389 2583; baseline -0.001 -13"><span class='ocrx_word' id='word_1_507' title='bbox 1366 2531 1456 2583; x_wconf 84' lang='lat' dir='ltr'>plar</span> <span class='ocrx_word' id='word_1_508' title='bbox 1473 2531 1668 2571; x_wconf 88' lang='lat' dir='ltr'>omnium</span> <span class='ocrx_word' id='word_1_509' title='bbox 1685 2545 1694 2580; x_wconf 81' lang='lat'><em>3</em></span> <span class='ocrx_word' id='word_1_510' title='bbox 1714 2529 1811 2569; x_wconf 84' lang='lat' dir='ltr'>inde</span> <span class='ocrx_word' id='word_1_511' title='bbox 1826 2532 1887 2570; x_wconf 84' lang='lat' dir='ltr'>est</span> <span class='ocrx_word' id='word_1_512' title='bbox 1905 2529 2019 2582; x_wconf 88' lang='lat' dir='ltr'>quod</span> <span class='ocrx_word' id='word_1_513' title='bbox 2036 2529 2162 2569; x_wconf 83' lang='lat' dir='ltr'>habet</span> <span class='ocrx_word' id='word_1_514' title='bbox 2181 2529 2389 2570; x_wconf 87' lang='lat' dir='ltr'>rationem</span> 
     </span>
     <span class='ocr_line' id='line_1_79' title="bbox 1366 2600 2391 2654; baseline -0.003 -12"><span class='ocrx_word' id='word_1_515' title='bbox 1366 2602 1557 2654; x_wconf 59' lang='lat' dir='ltr'>perfecta¹</span> <span class='ocrx_word' id='word_1_516' title='bbox 1583 2600 1922 2654; x_wconf 77' lang='lat' dir='ltr'>pulchritudinis,</span> <span class='ocrx_word' id='word_1_517' title='bbox 1952 2600 2057 2649; x_wconf 82' lang='lat' dir='ltr'>Quia</span> <span class='ocrx_word' id='word_1_518' title='bbox 2076 2600 2190 2640; x_wconf 85' lang='lat' dir='ltr'>enim</span> <span class='ocrx_word' id='word_1_519' title='bbox 2210 2603 2270 2640; x_wconf 85' lang='lat' dir='ltr'>est</span> <span class='ocrx_word' id='word_1_520' title='bbox 2294 2613 2391 2652; x_wconf 86' lang='lat' dir='ltr'>per-</span> 
     </span>
     <span class='ocr_line' id='line_1_80' title="bbox 1364 2670 2391 2725; baseline -0.003 -12"><span class='ocrx_word' id='word_1_521' title='bbox 1364 2674 1469 2713; x_wconf 77' lang='lat' dir='ltr'>fecta</span> <span class='ocrx_word' id='word_1_522' title='bbox 1486 2675 1524 2713; x_wconf 83' lang='lat' dir='ltr'>et</span> <span class='ocrx_word' id='word_1_523' title='bbox 1545 2684 1741 2725; x_wconf 76' lang='lat' dir='ltr'>expressa</span> <span class='ocrx_word' id='word_1_524' title='bbox 1759 2671 2010 2720; x_wconf 82' lang='lat' dir='ltr'>similitud03</span> <span class='ocrx_word' id='word_1_525' title='bbox 2030 2670 2122 2711; x_wconf 86' lang='lat' dir='ltr'>ideo</span> <span class='ocrx_word' id='word_1_526' title='bbox 2136 2670 2311 2723; x_wconf 85' lang='lat' dir='ltr'>pulcher</span> <span class='ocrx_word' id='word_1_527' title='bbox 2329 2674 2391 2711; x_wconf 88' lang='lat' dir='ltr'>est</span> 
     </span>
     <span class='ocr_line' id='line_1_81' title="bbox 1365 2742 2387 2796; baseline -0.002 -13"><span class='ocrx_word' id='word_1_528' title='bbox 1365 2744 1408 2783; x_wconf 88' lang='lat' dir='ltr'>in</span> <span class='ocrx_word' id='word_1_529' title='bbox 1447 2744 1757 2796; x_wconf 85' lang='lat' dir='ltr'>comparatione</span> <span class='ocrx_word' id='word_1_530' title='bbox 1794 2743 1845 2783; x_wconf 85' lang='lat' dir='ltr'>ad</span> <span class='ocrx_word' id='word_1_531' title='bbox 1882 2754 1981 2782; x_wconf 85' lang='lat' dir='ltr'>eum</span> <span class='ocrx_word' id='word_1_532' title='bbox 2015 2742 2387 2794; x_wconf 76' lang='lat' dir='ltr'>quem.exprimit.</span> 
     </span>
     <span class='ocr_line' id='line_1_82' title="bbox 1366 2812 2391 2865; baseline -0.001 -11"><span class='ocrx_word' id='word_1_533' title='bbox 1366 2815 1473 2863; x_wconf 73' lang='lat' dir='ltr'>Quia</span> <span class='ocrx_word' id='word_1_534' title='bbox 1497 2826 1598 2855; x_wconf 90' lang='lat' dir='ltr'>vero</span> <span class='ocrx_word' id='word_1_535' title='bbox 1626 2814 1835 2854; x_wconf 85' lang='lat' dir='ltr'>rationem</span> <span class='ocrx_word' id='word_1_536' title='bbox 1862 2813 2143 2865; x_wconf 84' lang='lat' dir='ltr'>cognoscendi</span> <span class='ocrx_word' id='word_1_537' title='bbox 2172 2812 2320 2864; x_wconf 84' lang='lat' dir='ltr'>habet,</span> <span class='ocrx_word' id='word_1_538' title='bbox 2352 2817 2391 2854; x_wconf 88' lang='lat' dir='ltr'>et</span> 
     </span>
     <span class='ocr_line' id='line_1_83' title="bbox 1365 2883 2388 2935; baseline -0.004 -9"><span class='ocrx_word' id='word_1_539' title='bbox 1365 2898 1450 2926; x_wconf 84' lang='lat' dir='ltr'>non</span> <span class='ocrx_word' id='word_1_540' title='bbox 1470 2887 1600 2926; x_wconf 82' lang='lat' dir='ltr'>unius</span> <span class='ocrx_word' id='word_1_541' title='bbox 1622 2889 1808 2935; x_wconf 80' lang='lat' dir='ltr'>tantum,</span> <span class='ocrx_word' id='word_1_542' title='bbox 1832 2884 1903 2924; x_wconf 87' lang='lat' dir='ltr'>sed</span> <span class='ocrx_word' id='word_1_543' title='bbox 1922 2884 2050 2923; x_wconf 83' lang='lat' dir='ltr'>totius</span> <span class='ocrx_word' id='word_1_544' title='bbox 2071 2883 2388 2934; x_wconf 81' lang='lat' dir='ltr'>universitatis;</span> 
     </span>
     <span class='ocr_line' id='line_1_84' title="bbox 1365 2955 2390 3011; baseline -0.003 -14"><span class='ocrx_word' id='word_1_545' title='bbox 1365 2957 1457 2998; x_wconf 87' lang='lat' dir='ltr'>ideo</span> <span class='ocrx_word' id='word_1_546' title='bbox 1479 2958 1707 3011; x_wconf 81' lang='lat' dir='ltr'>pulchrum</span> <span class='ocrx_word' id='word_1_547' title='bbox 1735 2955 2047 3009; x_wconf 84' lang='lat' dir='ltr'>pulcherrimus</span> <span class='ocrx_word' id='word_1_548' title='bbox 2066 2955 2154 3008; x_wconf 82' lang='lat' dir='ltr'>ipse</span> <span class='ocrx_word' id='word_1_549' title='bbox 2179 2955 2390 2995; x_wconf 78' lang='lat' dir='ltr'>mundum</span> 
     </span>
     <span class='ocr_line' id='line_1_85' title="bbox 1366 3026 2389 3081; baseline -0.005 -11"><span class='ocrx_word' id='word_1_550' title='bbox 1366 3033 1506 3070; x_wconf 87' lang='lat' dir='ltr'>mente</span> <span class='ocrx_word' id='word_1_551' title='bbox 1528 3041 1703 3081; x_wconf 85' lang='lat' dir='ltr'>gerens,</span> <span class='ocrx_word' id='word_1_552' title='bbox 1734 3031 1782 3068; x_wconf 88' lang='lat' dir='ltr'>ut</span> <span class='ocrx_word' id='word_1_553' title='bbox 1814 3027 1871 3068; x_wconf 86' lang='lat' dir='ltr'>ait</span> <span class='ocrx_word' id='word_1_554' title='bbox 1897 3026 2066 3068; x_wconf 82' lang='lat' dir='ltr'>Boetius</span> <span class='ocrx_word' id='word_1_555' title='bbox 2091 3028 2120 3077; x_wconf 73' lang='lat'>⁶,</span> <span class='ocrx_word' id='word_1_556' title='bbox 2153 3026 2389 3079; x_wconf 85' lang='lat' dir='ltr'>pulchritu-</span> 
     </span>
     <span class='ocr_line' id='line_1_86' title="bbox 1367 3098 2390 3151; baseline -0.005 -10"><span class='ocrx_word' id='word_1_557' title='bbox 1367 3102 1508 3142; x_wconf 85' lang='lat' dir='ltr'>dinem</span> <span class='ocrx_word' id='word_1_558' title='bbox 1542 3101 1668 3140; x_wconf 81' lang='lat' dir='ltr'>habet</span> <span class='ocrx_word' id='word_1_559' title='bbox 1706 3099 1751 3139; x_wconf 85' lang='lat' dir='ltr'>in</span> <span class='ocrx_word' id='word_1_560' title='bbox 1784 3099 2096 3151; x_wconf 82' lang='lat' dir='ltr'>comparatione</span> <span class='ocrx_word' id='word_1_561' title='bbox 2128 3098 2179 3137; x_wconf 84' lang='lat' dir='ltr'>ad</span> <span class='ocrx_word' id='word_1_562' title='bbox 2217 3109 2390 3137; x_wconf 86' lang='lat' dir='ltr'>omnem</span> 
     </span>
     <span class='ocr_line' id='line_1_87' title="bbox 1366 3169 2391 3226; baseline -0.004 -13"><span class='ocrx_word' id='word_1_563' title='bbox 1366 3173 1724 3226; x_wconf 85' lang='lat' dir='ltr'>pulchritudinem</span> <span class='ocrx_word' id='word_1_564' title='bbox 1752 3175 2010 3212; x_wconf 77' lang='lat' dir='ltr'>extraneam.</span> <span class='ocrx_word' id='word_1_565' title='bbox 2039 3169 2104 3210; x_wconf 73' lang='lat' dir='ltr'>Ex</span> <span class='ocrx_word' id='word_1_566' title='bbox 2127 3170 2193 3210; x_wconf 88' lang='lat' dir='ltr'>his</span> <span class='ocrx_word' id='word_1_567' title='bbox 2226 3169 2391 3210; x_wconf 84' lang='lat' dir='ltr'>duobus</span> 
     </span>
     <span class='ocr_line' id='line_1_88' title="bbox 1368 3277 2391 3320; baseline -0.005 -8"><span class='ocrx_word' id='word_1_568' title='bbox 1368 3281 1426 3312; x_wconf 91' lang='lat' dir='ltr'>lib.</span> <span class='ocrx_word' id='word_1_569' title='bbox 1446 3281 1486 3320; x_wconf 84' lang='lat' dir='ltr'>ll,</span> <span class='ocrx_word' id='word_1_570' title='bbox 1503 3289 1538 3311; x_wconf 88' lang='lat' dir='ltr'>n.</span> <span class='ocrx_word' id='word_1_571' title='bbox 1554 3282 1582 3320; x_wconf 72' lang='lat' dir='ltr'>vl,</span> <span class='ocrx_word' id='word_1_572' title='bbox 1596 3279 1630 3310; x_wconf 91' lang='lat' dir='ltr'>in</span> <span class='ocrx_word' id='word_1_573' title='bbox 1645 3278 1769 3311; x_wconf 88' lang='lat' dir='ltr'>fine.—-</span> <span class='ocrx_word' id='word_1_574' title='bbox 1785 3278 1874 3318; x_wconf 75' lang='lat' dir='ltr'>31d.,</span> <span class='ocrx_word' id='word_1_575' title='bbox 1887 3278 1925 3310; x_wconf 79' lang='lat' dir='ltr'>cle</span> <span class='ocrx_word' id='word_1_576' title='bbox 1940 3277 2074 3319; x_wconf 58' lang='lat' dir='ltr'>Synocl„</span> <span class='ocrx_word' id='word_1_577' title='bbox 2089 3285 2174 3317; x_wconf 86' lang='lat' dir='ltr'>prop</span> <span class='ocrx_word' id='word_1_578' title='bbox 2206 3283 2228 3315; x_wconf 90' lang='lat'>1,</span> <span class='ocrx_word' id='word_1_579' title='bbox 2244 3285 2277 3307; x_wconf 86' lang='lat' dir='ltr'>n.</span> <span class='ocrx_word' id='word_1_580' title='bbox 2299 3277 2391 3308; x_wconf 85' lang='lat'>13.—</span> 
     </span>
     <span class='ocr_line' id='line_1_89' title="bbox 1367 3323 2389 3368; baseline -0.006 -8"><span class='ocrx_word' id='word_1_581' title='bbox 1367 3329 1381 3350; x_wconf 65' lang='lat'>1*</span> <span class='ocrx_word' id='word_1_582' title='bbox 1394 3329 1492 3360; x_wconf 87' lang='lat' dir='ltr'>Dion.</span> <span class='ocrx_word' id='word_1_583' title='bbox 1509 3331 1648 3368; x_wconf 70' lang='lat' dir='ltr'>Areop,</span> <span class='ocrx_word' id='word_1_584' title='bbox 1662 3326 1700 3358; x_wconf 80' lang='lat' dir='ltr'>de</span> <span class='ocrx_word' id='word_1_585' title='bbox 1713 3328 1789 3359; x_wconf 77' lang='lat' dir='ltr'>Div.</span> <span class='ocrx_word' id='word_1_586' title='bbox 1799 3327 1909 3367; x_wconf 65' lang='lat' dir='ltr'>Nom,</span> <span class='ocrx_word' id='word_1_587' title='bbox 1922 3336 1951 3358; x_wconf 86' lang='lat' dir='ltr'>c.</span> <span class='ocrx_word' id='word_1_588' title='bbox 1967 3334 2012 3366; x_wconf 77' lang='lat' dir='ltr'>iv,</span> <span class='ocrx_word' id='word_1_589' title='bbox 2027 3327 2103 3366; x_wconf 83' lang='lat' dir='ltr'>post</span> <span class='ocrx_word' id='word_1_590' title='bbox 2116 3323 2204 3354; x_wconf 88' lang='lat' dir='ltr'>med.</span> <span class='ocrx_word' id='word_1_591' title='bbox 2214 3341 2253 3345; x_wconf 97' lang='lat'><strong>—</strong></span> <span class='ocrx_word' id='word_1_592' title='bbox 2267 3325 2279 3345; x_wconf 73' lang='lat'>5</span> <span class='ocrx_word' id='word_1_593' title='bbox 2291 3326 2389 3365; x_wconf 64' lang='lat' dir='ltr'>Aug„</span> 
     </span>
    </p>
   </div>
   <div class='ocr_carea' id='block_1_11' title="bbox 1369 3370 2389 3463">
    <p class='ocr_par' dir='ltr' id='par_1_15' title="bbox 1369 3370 2389 3463">
     <span class='ocr_line' id='line_1_90' title="bbox 1369 3370 2389 3415; baseline -0.003 -9"><span class='ocrx_word' id='word_1_594' title='bbox 1369 3375 1406 3406; x_wconf 76' lang='lat' dir='ltr'>cle</span> <span class='ocrx_word' id='word_1_595' title='bbox 1420 3376 1521 3412; x_wconf 74' lang='grc' dir='ltr'>Τι·ι”η.,</span> <span class='ocrx_word' id='word_1_596' title='bbox 1541 3375 1599 3406; x_wconf 76' lang='lat' dir='ltr'>lib,</span> <span class='ocrx_word' id='word_1_597' title='bbox 1625 3383 1670 3415; x_wconf 81' lang='lat' dir='ltr'>X,</span> <span class='ocrx_word' id='word_1_598' title='bbox 1692 3384 1721 3406; x_wconf 92' lang='lat' dir='ltr'>c.</span> <span class='ocrx_word' id='word_1_599' title='bbox 1745 3382 1780 3406; x_wconf 69' lang='lat' dir='ltr'>xx</span> <span class='ocrx_word' id='word_1_600' title='bbox 1794 3399 1804 3415; x_wconf 89' lang='lat'>,</span> <span class='ocrx_word' id='word_1_601' title='bbox 1820 3384 1855 3406; x_wconf 82' lang='lat' dir='ltr'>u.</span> <span class='ocrx_word' id='word_1_602' title='bbox 1890 3376 1939 3405; x_wconf 77' lang='lat'>17.</span> <span class='ocrx_word' id='word_1_603' title='bbox 1959 3391 1999 3395; x_wconf 92' lang='lat'>—-</span> <span class='ocrx_word' id='word_1_604' title='bbox 2019 3375 2031 3392; x_wconf 73' lang='lat'>‘³&#39;</span> <span class='ocrx_word' id='word_1_605' title='bbox 2051 3374 2161 3411; x_wconf 87' lang='lat' dir='ltr'>Boet.,</span> <span class='ocrx_word' id='word_1_606' title='bbox 2188 3370 2225 3401; x_wconf 76' lang='lat' dir='ltr'>cle</span> <span class='ocrx_word' id='word_1_607' title='bbox 2247 3371 2389 3410; x_wconf 60' lang='lat' dir='ltr'>Consul„</span> 
     </span>
     <span class='ocr_line' id='line_1_91' title="bbox 1369 3424 1673 3463; baseline 0 -9"><span class='ocrx_word' id='word_1_608' title='bbox 1369 3424 1426 3456; x_wconf 79' lang='lat' dir='ltr'>lib.</span> <span class='ocrx_word' id='word_1_609' title='bbox 1446 3424 1507 3463; x_wconf 89' lang='grc'><strong>111,</strong></span> <span class='ocrx_word' id='word_1_610' title='bbox 1529 3426 1626 3454; x_wconf 82' lang='lat' dir='ltr'>metr.</span> <span class='ocrx_word' id='word_1_611' title='bbox 1643 3425 1673 3454; x_wconf 82' lang='lat'>9.</span> 
     </span>
    </p>
   </div>
   <div class='ocr_carea' id='block_1_12' title="bbox 1371 3490 2390 3575">
    <p class='ocr_par' dir='ltr' id='par_1_16' title="bbox 1371 3490 2390 3575">
     <span class='ocr_line' id='line_1_92' title="bbox 1413 3490 2390 3536; baseline -0.003 -11"><span class='ocrx_word' id='word_1_612' title='bbox 1413 3494 1457 3536; x_wconf 79' lang='lat' dir='ltr'>(a)</span> <span class='ocrx_word' id='word_1_613' title='bbox 1479 3496 1557 3526; x_wconf 76' lang='lat' dir='ltr'>Loro</span> <span class='ocrx_word' id='word_1_614' title='bbox 1579 3493 1716 3535; x_wconf 78' lang='lat' dir='ltr'>Spiritui</span> <span class='ocrx_word' id='word_1_615' title='bbox 1741 3495 1864 3527; x_wconf 71' lang='lat' dir='ltr'>Sancto</span> <span class='ocrx_word' id='word_1_616' title='bbox 1879 3518 1889 3534; x_wconf 82' lang='lat'>,</span> <span class='ocrx_word' id='word_1_617' title='bbox 1916 3494 1986 3524; x_wconf 74' lang='lat' dir='ltr'>coet.</span> <span class='ocrx_word' id='word_1_618' title='bbox 2007 3491 2086 3523; x_wconf 60' lang='lat' dir='ltr'>edet.</span> <span class='ocrx_word' id='word_1_619' title='bbox 2105 3490 2225 3522; x_wconf 72' lang='lat' dir='ltr'>lmbent</span> <span class='ocrx_word' id='word_1_620' title='bbox 2249 3491 2390 3533; x_wconf 69' lang='lat' dir='ltr'>Spiritus</span> 
     </span>
     <span class='ocr_line' id='line_1_93' title="bbox 1371 3544 1527 3575; baseline -0.013 0"><span class='ocrx_word' id='word_1_621' title='bbox 1371 3544 1527 3575; x_wconf 63' lang='lat' dir='ltr'>Sanctus.</span> 
     </span>
    </p>
   </div>
  </div>
 </body>
</html>
