2613 3990
934 189 1182 232 DISTINCT.
1214 188 1372 230 XXVII.
1402 188 1554 229 PART.
1588 188 1618 228 Ι.
2229 195 2307 235 429

195 290 244 329 ut
263 299 362 327 cum
381 282 565 326 dicimus
589 298 597 325 :
627 298 648 324 ι(
666 282 781 325 Deus
800 280 967 338 genuit,
990 279 1074 322 »id
1095 284 1171 333 est,
1194 279 1322 322 habet
1341 278 1530 332 Filium;
1553 283 1593 320 et
1616 293 1625 320 ,τ
1645 294 1666 320 ι(
1685 277 1801 320 Deus
1821 278 1993 334 genitus
2013 286 2089 335 est,
2112 298 2133 323 »
2158 282 2202 325 id
2223 289 2302 339 est,

194 360 319 404 habet
345 360 534 404 Patrem.
567 359 621 403 Et
639 364 743 402 tunc
764 362 929 417 oportet
948 356 1135 413 intelligi
1158 356 1204 399 in
1230 355 1432 415 subjectis
1454 355 1702 414 hypostases
1725 360 1895 398 tantum
1910 390 1920 410 ,
1944 371 2032 399 non
2052 359 2276 403 essentiam
2294 395 2304 415 ,

194 452 293 496 quae
312 437 399 480 illis
418 436 752 496 proprietatibus
774 434 1110 477 determinatur.

253 515 345 558 Illae
361 514 480 557 enini
496 513 779 572 proprietates
793 510 978 567 singulae
993 510 1175 566 singulis
1192 511 1364 569 proprie
1378 509 1643 553 conveniunt
1658 509 1866 567 personis,
1886 515 1927 553 et
1943 524 2017 568 per
2032 525 2101 553 eas
2115 526 2309 569 personae
2379 530 2458 562 Quod

197 591 558 644 determinantur,
582 594 622 632 et
646 604 669 631 a
689 603 731 631 se
750 588 936 631 invicem
966 587 1196 641 differunt3
1223 587 1293 630 sed
1314 603 1338 630 a
1357 602 1400 630 se
1428 602 1515 629 non
1538 586 1755 629 secedunt.
1779 586 1905 629 Unde
1923 587 2111 630 Joannes
2134 588 2311 631 Damas·
2332 580 2471 639 Ξῖζξᾪ

197 670 358 712 cenus1
384 684 392 710 ε
421 667 558 710 «Non
588 666 796 709 differunt
824 664 878 708 ab
897 664 1082 708 invicem
1108 664 1357 722 hypostases
1383 663 1623 707 secundum
1643 664 1953 719 substantiam,
1978 664 2050 707 sed
2071 664 2311 708 secundum
2355 654 2449 679 ‘mm'

2333 698 2398 720 nant
2425 695 2473 728 hy-

198 744 539 789 characteristica
558 743 780 797 idiomata,
804 741 847 784 id
869 748 944 797 est,
969 741 1322 785 determinativas
1343 741 1636 799 proprietates,
1656 741 2006 784 Characteristica
2024 756 2144 796 vero,
2167 741 2212 784 id
2232 747 2294 784 est
2334 737 2471 769 mmm·

2300 777 2309 797 7
2334 785 2389 802 non
2409 776 2472 802 sub-

199 822 531 866 determinativa
568 825 670 864 sunt
702 820 1013 878 hypostaseon,
1050 824 1091 862 et
1123 834 1210 862 non
1242 824 1443 861 naturae:
1479 818 1638 861 etenim
1670 818 1919 876 hypostases
1948 818 2251 862 determinant.
2287 836 2308 859 n
2335 817 2462 892 ἓξῗὲζξῗ

199 899 306 942 Item
326 906 339 926 ²
363 915 372 942 :
396 915 419 941 «
439 898 540 942 Esse
560 897 737 956 quidem
758 896 1102 955 intemporaliter
1116 902 1157 939 et
1176 896 1437 939 aeternaliter
1456 895 1641 938 dicimus
1661 895 1853 938 divinam
1874 895 2009 939 Verbi
2029 896 2311 955 hypostasim,
2336 902 2475 926 flaturam·

200 975 454 1034 simplicem,
476 974 622 1018 omnia
650 973 882 1017 habentem
902 989 1001 1032 quae
1027 973 1156 1016 habet
1179 973 1323 1028 Pater,
1357 977 1405 1015 ut
1428 971 1521 1028 ejus
1549 972 1830 1027 homousion,
1856 972 1899 1014 id
1927 978 2013 1027 est,
2038 973 2319 1016 consubstan-

198 1052 364 1107 tialem,
379 1051 617 1096 nativitatis
636 1051 764 1094 modo
784 1056 825 1094 et
842 1050 1098 1094 habitudine
1118 1065 1142 1093 a
1157 1049 1369 1108 paternali
1389 1049 1608 1107 hypostasi
1628 1049 1916 1105 differentem,
1935 1065 2163 1109 nunquam
2179 1065 2280 1094 vero
2296 1066 2319 1093 a

198 1129 410 1188 paternali
429 1128 650 1188 hypostasi
678 1128 960 1171 secedentem.
991 1145 1011 1168 »
1038 1127 1156 1170 Idem
1179 1127 1370 1185 apertius
1389 1126 1635 1185 exprimens
1660 1126 1904 1184 personales
1933 1127 2242 1186 proprietates,
2272 1127 2318 1169 in

199 1206 349 1249 eodem
372 1205 431 1249 ait
449 1209 462 1230 ³
486 1221 495 1248 :
524 1205 862 1248 «Differentiam
892 1205 1178 1263 hypostaseon
1194 1238 1204 1258 ,
1234 1204 1278 1246 id
1306 1209 1391 1258 est,
1414 1218 1699 1262 personarum
1718 1203 1763 1246 in
1795 1203 1934 1246 tribus
1955 1204 2317 1263 proprietatibus,

198 1282 243 1325 id
269 1289 356 1338 est,
379 1283 591 1341 paternali
610 1289 650 1326 et
673 1282 798 1326 filiali
818 1288 858 1325 et
878 1281 1143 1341 processibili
1165 1280 1524 1338 recognoscimus.
1549 1280 1862 1324 Insecessibiles
1883 1286 2030 1324 autem
2050 1281 2162 1341 ipsas
2182 1281 2321 1340 hypo-

199 1365 329 1403 stases
343 1364 384 1402 et
397 1359 665 1403 indistabiles
682 1360 869 1403 invicem
884 1365 924 1402 et
940 1359 1083 1402 unitas
1097 1358 1274 1417 quidem
1289 1357 1670 1411 inconfusibiliter,
1689 1363 1773 1401 tres
1792 1359 1908 1401 enim
1924 1364 2041 1412 sunt,
2062 1359 2140 1402 etsi
2155 1359 2291 1402 unitae
2307 1377 2316 1414 3

199 1437 358 1481 divisas
385 1429 531 1481 autem
556 1437 828 1481 indistanter.
857 1437 1029 1481 Etenim
1058 1436 1231 1493 singula
1250 1435 1437 1494 perfecta
1457 1440 1518 1478 est
1538 1434 1800 1493 hypostasis,
1822 1442 1862 1478 et
1882 1436 2104 1494 propriam
2128 1437 2322 1495 proprie-

200 1519 352 1570 tatem,
375 1515 550 1571 scilicet,
571 1515 810 1559 existentiae
830 1514 1009 1558 modum
1029 1513 1258 1572 proprium
1279 1512 1466 1571 possidet
1490 1529 1498 1554 :
1522 1511 1594 1554 sed
1616 1512 1750 1555 unitae
1769 1517 1871 1555 sunt
1890 1513 2150 1568 substantia,
2173 1519 2214 1557 et
2233 1529 2322 1557 non

198 1592 359 1636 distant
386 1607 528 1651 neque
557 1592 762 1636 secedunt
790 1607 815 1635 a
833 1590 1048 1650 paternali
1069 1590 1305 1649 hypostasi.
1332 1608 1353 1632 ))
1378 1590 1484 1633 Ecce
1512 1588 1581 1631 hic
1602 1589 1733 1633 habes
1758 1589 1979 1633 distinctas
1998 1595 2084 1634 tres
2108 1590 2206 1634 illas
2227 1605 2328 1648 pro-

199 1669 425 1728 prietateS,
454 1684 552 1728 quae
578 1684 709 1728 supra
727 1675 740 1695 ‘⁶
759 1668 941 1712 diversis
961 1667 1217 1725 significatae
1238 1672 1340 1710 sunt
1360 1666 1512 1711 modis.

264 1746 344 1789 Hic
362 1761 450 1790 non
469 1751 531 1789 est
548 1745 966 1805 praetermittendum
982 1780 992 1800 ,
1014 1744 1133 1804 quod
1152 1745 1262 1788 sicut
1281 1745 1409 1788 Pater
1437 1750 1477 1788 et
1496 1744 1634 1788 Filius
1662 1750 1702 1788 et
1722 1745 1911 1804 Spiritus
1930 1751 2103 1789 sanctus
2135 1745 2329 1789 nomina
2398 1751 2479 1784 Quod

2351 1796 2414 1819 sunt
2437 1793 2491 1819 alia

204 1838 488 1882 personarum
507 1828 635 1880 sunt,
658 1829 699 1866 et
729 1823 1011 1883 proprietates
1037 1821 1284 1881 personales
1311 1821 1558 1879 designant3
1589 1822 1649 1865 ita
1680 1822 1811 1865 etiam
1840 1827 1942 1865 sunt
1967 1828 2009 1865 et
2033 1822 2119 1866 alia
2147 1822 2330 1866 nomina
2366 1835 2479 1861 nomina

2352 1884 2487 1910 persona-

206 1915 518 1959 personarum,
538 1901 582 1944 id
603 1906 686 1956 est,
707 1916 807 1960 quae
826 1901 940 1960 ipsas
960 1915 1164 1959 personas
1183 1899 1454 1957 significant,
1477 1904 1518 1942 et
1546 1914 1697 1942 earum
1725 1899 2008 1958 proprietates
2027 1899 2235 1943 denotant
2255 1936 2265 1956 ,
2291 1904 2332 1943 et
2353 1925 2415 1943 rum
2430 1926 2492 1944 eas-

207 1977 377 2021 easdem
397 1993 506 2037 quas
525 1983 566 2022 et
586 1978 765 2022 nomina
796 1977 1027 2037 praedicta,
1050 1977 1166 2020 unde
1186 1982 1226 2019 et
1250 1977 1429 2020 relative
1449 1976 1658 2019 dicuntur
1675 2011 1686 2031 ,
1708 1976 1869 2019 scilicet
1893 1976 2073 2020 Genitor
2088 2013 2098 2033 ,
2123 1976 2331 2032 Genitus,
2354 1957 2496 2034 ἓῖῗζῑξῖζ

207 2055 421 2111 Verbum,
443 2056 607 2114 Imago.
628 2055 754 2099 Unde
774 2055 1066 2113 Augustinus,
1090 2055 1136 2097 in
1157 2054 1310 2113 quinto
1330 2054 1442 2097 libro
1463 2053 1514 2097 (Ze
1538 2056 1572 2096 T
1569 2054 1753 2098 rinitate
1771 2060 1798 2111 5,
1823 2054 1882 2097 ait
1901 2071 1909 2097 :
1938 2072 1960 2097 α
1978 2054 2231 2099 Videndum
2254 2059 2334 2110 est,
2358 2041 2496 2108 Πζζῇῗζᾏῗ

209 2132 378 2192 inquit,
400 2132 479 2177 hoc
501 2132 761 2191 significari,
784 2148 884 2176 cum
909 2132 1069 2176 dicitur
1085 2132 1281 2189 genitus,
1304 2131 1421 2190 quod
1451 2131 1736 2189 significatur,
1760 2147 1860 2175 cum
1888 2132 2045 2175 dicitur
2076 2131 2211 2175 filius.
2236 2131 2338 2175 Ideo
2361 2122 2496 2198 {2¹22}ssss

210 2212 328 2256 enim
348 2211 484 2267 filius,
506 2211 610 2270 quia
630 2210 803 2268 genitus
816 2228 827 2266 ;
850 2216 889 2254 et
911 2210 1015 2269 quia
1035 2209 1171 2265 filius,
1194 2209 1347 2268 utique
1367 2209 1593 2266 genitus...
1622 2209 1743 2253 Sicut
1762 2215 1908 2253 autem
1935 2209 2055 2253 filius
2074 2209 2127 2253 ad
2146 2214 2336 2269 patrem,
2361 2205 2498 2282 Ivssssssm'

212 2289 271 2332 sic
291 2287 466 2346 genitus
489 2287 542 2331 ad
575 2288 816 2346 genitorem
846 2287 1053 2343 refertur3
1079 2292 1120 2330 et
1140 2286 1249 2330 sicut
1277 2291 1398 2345 pater
1425 2287 1478 2330 ad
1498 2286 1643 2330 filium
1659 2322 1669 2342 ,
1693 2287 1753 2330 ita
1786 2287 1957 2344 genitor
1988 2287 2042 2330 ad
2071 2287 2286 2345 genitum.
2313 2304 2334 2328 »

211 2366 331 2410 Idem
350 2366 397 2408 in
417 2370 536 2408 sexto
555 2365 668 2408 libro
697 2364 749 2408 cle
772 2366 806 2408 T
803 2365 987 2408 rinitate
1003 2367 1016 2388 ⁶
1043 2381 1052 2407 z
1080 2364 1316 2409 «Verbum
1344 2364 1522 2424 quidem
1547 2365 1667 2409 solus
1694 2365 1832 2408 Filius
1851 2365 2076 2424 accipitur,
2102 2380 2191 2409 non
2212 2365 2344 2408 simul

212 2444 342 2488 Pater
361 2449 402 2487 et
422 2443 576 2499 Filius,
594 2448 802 2502 tanquam
821 2444 949 2487 ambo
964 2443 1050 2486 sint
1069 2458 1210 2486 unum
1229 2443 1444 2487 Verbum.
1469 2442 1540 2485 Sic
1559 2442 1676 2485 enim
1694 2443 1891 2487 Verbum
1910 2442 2086 2497 dicitur,
2108 2457 2195 2501 quo
2217 2441 2346 2485 modo

213 2523 362 2579 Imago
381 2538 390 2564 :
414 2536 503 2565 non
522 2526 667 2565 autem
686 2521 814 2565 Pater
833 2527 873 2565 et
892 2521 1030 2564 Filius
1048 2520 1181 2564 simul
1200 2520 1328 2564 ambo
1342 2521 1490 2577 Imago
1515 2536 1523 2562 :
1547 2520 1620 2563 sed
1638 2520 1778 2563 Filius
1796 2521 1914 2564 solus
1936 2526 1999 2564 est
2018 2521 2162 2578 imago
2182 2520 2341 2575 Patris,

216 2598 585 2659 quemadmodum
612 2597 746 2641 filius.
775 2616 797 2641 ))
826 2598 947 2642 Idem
971 2597 1018 2641 in
1048 2598 1230 2656 septimo
1255 2597 1368 2641 libro
1401 2597 1452 2641 cle
1489 2598 1703 2641 Trz'nz'tate
1724 2596 1737 2617 ⁷
1762 2614 1770 2640 :
1809 2615 1830 2639 «
1855 2598 2077 2653 Verbum,
2105 2596 2347 2641 secundum

219 2676 337 2736 quod
355 2675 566 2735 sapientia
584 2680 647 2719 est
666 2681 707 2718 et
726 2676 924 2728 essentia,
950 2675 1030 2718 hoc
1052 2680 1113 2718 est
1132 2674 1249 2734 quod
1270 2675 1421 2730 Pater3
1445 2675 1685 2719 secundum
1706 2676 1822 2735 quod
1844 2675 2059 2729 Verbum,
2079 2690 2168 2719 non
2187 2674 2268 2718 hoc
2288 2681 2350 2717 est

220 2754 338 2813 quod
353 2753 498 2813 Pater,
521 2752 626 2812 quia
642 2753 840 2797 Verbum
860 2768 949 2796 non
972 2758 1035 2796 est
1055 2752 1198 2807 Pater,
1224 2757 1265 2795 et
1280 2752 1477 2796 Verbum
1498 2753 1676 2797 relative
1696 2753 1871 2808 dicitur,
1894 2753 2004 2796 sicut
2022 2752 2177 2796 Filius.
2202 2768 2223 2794 ))
2242 2752 2351 2795 Item

221 2831 269 2874 in
288 2830 439 2874 eodem
457 2838 471 2859 ⁸
497 2845 505 2872 :
534 2846 556 2871 «
575 2829 696 2873 Sicut
721 2830 861 2873 Filius
881 2830 935 2874 ad
955 2831 1133 2873 Patrem
1165 2829 1368 2885 refertur,
1391 2829 1452 2873 ita
1471 2835 1512 2873 et
1531 2830 1728 2875 Verbum
1749 2830 1803 2874 ad
1823 2846 1925 2874 eum
1941 2829 2066 2889 cujus
2086 2835 2148 2874 est
2167 2829 2352 2874 verbum

223 2907 427 2962 refertur,
450 2921 551 2950 cum
567 2906 726 2950 dicitur
743 2907 956 2952 Verbum.
981 2908 1034 2951 Et
1054 2912 1282 2966 propterea
1300 2922 1390 2950 non
1410 2922 1459 2951 eo
1479 2908 1681 2964 verbum,
1706 2924 1794 2968 quo
1813 2908 2026 2967 sapientia
2044 2907 2225 2963 dicitur3
2249 2907 2354 2966 quia

225 2984 423 3029 Verbum
442 2999 528 3029 non
549 2984 603 3028 ad
623 2999 667 3028 se
686 2984 860 3041 dicitur,
883 2985 956 3029 sed
978 2990 1148 3028 tantum
1182 2985 1361 3028 relative
1381 2984 1543 3028 dicitur
1569 2985 1625 3029 ad
1653 3001 1754 3029 eum
1781 2985 1906 3044 cujus
1933 2990 1995 3029 est
2015 2985 2222 3040 verbum,
2245 2984 2354 3027 sicut

229 3061 370 3106 Filius
379 3061 433 3105 ad
449 3062 639 3106 Patrem.
659 3062 721 3106 Eo
735 3063 897 3122 quippe
913 3067 975 3106 est
988 3062 1121 3118 filius,
1139 3077 1227 3122 quo
1242 3062 1450 3118 verbum3
1469 3067 1510 3106 et
1524 3078 1572 3106 eo
1588 3068 1650 3107 est
1664 3063 1865 3119 verbum,
1885 3078 1973 3122 quo
1987 3062 2127 3118 filius;
2145 3061 2354 3121 sapientia

229 3153 351 3195 vero,
373 3154 461 3198 quo
480 3140 663 3183 essentia
688 3156 696 3182 :
721 3145 761 3182 et
783 3139 879 3184 ideo
901 3140 1030 3184 Pater
1050 3145 1091 3183 et
1112 3139 1251 3183 Filius
1270 3145 1373 3182 sunt
1394 3155 1483 3183 una
1506 3140 1689 3183 essentia
1713 3145 1755 3183 et
1774 3155 1863 3183 una
1889 3139 2113 3198 sapientia.
2137 3156 2159 3181 »
2181 3139 2289 3182 Item
2308 3138 2355 3181 in

233 3217 409 3261 eodem⁹
434 3233 443 3259 :
474 3234 494 3260 t<
512 3217 609 3262 Non
626 3223 687 3262 est
705 3222 825 3277 pater
839 3218 929 3277 ipse
947 3218 1147 3273 verbum,
1169 3217 1279 3261 sicut
1297 3232 1375 3261 nec
1394 3216 1530 3273 filius,
1552 3232 1630 3260 nec
1648 3216 1885 3275 imago...¹0
1904 3216 2019 3269 Quid
2040 3222 2186 3261 autem
2205 3216 2356 3258 absur-

236 3293 350 3351 dius,
371 3309 504 3353 quam
522 3295 758 3353 imaginem
772 3295 825 3339 ad
845 3310 888 3339 se
907 3295 1012 3339 dici?
1032 3313 1054 3338 »
1072 3295 1192 3340 Idem
1206 3295 1253 3339 in
1267 3295 1306 3340 V
1318 3294 1343 3316 ¹¹
1366 3311 1374 3338 :
1403 3295 1607 3339 «Dicitur
1625 3295 1804 3340 relative
1823 3295 1982 3352 Filius,
2000 3294 2178 3339 relative
2198 3292 2357 3337 dicitur

284 3425 405 3458 1Joan.
424 3426 593 3465 Damasc.‚
612 3426 651 3458 de
670 3426 752 3459 Fide
776 3426 917 3465 orthod„
938 3426 997 3459 lib.
1026 3428 1089 3468 111,
1110 3438 1139 3460 c.
1167 3435 1257 3459 vi.—
1270 3426 1396 3467 2Jbz'd.,
1419 3436 1449 3458 c.
1464 3427 1705 3468 vn.—3Ibz'd.,
1726 3437 1757 3460 c.
1787 3428 1891 3459 v.—4
1906 3427 1991 3460 Dist.
2014 3434 2154 3459 xxv1.—
2167 3426 2180 3448 5
2202 3427 2301 3467 Aug„
2319 3423 2358 3457 cle

245 3472 348 3512 Trin„
369 3472 426 3505 lib.
448 3475 490 3514 V,
511 3483 541 3505 c.
555 3481 617 3515 vn,
636 3483 673 3506 n.
697 3476 728 3506 8.
742 3491 783 3498 —
802 3476 814 3494 <⁵
829 3473 927 3515 Jbid„
947 3474 1006 3506 lib.
1028 3475 1094 3516 Vl,
1115 3485 1145 3507 c.
1162 3483 1200 3516 11,
1220 3484 1255 3507 n.
1272 3476 1302 3506 3.
1319 3493 1354 3498 —
1372 3475 1385 3497 ”¹
1400 3473 1498 3515 ibid„
1515 3475 1573 3507 lib.
1600 3476 1683 3517 Vll,
1706 3484 1735 3507 c.
1754 3483 1804 3516 111,
1825 3484 1861 3507 n.
1879 3477 1963 3508 4.—
1978 3474 2103 3512 “lbid„
2122 3484 2150 3505 c.
2166 3480 2204 3514 11,
2222 3482 2258 3505 n.
2272 3474 2303 3505 3.
2319 3490 2358 3496 —

243 3519 258 3540 ⁹
282 3518 382 3560 thid„
399 3529 428 3553 c.
443 3527 467 3561 1,
484 3530 520 3553 n.
537 3524 568 3553 1.
581 3522 661 3544 —10
674 3521 772 3563 mid„
792 3531 828 3554 n.
842 3523 924 3554 2.—
942 3522 971 3545 ¹¹
985 3521 1086 3564 lhid„
1105 3523 1164 3557 lib.
1183 3523 1223 3563 V,
1244 3531 1276 3555 c.
1292 3530 1370 3563 xm,
1392 3531 1428 3554 n.
1445 3523 1495 3554 14.
