2613 3990
1138 332 1422 376 DISTINCTIO
1453 333 1519 375 IV.
2327 331 2374 370 91

260 427 539 483 quaestionem
573 440 627 469 ex
656 426 966 480 comparatione
997 423 1281 478 generationis

261 499 400 541 adhoc
411 511 582 550 nomen,
602 501 709 541 Deus
716 513 733 550 ‚·
744 498 943 546 secundo,
954 497 1005 537 ad
1015 497 1094 537 hoc
1107 508 1278 544 nomen,

262 572 447 614 essentia
463 571 596 622 (infra,
610 570 787 611 distinct.
804 581 852 610 v:
868 568 966 611 Post
978 569 1063 609 liceo
1077 568 1281 620 quoerz‘tur

262 647 407 685 utrum
435 640 738 684 concedendum
764 640 853 691 sic,
882 639 975 692 etc.)
1009 638 1110 679 Haec
1139 640 1282 678 autem

261 713 473 754 distinctio
501 712 626 753 hahet
643 713 827 764 quatuor
854 710 1080 763 particulas
1097 741 1106 759 ,
1136 711 1176 749 et
1203 709 1282 749 hoc

260 784 494 825 secundum
523 784 704 836 quatuor
732 794 828 835 quae
859 782 918 821 ibi
947 782 1200 833 tanguntur.
1235 779 1282 820 10

259 856 410 909 prima,
435 854 647 907 supposito
676 853 789 906 quod
822 852 916 893 haec
942 853 994 893 sit
1012 865 1113 893 vera
1141 866 1149 892 :
1171 852 1282 894 Deus

259 927 403 980 genuit
419 925 564 975 Deum,
588 924 741 977 quaerit
759 924 809 964 de
832 923 925 974 hac,
951 924 1104 966 Genuit
1133 934 1192 974 se,
1221 924 1283 966 vel

261 998 421 1040 alium:
435 1008 565 1049 quam
579 994 705 1036 solvit
722 994 1015 1035 interimendo.
1033 994 1081 1035 In
1100 995 1283 1036 secunda

258 1067 411 1122 quaerit
437 1066 487 1108 de
514 1066 608 1117 hac,
640 1065 791 1108 Genuit
816 1066 947 1107 Deum
972 1066 1050 1118 qui
1085 1070 1144 1108 est
1170 1067 1282 1108 Deus

259 1140 396 1190 Pater,
412 1137 481 1179 vel
498 1138 575 1191 qui
593 1148 678 1180 ηοη
699 1140 758 1179 est
777 1137 888 1179 Deus
908 1137 1049 1188 Pater,
1071 1140 1112 1178 et
1130 1137 1181 1178 ad
1203 1137 1283 1178 hoc

258 1209 380 1251 solvit
410 1208 711 1261 distinguendo
742 1221 795 1249 ex
825 1210 943 1261 parte
979 1209 1208 1262 praedicati,
1244 1211 1284 1249 et

257 1281 337 1322 hoc
372 1279 430 1321 ibi
465 1294 474 1321 :
509 1279 590 1322 Sed
628 1279 765 1322 adhuc
805 1283 1037 1333 apponunt.
1071 1279 1119 1320 In
1160 1280 1284 1321 tertia

257 1351 409 1405 quaerit
427 1351 478 1392 de
495 1351 588 1402 hac,
612 1352 721 1393 Deus
751 1356 811 1394 est
840 1352 1047 1402 Trinitas,
1070 1354 1110 1392 et
1135 1352 1284 1404 probat

256 1422 400 1463 multis
429 1422 750 1463 auctoritatibus
778 1423 891 1476 quod
919 1426 981 1463 est
999 1435 1114 1473 vera,
1137 1426 1177 1463 et
1203 1423 1284 1463 hoc

255 1493 470 1535 occasione
490 1494 805 1547 praedictorum,
831 1494 889 1534 ibi
909 1509 918 1535 z
941 1494 1121 1541 Qm'clam
1145 1498 1282 1536 tamen

255 1566 454 1608 veritatis
490 1565 747 1607 adversarii.
790 1565 838 1605 In
881 1569 1032 1618 quarta
1068 1565 1120 1605 ad
1155 1577 1282 1605 suum

255 1636 519 1690 propositum
544 1637 665 1686 redit,
694 1636 851 1677 scilicet
872 1637 925 1677 ad
955 1636 1093 1689 primo
1122 1637 1282 1689 (1111051-

257 1710 367 1757 11110,
388 1708 545 1748 addens
561 1708 711 1761 prima}
727 1707 942 1758 solutioni,
958 1708 1070 1761 quod
1086 1708 1283 1761 quamvis

258 1791 347 1820 non
375 1779 427 1819 sit
444 1778 773 1827 concedendum,
796 1779 949 1821 Genuit
968 1790 1022 1830 Se,
1045 1779 1111 1821 vel
1130 1780 1278 1830 alium,

257 1850 459 1902 divisum,
478 1852 621 1891 tamen
642 1852 777 1903 potest
794 1850 966 1891 concedi
985 1852 1279 1904 conjunctum,

258 1920 318 1962 ibi
340 1934 350 1963 :
371 1922 492 1965 Nunc
509 1921 567 1964 act
581 1923 850 1975 proemz‘ssam
870 1923 1161 1975 qaaestionem.

695 2063 785 2091 DL'B.
818 2063 845 2090 1.

458 2137 566 2168 Deum
582 2137 623 2168 de
643 2138 727 2178 Deo,
748 2137 861 2169 lumen
880 2136 921 2169 (10
939 2136 1078 2168 lumine.

307 2220 539 2273 Quaeritur,
562 2221 685 2274 quia,
707 2233 806 2262 cum
831 2220 1073 2274 praepositio
1095 2220 1146 2263 de
1167 2222 1282 2261 notet

252 2291 557 2343 transitionem,
582 2294 623 2333 et
641 2292 698 2333 ita
718 2292 1022 2343 diversitatem,
1048 2292 1165 2333 etita
1195 2292 1282 2333 dis-

251 2363 516 2413 tinctionem,
536 2364 704 2406 videtur
724 2364 837 2417 quod
857 2363 949 2417 pari
969 2363 1146 2414 ratione,
1168 2365 1209 2404 et
1228 2363 1280 2403 ab

251 2435 551 2488 aequipollenti,
569 2435 659 2476 istae
680 2437 779 2476 sunt
798 2447 926 2486 verae,
952 2435 1059 2477 Deus
1087 2437 1147 2477 est
1165 2435 1281 2477 (clius

252 2506 280 2548 a
294 2506 392 2555 Deo,
412 2506 523 2548 Deus
543 2505 832 2559 distinquitur
849 2518 876 2548 α
892 2507 989 2548 Deo.

302 2576 427 2630 Resp.
451 2577 699 2628 Dicendum,
721 2577 837 2630 quod
860 2577 1082 2630 dupliciter
1109 2580 1170 2618 est
1192 2578 1279 2619 im-

248 2650 417 2702 portare
451 2647 765 2689 distinctionem
785 2680 795 2699 ,
835 2648 924 2689 sive
958 2648 1247 2690 diversitatem
1266 2682 1277 2700 ,

249 2719 406 2761 scilicet
426 2719 522 2762 :vel
549 2722 598 2760 ut
616 2720 814 2771 modum,
837 2719 905 2761 vel
933 2723 982 2760 ut
998 2732 1123 2777 ‘rem3
1145 2721 1213 2761 vel
1233 2723 1281 2762 ut

248 2791 491 2842 exercitam,
507 2791 577 2832 vel
594 2793 643 2832 ut
661 2793 922 2844 conceptam.
945 2790 1158 2841 Quoniam
1175 2803 1279 2844 ergo

247 2862 564 2917 praepositiones
606 2862 838 2915 important
880 2861 1193 2904 distinctionem
1231 2866 1280 2904 ut

247 2934 491 2985 exercitam,
511 2936 552 2974 et
570 2932 781 2974 distinctio
805 2933 931 2973 estin
956 2933 1113 2974 divinis
1137 2947 1278 2987 quan-

246 3008 340 3048 tum
358 3005 411 3047 ad
429 3004 663 3059 supposita,
685 3003 784 3045 facit
817 3004 1053 3046 terminum
1073 3008 1183 3046 stare
1201 3018 1278 3059 pro

247 3076 423 3119 diversis
451 3076 677 3130 suppositis
700 3090 708 3116 :
731 3075 935 3129 quoniam
963 3088 1067 3129 ergo
1096 3077 1207 3118 circa
1235 3077 1279 3118 id

246 3147 366 3201 ponit
381 3147 574 3199 modum,
598 3146 709 3188 circa
726 3146 842 3200 quod
862 3149 1029 3188 exercet
1047 3147 1276 3189 distinctio-

248 3230 367 3270 nem,
397 3221 439 3259 et
464 3218 568 3259 tales
597 3219 698 3259 sunt
727 3229 941 3271 personae3
964 3217 1058 3259 ideo
1086 3221 1149 3259 est
1175 3231 1278 3260 vera

246 3288 416 3330 locutio.
433 3289 541 3340 Quia
557 3301 660 3331 vero
680 3289 762 3330 hoc
778 3300 950 3340 nomen,
972 3289 1101 3341 alius,
1116 3289 1278 3343 impor-

248 3360 308 3400 tat
343 3360 658 3402 distinctionem
689 3362 738 3402 ut
776 3363 1020 3414 conceptam
1034 3392 1045 3411 ,
1083 3360 1277 3403 similiter

248 3429 330 3471 hoc
357 3431 565 3484 verbum,
591 3431 879 3485 ἀπίωμεν-0,·
902 3431 996 3472 ideo
1032 3431 1277 3485 simpliciter

248 3500 368 3555 ponit
392 3500 701 3545 distinctionem
724 3503 837 3544 circa
861 3502 1094 3544 terminum
1113 3503 1275 3545 ratione

249 3584 340 3614 suae
357 3572 509 3613 formae
528 3587 538 3614 :
559 3573 652 3615 ideo
670 3577 770 3616 sunt
786 3574 915 3615 falsae.

270 3663 275 3668 ’
293 3657 305 3680 ¹
319 3655 434 3695 Arist„
455 3655 653 3698 Metaplays„
669 3657 729 3692 lib.
745 3658 787 3700 V,
809 3667 839 3691 0.
854 3665 903 3699 ix,
922 3658 1071 3690 context.
1088 3659 1137 3690 16.

1780 448 1869 478 DUB.
1901 448 1946 477 11.

1418 544 1514 584 Quod
1533 553 1615 576 vero
1635 544 1788 577 additur:
1812 545 1899 586 Ergo
1919 544 2033 586 genuit
2050 553 2085 576 se
2105 546 2225 585 Deum,
2247 547 2311 577 etc.

1409 640 1465 681 De
1487 639 1566 680 hac
1584 641 1854 693 responsione
1873 640 1923 693 (a)
1947 639 2137 692 Magistri
2153 641 2372 693 quaeritur,

1356 712 1468 765 quod
1490 723 1588 752 cum
1607 711 1807 764 Magister
1826 711 1949 752 solvit
1967 711 2245 752 interimendo
2279 723 2380 752 con-

1357 782 1603 833 clusionem,
1624 783 1792 824 videtur
1809 795 1895 823 non
1923 785 2033 823 recte
2052 782 2213 823 solvere
2241 797 2249 823 ε
2279 795 2377 823 cum

1357 854 1471 895 enim
1488 854 1602 895 idem
1621 856 1662 894 et
1681 853 1897 894 diversum
1917 853 2174 894 sufficienter
2193 853 2383 894 dividant

1357 937 1431 966 ens
1465 926 1498 976 ¹,
1529 925 1696 966 videtur
1725 924 1960 965 necessario
1995 924 2115 978 sequi
2143 937 2153 965 :
2183 939 2202 963 α
2233 923 2384 966 Genuit

1357 996 1509 1046 Deum3
1530 1008 1634 1048 ergo
1656 1008 1714 1046 se,
1736 995 1804 1036 vel
1820 995 1968 1036 alium.
1988 1009 2006 1032 n

1409 1067 1532 1120 Resp.
1551 1067 1798 1117 Dicendum,
1814 1066 1927 1120 quod
1947 1066 2159 1119 Magister,
2176 1066 2385 1108 sustinen-

1357 1139 1409 1180 do
1438 1139 1646 1192 primam,
1672 1141 1713 1179 et
1744 1138 2024 1179 interimendo
2053 1137 2381 1187 conclusionem,

1357 1209 1498 1251 innuit
1512 1209 1825 1251 conclusionem
1841 1221 1928 1250 non
1941 1209 2060 1262 sequi
2073 1221 2126 1250 ex
2139 1209 2383 1262 praemissis3

1357 1284 1411 1332 et,
1433 1281 1546 1334 quod
1567 1293 1654 1322 non
1674 1283 1887 1334 sequatur,
1908 1280 2100 1331 ostendit,
2123 1280 2294 1322 ferendo
2313 1281 2386 1321 in-

1357 1353 1554 1393 stantiam
1575 1355 1723 1393 contra
1742 1352 1847 1393 illud
1868 1352 2143 1405 disjunctum.

1411 1424 1473 1465 Ad
1498 1424 1601 1465 illud
1626 1436 1727 1465 vero
1747 1424 1859 1477 quod
1890 1423 2102 1476 objicitur,
2133 1422 2247 1476 quod
2272 1422 2384 1464 idem

1356 1497 1397 1535 et
1430 1495 1645 1536 diversum
1676 1495 1931 1536 sufficienter
1961 1494 2155 1536 dividunt
2189 1506 2282 1545 ens3
2318 1494 2378 1536 di·

1357 1566 1539 1607 cendum
1559 1566 1687 1619 quod,
1715 1566 1957 1619 simpliciter
1982 1565 2206 1618 loquendo,
2227 1565 2383 1606 falsum

1356 1640 1417 1677 est
1435 1651 1443 1677 :
1460 1650 1559 1677 nam
1574 1650 1670 1691 pars
1680 1650 1756 1678 nec
1767 1639 1828 1678 est
1847 1637 1993 1677 eadem
2009 1637 2084 1677 toti
2103 1636 2291 1688 omnino,
2304 1648 2383 1678 nec

1355 1708 1601 1761 simpliciter
1629 1708 1806 1749 diversa.
1830 1708 1963 1749 Habet
1990 1710 2133 1748 tamen
2158 1708 2380 1750 veritatem

1355 1780 1589 1822 secundum
1608 1780 1720 1821 idem
1738 1795 1746 1821 z
1762 1780 1889 1829 unde,
1911 1780 1951 1821 si
1969 1790 2055 1822 ηοη
2073 1784 2133 1823 est
2150 1780 2262 1823 idem
2281 1781 2376 1831 alii,

1356 1855 1418 1894 est
1452 1851 1670 1894 diversum
1685 1883 1697 1903 ,
1724 1864 1876 1892 verum
1904 1857 1966 1892 est
1988 1851 2223 1893 secundum
2254 1851 2383 1903 illud,

1354 1923 1589 1964 secundum
1608 1924 1723 1976 quod
1741 1936 1828 1964 non
1844 1926 1906 1964 est
1923 1923 2036 1964 idem
2056 1936 2066 1964 ε
2085 1922 2217 1964 Filius
2237 1925 2382 1964 autem

1354 2007 1442 2035 non
1470 1997 1531 2036 est
1560 1995 1671 2035 idem
1699 1993 1812 2035 Patri
1834 1994 1880 2034 in
1909 2006 2088 2047 persona
2115 2008 2124 2035 ε
2147 1997 2189 2035 01
2214 1994 2307 2035 ideo
2339 1994 2384 2035 in

1354 2078 1532 2119 persona
1570 2066 1682 2107 alius
1716 2080 1726 2107 ε
1760 2078 1837 2106 000
1864 2068 2006 2106 tamen
2038 2065 2232 2119 sequitur
2273 2065 2383 2106 alius

1354 2137 1478 2189 Deus,
1499 2137 1600 2190 quia
1618 2138 1884 2190 significatur
1903 2137 2047 2178 alietas
2063 2137 2109 2178 10
2129 2137 2326 2178 essentia.

1778 2273 1868 2301 DUB.
1901 2272 1961 2300 ΙΙΙ.

1717 2348 1807 2379 Deus
1827 2349 1937 2388 Pater,
1956 2349 2021 2379 etc.

1408 2431 1622 2481 Quaeritur
1647 2431 1697 2472 de
1723 2431 1801 2471 hac
1819 2430 2086 2471 distinctione
2111 2441 2244 2482 quam
2266 2429 2387 2483 ponit

1354 2501 1553 2554 Magister
1569 2502 1618 2542 de
1633 2502 1712 2542 1100
1723 2501 1966 2554 praedicato,
1985 2502 2093 2542 Deus
2114 2500 2251 2551 Pater,
2265 2500 2380 2553 quod

1352 2576 1588 2626 potestesse
1603 2572 1855 2613 constructio
1868 2571 2104 2625 appositiva
2120 2571 2380 2620 immediata,

1352 2645 1422 2686 vel
1441 2645 1638 2686 mediata.
1666 2643 1808 2685 Primo
1831 2644 1947 2685 enim
1975 2643 2146 2685 videtur
2173 2643 2286 2696 quod
2306 2642 2385 2683 ista

1353 2717 1561 2758 distinctio
1578 2729 1665 2757 non
1684 2716 1738 2757 sit
1752 2715 2045 2768 intelligibilis,
2065 2715 2271 2767 quoniam
2285 2725 2383 2766 quae

1352 2801 1406 2830 ex
1425 2789 1571 2830 eadem
1599 2791 1718 2842 parte
1749 2788 2012 2829 intransitive
2043 2788 2382 2836 construuntur,

1351 2861 1550 2903 videntur
1568 2860 1706 2902 solum
1730 2859 1972 2901 immediate
1992 2857 2196 2899 construi.

1405 2933 1524 2984 Item,
1545 2932 1714 2973 videtur
1737 2932 1850 2985 quod
1869 2943 1954 2972 non
1975 2930 2127 2978 solvat,
2145 2929 2247 2982 quia
2272 2930 2386 2969 recta

1351 3004 1506 3046 solutio
1520 3006 1595 3055 est,
1608 3005 1732 3056 cujus
1746 3003 1915 3043 dantem
1926 3001 2171 3054 oppositum
2183 3011 2271 3041 non
2286 3011 2380 3041 con-

1350 3076 1469 3117 venit
1486 3075 1648 3116 solvere
1670 3089 1679 3116 :
1701 3074 1787 3125 sed,
1809 3073 1888 3114 ista
1906 3071 2176 3113 distinctione
2201 3073 2383 3123 remota,

1350 3147 1489 3188 adhuc
1507 3148 1650 3187 manet
1662 3145 1893 3199 sophisma,
1907 3143 1943 3184 si
1961 3143 2054 3184 loco
2068 3144 2162 3196 eJus
2175 3143 2291 3197 quod
2301 3145 2380 3192 est,

1350 3220 1461 3260 Deus
1478 3218 1620 3269 Pater,
1636 3217 1773 3258 solum
1789 3215 1912 3257 Pater
1926 3217 2137 3269 ponatur:
2159 3227 2281 3267 ergo,
2302 3216 2381 3255 etc.

1402 3289 1526 3343 Resp.
1547 3288 1796 3339 Dicendum,
1823 3287 1938 3340 quod
1958 3285 2168 3328 distinctio
2189 3283 2382 3338 Magistri

1348 3362 1461 3402 bona
1486 3362 1563 3411 est,
1593 3363 1634 3401 et
1659 3359 1899 3402 secundum
1929 3361 2081 3400 artem.
2118 3357 2226 3399 Nam
2243 3390 2255 3409 ,
2275 3356 2384 3397 sicut

1347 3433 1441 3475 vult
1471 3432 1738 3482 Priscianus,
1774 3432 1887 3473 inter
1917 3431 2181 3485 adJectivum
2212 3431 2254 3470 et
2280 3428 2383 3469 sub-

1347 3505 1582 3546 stantivum
1597 3503 1857 3557 intelligitur
1876 3503 2019 3545 media
2034 3501 2187 3556 copula
2204 3511 2293 3552 0115,
2310 3499 2382 3542 vel

1347 3576 1462 3630 quod
1490 3578 1553 3617 est
1571 3587 1646 3618 ens
1671 3591 1680 3618 ε
1710 3576 1915 3629 quoniam
1938 3575 2020 3616 hoc
2053 3573 2165 3628 quod
2196 3574 2258 3613 est
2286 3583 2376 3623 ens,

1392 3657 1432 3699 (a)
1454 3658 1547 3691 Edit.
1572 3659 1648 3691 Ven.
1670 3660 1762 3700 1753,
1783 3657 2056 3700 responsionem,
2077 3656 2135 3690 sed
2153 3655 2314 3689 mendose.
