2570 3986
980 270 1275 312 ENCYCLICAE
1303 270 1555 311 LITTERAE.
2265 282 2327 309 vu

207 363 502 422 perquireret,
536 378 726 423 quorum
757 362 860 406 forti
891 366 932 404 et
952 360 1072 404 fideli
1091 374 1223 418 opera
1253 361 1306 403 ad
1325 360 1388 402 rei
1411 360 1613 402 maximae
1638 358 1962 412 tractationem,
1989 362 2119 416 atque
2139 358 2326 417 explica-

206 451 369 498 tionem
397 458 610 508 uteretur,
638 452 726 495 duo
750 451 798 494 in
818 450 969 509 primis
988 449 1226 492 clarissima
1255 449 1376 492 illius
1395 447 1531 491 aetatis
1554 446 1747 501 lumina,
1776 461 1798 489 e
1819 445 1989 489 duobus
2010 446 2325 489 florentissimis

206 540 433 585 ordinibus
452 541 791 586 Praetlicatorum
814 544 855 582 et
874 538 1095 581 Minorum
1113 537 1273 594 delegit
1293 537 1488 591 Sanctos,
1512 536 1744 589 Thomam,
1765 540 1806 578 et
1825 535 2196 589 Bonaventuram,
2217 551 2325 593 quos

205 629 259 673 ad
278 645 321 673 se
340 630 402 674 ire
417 631 560 689 jussit.
591 630 675 674 Sed
696 643 795 673 cum
818 627 926 670 alter
951 627 997 670 in
1016 627 1109 685 ipso
1136 626 1289 670 itinere
1310 627 1356 669 in
1377 626 1581 670 morbum
1601 626 1845 679 incidisset,
1869 631 1998 684 atque
2018 625 2071 668 ad
2090 626 2241 682 gloriae
2259 641 2328 670 00-

205 733 357 762 ronam
372 719 551 762 feliciter
564 720 788 777 evolasset,
807 722 852 765 S.
870 722 1180 765 Bonaventura
1199 718 1470 774 Lugdunum
1485 715 1704 774 profectus
1721 714 2034 757 humanissime
2050 719 2252 773 exceptus
2267 720 2329 758 est

205 822 230 851 a
247 807 444 852 Romano
464 809 674 853 Pontifice
694 810 923 868 Gregorio,
942 809 1019 869 qui
1035 809 1082 852 in
1097 808 1190 866 ejus
1204 806 1366 849 virtute
1385 808 1425 846 et
1440 801 1651 861 sapientia
1668 801 1728 843 ita
1743 800 2056 859 acquiescebat,
2077 805 2126 843 ut
2146 800 2328 844 Concilii

203 902 315 940 recte
334 897 552 955 dirigendi
570 933 580 954 ,
616 904 658 942 et
675 898 1014 942 administrandi
1032 902 1175 957 partes
1196 895 1235 938 ei
1263 893 1479 953 praecipue
1506 889 1761 933 tribuendas
1781 904 1869 933 esse
1891 889 2152 933 decerneret.
2185 889 2328 942 Quare

203 1000 256 1028 ex
274 986 448 1044 publica
468 987 668 1032 Ecclesiae
688 989 896 1043 utilitate,
920 994 961 1031 et
980 985 1228 1030 necessitate
1243 1018 1253 1038 ‚
1278 989 1326 1026 ut
1349 980 1503 1039 majori
1523 995 1623 1023 cum
1644 979 1853 1036 dignitate
1880 984 1920 1022 et
1941 980 2195 1023 auctoritate
2217 979 2329 1024 Con-

201 1074 291 1118 cilii
310 1075 441 1119 rebus
466 1091 555 1119 non
574 1077 717 1120 solum
737 1077 990 1130 interesset,
1024 1074 1096 1118 sed
1121 1077 1349 1132 praeesset3
1384 1072 1534 1114 statuit
1562 1072 1785 1115 lucernam
1807 1071 2030 1115 ardentem
2052 1076 2093 1115 et
2112 1072 2329 1115 lucentem

200 1180 333 1224 supra
353 1166 570 1209 excelsum
589 1165 902 1209 candelabrum
921 1179 1099 1224 ponere,
1123 1169 1170 1206 ut
1189 1163 1236 1206 in
1256 1162 1384 1206 domo
1405 1162 1482 1204 Dei
1503 1162 1642 1219 magis
1660 1162 1838 1204 luceret.
1864 1161 2015 1220 Itaque
2037 1161 2082 1205 S.
2106 1161 2330 1204 1301101011-

199 1259 343 1299 turam
361 1256 506 1299 nullos
520 1255 706 1299 honores
719 1261 1013 1315 appetentem,
1032 1254 1272 1312 fugientem
1290 1252 1452 1312 potius,
1469 1251 1543 1295 sed
1563 1251 1724 1295 Christi
1744 1250 1919 1294 Vicario
1940 1251 2326 1310 obtemperantem,

198 1344 430 1403 nullosque
449 1359 527 1403 pro
547 1344 734 1387 Ecclesia
754 1343 922 1387 labores
942 1343 1088 1386 subire
1108 1348 1394 1397 recusantem,
1426 1347 1634 1400 tantpiam
1656 1341 1702 1384 in
1724 1341 1855 1383 totius
1876 1341 1992 1384 orbis
2014 1347 2140 1384 terrae
2161 1340 2328 1384 theatro

198 1432 245 1476 in
262 1448 434 1477 sacrum
452 1433 751 1476 Cardinalium
776 1432 1046 1490 Collegium,
1077 1438 1118 1475 et
1139 1436 1183 1475 in
1202 1432 1514 1490 Episcoporum
1545 1431 1744 1474 ordinem
1777 1430 1922 1473 statim
1947 1430 2180 1488 cooptavit.
2215 1428 2326 1473 Nam

198 1523 385 1566 ecclesiae
413 1523 653 1566 Albanensi
681 1523 811 1565 illum
840 1520 1056 1580 praefecit,
1097 1520 1175 1579 qui
1206 1520 1343 1563 honos
1371 1519 1694 1578 antiquioribus
1721 1518 1994 1576 Presbyteris
2022 1517 2330 1560 Cardinalibus

197 1611 334 1655 tribui
353 1611 475 1655 solet.
498 1611 595 1664 Qua
613 1611 687 1654 ille
707 1611 974 1670 amplissima
992 1609 1202 1666 dignitate
1224 1614 1376 1652 auctus
1396 1609 1648 1651 universam
1672 1607 1718 1650 in
1738 1607 1817 1650 Dei
1837 1607 2040 1664 gloriam,
2065 1612 2106 1649 et
2126 1606 2327 1650 Ecclesiae

198 1701 432 1745 utilitatem
451 1700 636 1745 contulit
660 1719 669 1744 ε
702 1701 861 1744 etenim
892 1700 936 1743 in
959 1699 1089 1742 rebus
1108 1698 1292 1742 Concilii
1325 1697 1473 1740 arduis
1492 1712 1667 1756 operam
1690 1695 1910 1754 egregiam
1932 1695 2157 1754 praestitit,
2184 1694 2328 1737 catho-

197 1790 327 1835 licam
347 1791 478 1835 fidem
498 1791 841 1835 constantissime
861 1788 1054 1834 defendit
1072 1823 1082 1843 ‚
1119 1802 1273 1846 pravas
1292 1787 1518 1846 opiniones
1546 1786 1753 1829 acerrime
1774 1784 1981 1828 refutavit
2000 1819 2010 1839 ,
2046 1783 2328 1842 ejusdemque

196 1880 450 1939 prudentia,
486 1880 702 1937 doctriua,
735 1880 984 1934 sanctitate,
1021 1876 1296 1921 orationibus
1327 1876 1527 1933 Gregorii
1559 1874 1789 1918 Pontificis
1822 1873 2050 1932 pastoralis
2080 1871 2327 1915 sollicitudo

198 1974 419 2027 tantopere
445 1969 594 2028 adjuta
613 1975 699 2024 est,
731 1975 779 2012 ut
798 1968 970 2012 sublato
990 1982 1068 2026 per
1088 1966 1166 2010 Dei
1187 1965 1527 2009 misericordiam
1549 1964 1790 2008 schismatis
1811 1962 1990 2006 dissidio
2008 1997 2017 2017 ,
2041 1961 2224 2005 Michael
2244 1961 2327 2004 Pa-

195 2048 404 2115 laeologus
423 2059 673 2102 Graecorum
694 2059 949 2117 Imperator,
968 2056 1287 2114 orientalesque
1306 2055 1519 2108 nationeS,
1537 2054 1590 2097 ad
1607 2053 1851 2112 apostolicae
1874 2051 1998 2095 Sedis
2016 2050 2323 2104 obedientiam,

195 2147 436 2203 unitatem,
470 2148 913 2206 communionemque
937 2147 1145 2190 redierint
1173 2162 1181 2188 :
1219 2161 1267 2189 ac
1295 2145 1482 2203 denique
1515 2143 1675 2201 dignus
1701 2142 1876 2185 habitus
1896 2146 1957 2184 est
1977 2176 1987 2196 ,
2023 2155 2155 2199 quem
2187 2139 2326 2182 Graeci

194 2235 399 2294 Eutychii
414 2237 590 2280 nomine
611 2237 896 2296 appellarent.
919 2236 1074 2279 Merito
1090 2236 1226 2293 igitur
1242 2250 1340 2278 cum
1359 2233 1489 2292 paulo
1505 2238 1599 2289 post
1619 2232 1664 2274 in
1680 2230 1830 2274 eodem
1852 2229 2043 2274 Concilio
2065 2227 2326 2272 fortissimus

194 2325 353 2370 Christi
383 2326 546 2370 athleta
572 2342 626 2370 ex
653 2327 786 2385 hujus
809 2326 910 2371 vitae
940 2325 1288 2385 peregrinatione
1322 2323 1374 2366 ad
1401 2322 1615 2365 coelestem
1645 2321 1830 2380 patriam
1859 2319 2137 2376 emigrasset,
2175 2330 2324 2359 omnes

192 2414 286 2473 ejus
305 2421 488 2459 mortem
513 2415 745 2459 doluerunt
767 2450 776 2470 ,
812 2430 961 2459 omnes
981 2429 1259 2459 communem
1280 2413 1496 2471 jacturam
1518 2411 1826 2469 deplorarunt,
1862 2424 2012 2452 omnes
2032 2408 2156 2450 illius
2182 2406 2318 2449 funus

190 2504 394 2564 lacrymis
424 2510 465 2548 et
483 2505 687 2548 laudibus
714 2511 928 2549 ornarunt
952 2522 960 2548 :
988 2504 1061 2549 sed
1087 2520 1203 2548 unus
1231 2507 1384 2562 praeter
1403 2507 1564 2544 ceteros
1587 2499 1668 2542 viri
1690 2498 1950 2542 sanctissimi
1972 2498 2108 2541 vitam
2132 2496 2320 2553 integer-

189 2593 298 2636 rime
319 2599 455 2637 actam
469 2629 479 2648 ,
504 2609 645 2638 mores
668 2594 1017 2653 probatissimos,
1047 2593 1217 2637 labores
1237 2592 1478 2651 permultos
1496 2604 1574 2648 pro
1595 2588 1785 2631 Ecclesia
1805 2592 2024 2646 susceptos
2039 2621 2049 2641 ,
2072 2585 2314 2629 doctrinam

189 2682 236 2726 in
255 2682 332 2726 1110
346 2682 445 2741 ipso
469 2682 661 2727 Concilio
682 2688 916 2742 spectatam
946 2682 1110 2739 insigni
1138 2681 1390 2724 laudatione
1411 2679 1635 2724 verissime
1662 2677 1911 2721 celebravit.
1946 2677 1986 2719 Is
2017 2675 2102 2719 fuit
2128 2674 2210 2734 piae
2231 2689 2320 2718 me-

189 2772 339 2815 moriae
358 2771 515 2815 Petrus
534 2771 776 2816 Cardinalis
795 2787 821 2816 a
840 2771 1108 2826 Tarantasia,
1132 2771 1200 2814 vir
1220 2770 1481 2824 eruditione,
1506 2775 1547 2812 ct
1566 2768 1802 2811 christiana
1817 2766 2068 2826 eloquentia
2090 2770 2315 2825 praestans,

189 2860 266 2919 qui
294 2866 440 2919 postea
463 2861 517 2905 ad
544 2861 831 2905 Pontificatus
856 2861 1080 2918 fastigium
1106 2865 1303 2915 evectus,
1335 2859 1616 2902 Innocentius
1638 2858 1756 2917 Papa
1776 2858 1815 2902 V
1846 2862 1908 2900 est
1936 2855 2194 2915 appellatus.
2222 2854 2318 2914 Ipse

187 2963 291 2992 vero
311 2964 510 2993 summus
527 2950 730 2994 Pontifex
750 2950 986 3008 Gregorius
1003 2950 1046 2993 X
1072 2965 1124 2992 ex
1142 2949 1289 2992 intimi
1308 2948 1446 2991 animi
1467 2948 1664 2990 sensibus
1685 2946 1893 2990 amissum
1915 2945 2117 3000 fratrem,
2147 2943 2317 3002 adjuto-

187 3053 305 3094 rem,
328 3044 370 3082 et
388 3039 686 3083 consiliarium
705 3039 1010 3083 fidelissimum
1035 3039 1186 3083 dolens
1211 3039 1355 3097 palam
1381 3037 1590 3095 gravibus
1610 3034 1755 3078 verbis
1784 3033 2035 3076 testificatus
2056 3037 2142 3088 est,
2170 3032 2316 3076 catho-

187 3127 316 3171 licam
340 3128 599 3184 Ecclesiam,
628 3144 728 3188 quae
757 3144 810 3173 ex
834 3129 944 3173 tanti
964 3128 1049 3171 viri
1080 3128 1261 3187 pietate,
1297 3131 1336 3169 et
1366 3125 1561 3169 doctrina
1592 3124 1759 3167 fructus
1788 3122 2033 3166 uberrimos
2065 3125 2311 3181 acceperat,

189 3230 392 3274 magnam
407 3217 527 3260 illius
541 3223 678 3261 morte
693 3219 910 3276 jacturam
923 3217 1086 3260 fecisse.
1111 3216 1195 3260 Sed
1212 3230 1310 3258 vere
1325 3230 1350 3258 a
1370 3213 1538 3272 Spiritu
1560 3214 1716 3256 Sancto
1735 3212 1901 3256 dictum
1917 3217 1978 3255 est
1996 3228 2005 3254 :
2029 3214 2084 3255 In
2099 3209 2314 3254 memoria

191 3312 355 3349 oeterna
376 3306 458 3349 erit
476 3306 625 3364 justus
642 3323 656 3348 .·
680 3322 782 3350 nam
803 3306 880 3365 qui
900 3307 947 3349 in
967 3306 1057 3349 vita
1076 3305 1258 3348 illustris
1277 3304 1418 3348 fuerat
1432 3338 1443 3358 ,
1468 3303 1607 3346 multo
1628 3307 1719 3361 post
1743 3307 1928 3345 mortem
1951 3301 2090 3344 factus
2109 3307 2171 3344 est
2191 3300 2314 3343 illus-

192 3392 315 3449 trior,
337 3394 447 3450 Deo,
469 3395 546 3454 qui
567 3394 851 3449 admirabilis,
874 3399 915 3437 et
934 3394 1150 3452 gloriosus
1169 3399 1230 3436 est
1255 3394 1302 3436 in
1323 3392 1491 3436 Sanctis
1507 3391 1620 3447 suis,
1643 3390 1778 3448 signis
1797 3390 2121 3448 compluribus,
2145 3404 2193 3433 ac
2212 3404 2310 3448 pro-

193 3481 345 3540 digiis,
382 3489 423 3527 et
450 3483 671 3527 miraculis
703 3483 891 3526 maxime
920 3483 1167 3541 insignibus
1198 3483 1313 3525 servi
1344 3481 1413 3524 sui
1446 3480 1716 3524 sanctitatem
1746 3479 2070 3538 comprobante.
2111 3478 2311 3530 Quorum

194 3571 506 3617 miraculorum
535 3573 652 3617 fama
677 3587 776 3616 cum
806 3570 922 3631 apud
942 3586 1092 3615 omnes
1116 3570 1506 3630 percrebresceret,
1539 3567 1656 3611 idem
1686 3566 1835 3610 Sixtus
1859 3565 2148 3625 praedecessor
2165 3572 2311 3611 noster
