2613 3990
55 1095 175 1121 Punctus

36 1140 63 1162 et
74 1137 174 1164 unitas.

61 1442 149 1471 ordo.

864 218 991 259 DIST.
1021 217 1141 258 XXV.
1172 216 1294 257 ART.
1325 215 1356 255 I.
1388 213 1585 264 QUAEST.
1617 213 1648 254 l.

193 310 513 361 subauctoritas,
535 310 593 350 ibi
612 312 673 350 est
692 310 876 362 gradus:
897 308 968 349 sed
982 308 1074 348 haec
1093 309 1154 347 est
1174 306 1220 345 in

193 381 329 430 Patre,
349 384 390 421 et
408 381 513 422 Filio
537 397 545 422 :
569 394 688 433 ergo,
715 385 792 422 etc.
1165 422 1172 425 ,

245 452 368 504 Resp.
402 453 656 503 Dicendum,
688 452 796 492 sicut
822 451 921 492 dicit
953 449 1096 489 Glossa
1128 448 1179 501 (a)
1207 462 1217 490 :

199 524 242 562 «¹
261 523 355 566 Non
380 524 582 566 ascendas
600 535 675 576 per
694 523 853 576 qradus
873 522 932 563 acl
956 521 1106 571 altare,
1122 522 1218 572 etc.,

193 607 268 647 per
281 595 439 646 gradus
452 595 637 636 ascendit
661 595 713 635 ad
732 594 861 635 altare
876 625 886 642 ,
916 593 992 646 qui
1015 592 1113 633 dicit
1138 592 1220 632 Pa-

192 668 301 706 trem
314 668 518 719 majorem
531 666 648 715 Filio,
663 668 703 706 et
714 665 869 706 Filium
881 663 1044 717 Spiritu
1058 667 1216 715 sancto,

193 736 300 777 sicut
324 737 450 778 Arius
470 737 589 778 dixit.
609 752 628 775 ι)
654 736 771 777 Unde
788 768 798 786 ,
831 749 930 776 cum
960 736 1141 788 gradus,
1169 735 1220 775 sle

193 807 356 848 ratione
367 808 434 848 sui
447 808 645 856 nominis,
660 807 777 847 tollat
790 819 1067 859 personarum
1081 818 1220 859 {equa-

192 879 372 931 litatem3
399 881 491 922 ideo
517 882 623 921 bene
645 880 745 920 dicit
773 880 1081 933 Hieronymus,
1106 879 1219 932 quod

193 962 278 992 non
298 954 360 992 est
377 965 550 1005 prorsus
570 952 615 991 in
637 951 856 992 divinitate
875 952 1048 1003 gradus,
1070 950 1219 991 nihilo-

193 1023 336 1064 minus
364 1025 537 1077 ponitur
556 1024 673 1065 ordo.
696 1023 903 1064 Differunt
923 1023 1037 1063 enim
1060 1022 1219 1075 gradus

194 1095 364 1145 etordo,
386 1096 492 1136 sicut
507 1097 690 1148 punctus
712 1097 753 1135 et
771 1095 925 1135 unitas.
954 1093 1062 1134 Nam
1084 1106 1220 1146 punc-

194 1167 262 1206 tus
279 1169 339 1207 est
355 1166 588 1207 substantia
610 1167 744 1219 posita
768 1179 777 1206 :
798 1166 890 1207 ideo
915 1165 1053 1206 solum
1082 1168 1143 1206 est
1173 1165 1219 1206 in

194 1238 497 1290 corporalibus.
517 1237 662 1278 Unitas
679 1250 781 1279 vero
798 1240 860 1278 est
879 1236 1113 1278 substantia
1132 1248 1219 1277 non

194 1308 355 1349 habens
375 1309 649 1362 positionem3
667 1309 759 1349 ideo
776 1312 837 1349 est
851 1309 896 1348 in
913 1307 1217 1361 spiritualibus.

195 1380 261 1421 Sic
289 1381 449 1433 gradus
477 1381 575 1428 dicit
603 1380 1003 1434 superpositionem,
1029 1379 1097 1421 vel
1119 1378 1217 1427 loci,

194 1452 261 1493 vel
280 1452 522 1504 dignitatis3
551 1451 654 1493 ordo
677 1465 780 1494 vero
805 1451 904 1493 dicit
927 1450 1219 1492 habitudinem

196 1523 249 1564 ad
268 1523 526 1576 principium
546 1524 635 1564 sine
652 1524 871 1577 positione.

248 1595 312 1635 Ad
342 1595 449 1636 illud
476 1595 613 1647 igitur
644 1595 758 1648 quod
788 1594 887 1635 dicit
917 1594 1217 1646 Augustinus3

194 1665 421 1707 dicendum
440 1666 554 1718 quod
572 1666 803 1719 improprie
822 1665 1012 1718 loquitur
1033 1665 1079 1704 in
1101 1667 1221 1705 utro-

195 1749 279 1790 que
311 1737 459 1788 verbO,
492 1740 533 1778 et
560 1750 685 1778 causa
705 1737 889 1778 sumitur
913 1736 974 1776 ibi
998 1748 1075 1788 pro
1104 1736 1221 1788 prin-

196 1808 321 1862 cipio,
343 1809 502 1860 gradus
521 1821 621 1849 vero
641 1808 827 1849 sumitur
847 1820 924 1861 pro
943 1807 1103 1848 ordine.

247 1879 312 1920 Ad
331 1879 438 1920 illud
455 1879 566 1932 quod
588 1879 786 1933 objicitur
803 1879 853 1920 de
874 1879 971 1930 Sub,
995 1878 1222 1919 dicendum

195 1950 308 2003 quod
330 1950 412 1992 Sub
430 1950 476 1990 in
489 1950 645 1991 divinis
664 1963 751 1992 non
769 1951 872 1992 dicit
887 1951 1219 2001 inferioritatem,

195 2020 266 2061 sed
285 2021 424 2061 solum
443 2021 736 2063 habitudinem
756 2023 991 2063 secundum
1014 2022 1222 2062 rationem

196 2091 475 2144 intelligendi.

249 2162 314 2203 Ad
328 2163 433 2204 illud
452 2163 566 2216 quod
584 2163 782 2217 objicitur
804 2163 854 2204 de
876 2164 1138 2215 auctoritate,
1159 2164 1224 2205 di-

198 2234 380 2275 cendum
415 2234 528 2287 quod
564 2247 719 2276 verum
747 2237 808 2275 est
840 2236 1077 2276 secundum
1112 2236 1225 2288 quod

198 2307 424 2348 auctoritas
443 2310 562 2348 sonat
587 2308 631 2347 in
650 2308 860 2349 rationem
883 2308 1087 2359 dominii,
1112 2308 1226 2361 quod

197 2378 316 2430 ponit
329 2378 514 2431 gradum
530 2393 540 2429 3
562 2379 634 2419 sed
647 2379 705 2419 sio
721 2392 809 2420 non
826 2382 887 2420 est
902 2379 947 2419 in
962 2379 1132 2430 divinis,
1155 2380 1227 2420 sed

197 2449 339 2490 solum
356 2453 483 2503 prout
503 2453 624 2491 sonat
642 2450 687 2490 in
706 2451 914 2492 rationem
935 2451 1131 2504 principii
1150 2466 1159 2492 z
1187 2454 1227 2492 et

199 2520 281 2562 hoc
298 2522 419 2575 ponit
437 2521 630 2563 ordinem
646 2521 692 2562 in
712 2523 1020 2574 cognoscendo.

508 2683 830 2728 ARTICULUS
862 2684 896 2728 I.

253 2805 318 2846 Ad
335 2804 664 2857 intelligentiam
687 2805 820 2858 hujus
844 2806 974 2858 partis
997 2806 1082 2847 duo
1110 2806 1228 2860 prin—

201 2876 389 2930 cipaliter
425 2880 682 2930 quaeruntur
713 2890 724 2917 :
765 2876 904 2930 primo
934 2878 1142 2930 quaeritur
1178 2878 1229 2920 de

201 2947 434 3001 quidditate
449 2949 583 3002 hujus
594 2949 794 3000 nominiS,
815 2950 1020 3001 Perseum
1044 2952 1229 2993 secundo

203 3019 412 3072 quaeritur
436 3020 487 3060 de
521 3020 824 3061 communitate
852 3022 1056 3074 ejusdem.
1086 3022 1230 3072 Quan-

203 3092 296 3130 tum
316 3090 368 3130 ad
385 3091 574 3144 primum
597 3092 682 3132 duo
704 3095 959 3144 quaeruntur
986 3108 995 3134 z
1020 3094 1160 3147 primo
1179 3094 1230 3135 de

203 3173 383 3214 persona
408 3163 643 3204 secundum
665 3176 757 3204 rem
785 3164 886 3216 quid
912 3165 989 3215 sit,
1021 3166 1228 3216 secundo,

203 3233 307 3284 quid
327 3233 380 3274 sit
397 3235 633 3276 secundum
651 3235 963 3276 diffinitionem.

250 3339 261 3360 ¹
276 3339 397 3379 Exod„
417 3348 476 3381 xx,
491 3342 542 3372 26.
558 3359 599 3364 —-
611 3342 624 3363 2
640 3341 694 3382 Cf.
715 3342 811 3375 Alex.
829 3342 973 3383 Alensis,
993 3353 1027 3384 p.
1050 3345 1058 3375 l
1075 3370 1082 3386 ,
1105 3354 1138 3385 q.
1154 3353 1230 3384 LVI,

203 3387 332 3417 memb.
350 3389 389 3426 13
411 3389 446 3420 S.
464 3387 597 3428 Thom,
617 3398 652 3429 p.
669 3390 703 3429 I,
725 3398 757 3430 q.
775 3397 881 3429 xxix,
903 3392 966 3420 art.
981 3391 1020 3430 43
1041 3393 1074 3422 et
1094 3391 1103 3421 Ι
1125 3392 1231 3431 Seni„

206 3433 285 3465 dist.
301 3442 409 3474 xxm,
435 3444 469 3476 q.
491 3443 524 3475 Ι,
547 3439 610 3467 art.
629 3438 668 3476 33
696 3440 730 3468 et
757 3437 797 3468 cle
820 3438 961 3477 Pomm„
982 3447 1016 3478 q.
1036 3445 1087 3478 1X,
1111 3442 1174 3470 art.
1191 3441 1231 3479 43

207 3481 340 3521 scotus,
362 3481 373 3512 Ι
397 3482 503 3521 Sem„
523 3482 600 3514 dist.
616 3490 698 3524 XXV,
718 3492 799 3525 q.1;
821 3484 934 3525 AEgid.
953 3485 1067 3525 Rom„
1092 3487 1102 3517 1
1127 3486 1232 3525 Seni„

207 3526 285 3561 dist.
300 3535 401 3568 xxw,
423 3537 456 3569 q.
471 3537 533 3570 1113
554 3530 705 3572 Henna,
723 3531 760 3562 in
779 3532 934 3572 Summa,
954 3533 1014 3563 art.
1032 3540 1093 3564 Lm
1104 3556 1115 3573 ,
1137 3542 1170 3574 q.
1192 3534 1230 3572 43

2240 218 2318 256 403

1657 368 1892 420 QUAESTlo
1923 369 1954 409 I.

1291 490 1352 524 An,
1392 497 1514 523 nomen
1550 488 1705 521 Persona
1741 485 1927 521 secundum
1963 485 2222 528 substanttam,
2263 487 2319 522 vel

1386 546 1571 584 secundum
1590 546 1799 581 relationem
1820 546 1859 579 in
1881 543 2018 579 divinis
2039 543 2182 579 dicatur
2197 542 2223 577 2.

1347 661 1467 710 Quod
1486 671 1666 712 persona
1685 658 1848 698 dicatur
1868 656 2105 697 secundum
2126 656 2323 697 substan—

1292 733 1396 774 tiam
1410 764 1419 780 ,
1462 731 1630 772 videtur
1677 742 1731 770 ex
1771 729 1913 769 verbis
1953 727 2186 779 Augustini
2204 759 2216 778 ,
2248 726 2320 769 Vll

1293 804 1342 846 de
1367 803 1577 845 Trinitate
1595 802 1608 823 ³
1623 815 1636 841 .·
1653 800 1802 839 «Idem
1822 801 1883 839 est
1902 798 1986 838 Deo
2006 811 2109 849 esse,
2124 800 2165 838 et
2181 810 2323 850 perso-

1291 887 1392 915 nam
1411 886 1514 914 esse.
1534 887 1553 910 n
1576 871 1626 912 Et
1644 872 1800 911 iterum
1825 885 1833 911 z
1864 886 1883 908 «
1901 869 2007 910 Cum
2026 869 2206 910 dicimus
2222 881 2322 922 per-

1292 957 1439 989 sonam
1453 944 1600 994 Patris,
1616 955 1704 983 non
1721 941 1836 982 aliud
1857 941 2050 991 dicimus,
2072 952 2203 993 quam
2226 940 2322 980 sub-

1290 1018 1487 1058 stantiam
1508 1015 1642 1056 Patris
1663 1029 1672 1055 z
1696 1029 1714 1052 n
1739 1026 1842 1065 ergo
1863 1025 2047 1066 persona
2074 1013 2230 1053 dicitur
2256 1024 2324 1053 εθ-

1291 1089 1480 1130 cundum
1499 1086 1796 1128 substantiam.

1344 1164 1382 1201 2.
1400 1160 1504 1200 ltem
1518 1159 1757 1208 Anselmus,
1770 1157 1815 1196 in
1825 1157 1908 1196 fine
1922 1155 2151 1208 Monol092‘i
2163 1169 2176 1194 :
2186 1155 2324 1205 «Quot

1292 1234 1390 1272 sunt
1408 1242 1620 1284 personae,
1641 1232 1701 1270 tot
1727 1231 1825 1268 sunt
1853 1227 2117 1268 substantiae.
2143 1242 2162 1264 n
2186 1227 2323 1279 Igitur

1291 1315 1449 1344 nomen
1467 1313 1657 1356 personae
1678 1300 1830 1341 dicitur
1853 1299 2092 1340 secundum
2122 1300 2323 1340 substan-

1292 1374 1411 1414 tiam.

1347 1447 1385 1485 3.
1404 1445 1525 1496 Item,
1551 1443 1678 1496 Ilugo
1698 1443 1749 1484 de
1770 1442 1923 1483 Sancto
1943 1440 2109 1482 Victore
2123 1473 2133 1492 ,
2154 1441 2200 1481 in
2215 1441 2323 1481 libro

1294 1518 1345 1559 de
1365 1517 1670 1565 Sam-amentis,
1698 1516 1743 1554 in
1764 1514 1902 1567 prima
1921 1515 2041 1565 parte
2064 1512 2159 1552 libri
2178 1512 2289 1553 tertii
2310 1525 2320 1552 :

1300 1605 1319 1628 «
1338 1589 1479 1630 Unum
1492 1588 1630 1629 solum
1646 1598 1802 1627 nomen
1820 1588 1881 1626 est
1898 1583 2190 1633 substantiale,
2211 1584 2324 1637 quod

1294 1662 1345 1702 de
1364 1659 1551 1712 singulis
1568 1659 1723 1700 dicitur
1738 1657 2025 1710 singulariter.
2042 1669 2061 1693 ›)
2087 1655 2136 1696 In
2156 1668 2325 1696 summa

1294 1736 1439 1773 tamen
1457 1744 1542 1772 non
1575 1730 1729 1771 dicitur
1753 1728 2049 1780 singulariter,
2078 1727 2150 1768 sed
2177 1727 2324 1780 plura-

1294 1805 1390 1845 liter
1417 1802 1737 1857 pronuntiatur,
1766 1803 1815 1841 ut
1838 1811 2018 1853 persona
2044 1811 2054 1840 τ
2088 1799 2223 1852 igitur
2246 1799 2327 1840 hoc

1295 1888 1466 1926 nomen,
1489 1876 1690 1924 Persona,
1713 1875 1774 1913 est
1794 1883 1953 1912 nomen
1973 1870 2262 1912 substantiale.

1350 1950 1389 1987 4.
1412 1946 1516 1986 Item
1537 1945 1707 1986 Boetius
1721 1976 1732 1994 ,
1761 1943 1806 1983 in
1824 1942 1932 1982 libro
1952 1941 2003 1983 de
2023 1940 2188 1983 duabus
2204 1945 2328 1984 nalu-

1296 2020 1359 2060 rz‘s
1380 2023 1419 2060 et
1453 2028 1541 2059 una
1562 2026 1744 2069 persona
1766 2014 1942 2063 Christi,
1972 2025 2196 2066 personam
2215 2013 2328 2054 disfi-

1297 2092 1417 2132 niens
1438 2091 1552 2140 dicit,
1574 2090 1688 2143 quod
1711 2091 1773 2129 est
1791 2086 2010 2128 rationalis
2034 2088 2202 2127 naturae
2222 2086 2327 2126 sub-

1298 2163 1451 2204 stantia
1476 2162 1698 2203 individua
1719 2174 1728 2200 :
1753 2159 1824 2200 sed
1850 2159 1885 2199 si
1913 2157 2152 2198 substantia
2173 2157 2329 2210 praedi-

1300 2238 1420 2275 catur
1456 2234 1502 2274 in
1532 2235 1645 2274 recto
1661 2263 1674 2282 ,
1713 2234 1754 2272 et
1784 2243 1872 2271 non
1897 2241 1974 2283 per
2009 2229 2199 2270 accidens
2213 2260 2224 2279 ,
2258 2229 2329 2269 sed

1300 2306 1537 2347 secundum
1556 2317 1622 2355 εθ;
1653 2306 1756 2344 tunc
1773 2314 1878 2354 ergo
1903 2312 2087 2354 persona
2111 2300 2210 2341 dicit
2228 2300 2329 2341 sub-

1300 2377 1499 2418 stantiam
1515 2375 1749 2416 secundum
1768 2385 1917 2414 omnes
1936 2372 2144 2413 Doctores.

1357 2451 1394 2489 5.
1415 2448 1520 2489 ltem
1541 2448 1622 2488 hoc
1636 2447 1781 2500 ipsum
1798 2445 1967 2486 videtur
1985 2444 2164 2493 ratione,
2186 2446 2228 2484 et
2243 2442 2324 2483 hoc

1302 2532 1377 2574 per
1413 2519 1729 2560 diffinitionem.
1778 2516 1948 2558 Boetius
1986 2516 2100 2557 enim
2137 2514 2333 2555 venando

1304 2591 1602 2632 diffinitionem
1636 2601 1829 2643 personae
1864 2587 1989 2637 dicit,
2026 2586 2140 2640 quod
2169 2587 2242 2626 aut
2274 2587 2336 2625 est

1304 2663 1556 2713 substantia,
1578 2665 1653 2702 aut
1671 2661 1864 2701 accidens
1895 2674 1905 2700 z
1928 2662 1969 2700 et
1993 2658 2091 2700 dicit
2114 2656 2228 2710 quod
2246 2668 2334 2697 non

1304 2737 1366 2776 est
1383 2734 1602 2783 accidens,
1623 2744 1729 2785 ergo
1754 2730 2003 2772 substantia.
2033 2729 2077 2770 Si
2104 2740 2208 2780 ergo
2235 2739 2335 2781 per-

1304 2818 1407 2846 sona
1422 2806 1467 2845 in
1485 2805 1553 2845 his
1566 2803 1840 2844 inferioribus
1859 2801 1958 2842 dicit
1978 2800 2274 2849 substantiam,
2296 2800 2337 2839 et

1305 2877 1406 2930 quid
1427 2889 1502 2930 per
1516 2888 1560 2916 se
1579 2875 1778 2923 existens,
1803 2885 1907 2925 ergo
1925 2875 1966 2913 et
1982 2872 2030 2912 in
2047 2871 2146 2912 Deo.

1359 2952 1397 2988 6.
1419 2947 1525 2989 Item
1548 2948 1628 2988 hoc
1649 2947 1794 3000 ipsum
1813 2944 1982 2986 videtur
2000 2954 2076 2996 per
2102 2943 2196 2994 eJus
2215 2941 2337 2981 abso-

1304 3020 1526 3070 lutionem,
1547 3018 1752 3071 quoniam
1772 3027 1899 3057 omne
1914 3026 2076 3054 nomen
2093 3012 2207 3066 quod
2233 3012 2339 3053 dici—

1304 3094 1376 3132 tur
1393 3091 1446 3131 ad
1464 3102 1522 3139 se,
1542 3089 1640 3131 dicit
1659 3087 1943 3129 substantiam
1962 3085 2008 3125 in
2035 3084 2191 3126 divinis
2207 3116 2218 3135 ,
2238 3083 2337 3136 quia

1304 3161 1387 3202 tale
1415 3174 1501 3202 non
1522 3160 1757 3202 secundum
1785 3157 2033 3199 relationem
2059 3155 2212 3197 dicitur
2234 3168 2242 3195 :
2266 3153 2337 3194 sed

1306 3272 1480 3312 Ricllard.‚
1506 3273 1515 3303 1
1535 3272 1639 3309 Sent„
1661 3270 1738 3302 dist.
1757 3277 1843 3310 xxv,
1864 3278 1897 3309 q.
1920 3276 1951 3308 1;
1974 3267 2153 3299 Durandus
2167 3290 2176 3302 ,
2198 3266 2209 3296 l
2231 3264 2337 3303 Sent„

1308 3320 1386 3352 dist.
1400 3327 1487 3359 xxix,
1509 3327 1590 3360 q.1;
1612 3318 1783 3350 Francisc.
1801 3317 1843 3348 de
1863 3317 1985 3357 Mayr.,
2008 3316 2019 3346 l
2038 3315 2141 3352 Seni„
2163 3313 2240 3344 dist.
2254 3318 2336 3351 xxv,

1309 3377 1342 3409 q.
1360 3376 1413 3408 1v3
1434 3367 1562 3399 Marsil.
1584 3368 1740 3407 Inguen„
1761 3366 1774 3396 I
1794 3365 1900 3403 Sem„
1920 3373 1954 3404 q.
1970 3371 2092 3403 xxviii,
2114 3363 2176 3393 art.
2191 3364 2230 3400 1;
2252 3358 2336 3390 Gal).

1310 3415 1407 3455 niel„
1426 3416 1437 3446 l
1464 3415 1569 3456 Sem„
1591 3414 1668 3446 dist.
1683 3421 1765 3453 XXV,
1788 3421 1819 3453 q.
1842 3422 1864 3443 1.
1879 3429 1920 3435 —
1936 3412 2062 3451 3Aug„
2092 3409 2130 3439 (le
2153 3408 2257 3447 Trz'n„
2277 3406 2336 3437 lib.

1309 3463 1390 3503 Vll,
1411 3472 1440 3494 c.
1455 3470 1488 3502 v,
1507 3471 1542 3494 n.
1562 3464 1611 3493 10.

1353 3533 1399 3575 (a)
1420 3533 1539 3575 Suppl.
1557 3542 1659 3575 super
1677 3532 1760 3565 illud
1780 3531 1900 3564 Exodi.

2344 659 2387 686 Ad
2412 667 2478 695 opp.
