2613 3990
910 365 1037 407 DIST.
1068 365 1116 406 V.
1148 364 1268 407 ART.
1299 365 1350 407 ΙΙ.
1382 363 1581 415 QUAEST.
1613 364 1663 405 II.

236 460 417 502 essentia
445 461 688 512 generatur,
716 456 947 498 substantia
982 456 1050 498 vel
1078 455 1258 496 essentia

236 534 299 572 est
328 531 380 572 de
403 530 634 571 substantia
662 527 906 581 generantis
941 542 950 568 ε
985 527 1057 568 sed
1088 538 1175 566 non
1198 528 1259 568 est

236 601 319 642 nisi
344 614 432 642 una
453 600 684 642 substantia
708 614 718 640 τ
748 611 851 651 ergo
882 598 995 639 idem
1019 597 1070 638 de
1096 597 1255 650 seipso,

237 672 349 725 quod
375 675 436 713 est
453 670 722 724 impossibile.

291 743 419 793 Item,
445 741 662 795 generatio
694 743 755 781 est
784 739 1003 793 productio
1026 753 1034 780 :
1057 738 1127 780 sed
1155 751 1258 792 pro-

238 815 378 856 ductio
410 816 472 855 est
505 812 702 866 quaedam
737 811 871 861 actio,
905 813 946 852 et
980 810 1118 851 omnis
1152 811 1259 852 actio

238 888 440 927 creaturae
468 883 720 924 terminatur
745 883 797 923 ad
825 882 1059 935 singularia
1091 897 1099 922 :
1131 894 1257 934 ergo,

239 969 336 998 cum
355 954 570 1008 generatio
591 954 643 995 sit
667 955 865 1007 quaedam
886 954 992 995 actio
1007 987 1017 1005 ,
1043 954 1089 994 in
1109 953 1262 994 divinis

239 1026 531 1068 terminabitur
545 1025 598 1066 ad
614 1025 848 1078 singulare,
862 1025 951 1067 s1ve
964 1024 1233 1078 suppositum
1249 1037 1258 1064 z

237 1098 308 1138 sed
338 1096 420 1138 tale
447 1108 535 1137 non
567 1099 629 1137 est
656 1096 912 1147 substantia3
940 1109 1043 1149 ergo
1073 1108 1161 1137 non
1183 1098 1263 1136 ter-

238 1169 468 1210 minabitur
486 1169 539 1210 ad
559 1168 709 1222 ipsam.

579 1320 918 1363 CONCLUSIO.

235 1426 450 1463 Substantia
469 1423 539 1462 non
558 1429 760 1471 qeneratw‘,
790 1428 822 1462 εί
836 1437 904 1473 pro
925 1427 1076 1462 essentia
1096 1429 1129 1462 et
1147 1427 1265 1471 forma

255 1487 507 1532 intelliqatur3
526 1485 586 1522 sed
596 1487 815 1533 suppositum
830 1486 885 1522 vel
901 1496 1053 1533 persona
1069 1487 1244 1531 gignitur.

291 1599 415 1654 Resp.
437 1599 490 1640 ad
508 1599 613 1652 Arg.
637 1599 869 1650 Generatio,
889 1599 940 1640 de
953 1612 1031 1640 sua
1045 1599 1263 1640 communi

238 1672 417 1717 ratione,
438 1672 492 1713 ad
511 1672 791 1713 substantiam
810 1672 1083 1723 terminatum
1109 1672 1179 1713 sed
1199 1675 1264 1713 at-

238 1743 497 1786 tendendum
513 1743 624 1796 quod
637 1743 872 1784 substantia
885 1743 1039 1784 dicitur
1053 1744 1105 1797 (a)
1122 1744 1265 1798 dupli-

239 1815 341 1856 citer
358 1829 367 1855 :
388 1815 539 1868 prima,
557 1826 653 1868 quae
665 1817 726 1856 est
738 1814 1008 1856 individuum
1022 1848 1032 1867 ,
1053 1818 1093 1856 et
1102 1816 1264 1870 hypos-

238 1885 337 1926 tasis
357 1886 445 1927 sive
464 1898 664 1940 persona3
685 1888 726 1927 et
743 1886 940 1937 secunda,
961 1899 1058 1940 quae
1075 1890 1135 1928 est
1153 1900 1265 1929 com-

239 1970 384 1999 mune.
406 1958 506 1999 Dico
526 1970 628 2011 ergo
649 1958 765 2011 quod
790 1960 851 1999 est
868 1959 985 2012 loqui
1010 1959 1060 2000 de
1084 1961 1264 2002 termino

238 2029 526 2082 generationis
563 2029 784 2083 dupliciter
800 2061 810 2079 ,
850 2033 924 2070 aut
962 2034 1173 2083 quantum
1212 2032 1265 2073 ad

238 2099 558 2153 productionem
574 2132 585 2150 ,
624 2105 697 2141 aut
733 2103 942 2154 quantum
979 2102 1031 2143 ad
1063 2102 1264 2145 intentio-

238 2183 337 2212 nem
355 2185 364 2213 :
384 2175 594 2225 quantum
609 2172 659 2213 ad
674 2171 1010 2225 productionem,
1027 2185 1125 2215 cum
1141 2175 1193 2216 sit
1213 2175 1260 2228 (b)

239 2244 350 2286 circa
375 2245 613 2298 singulare,
634 2245 889 2286 terminatur
911 2247 963 2287 ad
986 2248 1264 2290 substantiam

239 2317 446 2370 primam3
467 2319 678 2370 quantum
697 2329 799 2358 vero
818 2318 871 2359 ad
889 2318 1165 2361 intentionem
1178 2353 1188 2372 ,
1211 2320 1264 2362 ad

238 2390 438 2429 naturam
478 2401 749 2430 communem
765 2421 776 2440 ,
815 2389 916 2443 quia
951 2390 1044 2431 brec
1078 2394 1232 2433 natura
1249 2425 1260 2444 ,

238 2459 475 2512 producens
493 2459 612 2500 hunc
628 2459 861 2510 hominem,
884 2461 1063 2503 intendit
1082 2463 1263 2505 formam

238 2543 511 2572 communem
538 2531 637 2571 dare
663 2531 715 2572 ei.
747 2531 827 2572 Sed
852 2533 1058 2585 quoniam
1077 2534 1122 2575 in
1146 2548 1263 2577 crea-

238 2603 344 2644 turis
359 2602 497 2643 forma
517 2603 757 2644 communis
774 2609 1026 2646 numeratur
1044 2606 1089 2647 in
1110 2620 1263 2662 suppo—

237 2676 325 2718 sitis
335 2690 353 2729 ,·
379 2677 473 2718 ideo
498 2676 544 2717 in
571 2677 652 2718 illis
677 2678 814 2718 forma
839 2681 1078 2721 communis
1104 2682 1261 2735 produ-

236 2748 358 2800 citur,
389 2751 431 2789 et
447 2749 742 2807 „corrumpitur
767 2762 778 2791 :
802 2753 842 2791 θῖ
871 2750 963 2792 ideo
990 2751 1036 2793 in
1059 2755 1263 2796 creaturis

235 2819 454 2872 generatio
482 2832 571 2860 non
599 2822 768 2861 tantum
801 2823 1036 2864 secundum
1063 2824 1260 2868 intentio-

235 2903 357 2943 nem,
394 2891 466 2932 sed
495 2891 625 2932 etiam
651 2893 887 2934 secundum
916 2896 1258 2949 productionem,

236 2962 289 3004 ad
309 2963 587 3004 substantiam
614 2976 886 3006 communem
907 2967 1163 3010 terminatur
1188 2985 1196 3011 :
1221 2973 1263 3012 et

237 3033 330 3075 ideo
348 3034 590 3076 universale
607 3035 652 3075 in
671 3035 877 3088 singulari
897 3041 1143 3090 generatur,
1161 3041 1262 3094 quia

237 3106 506 3144 numeratur.
545 3103 627 3145 Sed
665 3104 870 3157 quoniam
898 3106 943 3146 in
973 3106 1127 3149 divinis
1155 3110 1261 3150 sub-

238 3174 389 3215 stantia
414 3188 504 3217 non
530 3179 797 3226 numeratur,
826 3188 904 3218 nec
930 3178 1102 3220 advenit
1126 3180 1164 3221 ei
1178 3193 1260 3223 no-

237 3255 341 3284 vum
359 3257 466 3295 esse;
485 3247 578 3289 ideo
596 3247 814 3300 generatio
833 3250 1069 3291 secundum
1083 3252 1261 3304 produc-

239 3314 398 3357 tionem
429 3319 684 3360 terminatur
718 3320 858 3361 solum
895 3321 948 3362 ad
981 3323 1260 3366 substantiam

239 3385 441 3440 primam,
472 3402 570 3442 quae
597 3394 659 3432 θεῖ
684 3404 886 3445 persona;
919 3394 1020 3446 quia
1052 3407 1256 3448 persona,

240 3457 472 3500 secundum
499 3459 691 3504 Boetium
713 3465 739 3513 ¹,
767 3466 829 3504 est
855 3463 1069 3506 rationalis
1091 3471 1258 3509 naturae

283 3555 294 3576 ¹
307 3555 420 3597 Boet„
432 3556 470 3588 cle
481 3557 608 3590 duabus
617 3562 759 3601 naturis,
771 3563 803 3593 et
817 3572 881 3593 una
894 3567 1105 3604 persona—2
1118 3566 1172 3607 Cf.
1190 3568 1251 3599 Pe-

240 3604 311 3634 trus
341 3604 523 3645 Aureolus,
544 3606 555 3636 Ι
579 3607 683 3648 Sem„
710 3609 788 3641 dist.
803 3617 841 3651 V,
861 3619 895 3651 q.
918 3618 956 3651 v3
984 3612 1101 3653 Steph.
1132 3615 1257 3655 Brulef,

281 3674 322 3715 (α)
336 3674 360 3705 Α
367 3673 380 3704 Ι
384 3700 390 3707 .
407 3674 540 3707 dicit.—
556 3677 598 3718 (b)
614 3678 704 3711 Edit.
724 3680 798 3713 Ven.
812 3683 885 3713 1751
904 3681 998 3714 lmlfflt
1015 3683 1074 3725 sic,
1095 3685 1255 3718 mendose.

2277 377 2353 415 1215

1333 454 1552 496 individua
1577 453 1823 495 substantia.
1858 453 1938 496 Sed
1962 456 2062 509 quia
2086 457 2190 499 illud
2215 461 2354 503 solum

1332 526 1484 567 dicitur
1504 525 1700 577 generari
1723 525 1914 578 proprie,
1938 527 1989 567 ad
2014 528 2127 581 quod
2149 531 2355 573 termina-

1332 600 1402 638 tur
1439 596 1656 648 generatio
1687 596 1922 637 secundum
1955 598 2162 639 rationem
2194 602 2355 654 produ-

1333 666 1475 717 cendi3
1525 666 1618 706 ideo
1649 679 1829 719 persona
1859 671 2103 721 generatur,
2136 683 2225 711 non
2259 673 2357 713 sub-

1333 737 1507 786 stantia,
1537 737 1606 778 vel
1624 738 1817 778 essentia.
1842 738 1895 779 Εῖ
1913 739 2005 781 ideo
2024 740 2118 782 haec
2141 754 2226 783 non
2246 744 2357 785 reci-

1333 809 1448 862 pitur
1470 823 1479 849 z
1511 824 1529 847 «
1547 808 1734 850 Essentia
1750 814 1994 862 generatur.
2013 826 2032 849 ))

1387 880 1437 920 Et
1456 880 1514 920 sic
1533 883 1678 933 patent
1696 881 1840 921 omnia
1868 882 2030 934 obJ'ecta
2061 883 2113 924 ad
2133 886 2360 939 utramque

1334 954 1498 1004 partem
1531 965 1540 991 z
1571 952 1805 1004 procedunt
1835 953 1949 993 enim
1975 953 2026 994 de
2058 954 2233 997 diversis
2261 957 2357 999 viis.

1336 1022 1454 1063 Patet
1489 1022 1616 1064 etiam
1650 1035 1782 1076 quare
1807 1023 1852 1063 in
1880 1024 2034 1065 divinis
2058 1037 2145 1067 non
2170 1028 2362 1081 sequitur

1337 1094 1472 1148 quod,
1502 1097 1703 1147 generata
1736 1106 1936 1147 persona,
1969 1096 2203 1138 substantia
2231 1111 2363 1151 gene-

1336 1169 1469 1218 retur,
1493 1166 1601 1207 sicut
1618 1166 1664 1206 in
1684 1166 1902 1207 creaturis.
1925 1166 2068 1209 Posset
2083 1171 2224 1210 tamen
2244 1171 2363 1213 aliter

1337 1237 1439 1288 dici,
1460 1237 1571 1290 quod
1592 1249 1679 1277 non
1699 1240 1929 1290 generetur
1948 1250 2174 1282 commune
2188 1274 2198 1293 ,
2219 1242 2301 1283 nisi
2316 1246 2365 1285 ut

1337 1308 1382 1348 in
1402 1308 1506 1359 hoc;
1537 1310 1576 1349 et
1595 1321 1681 1349 non
1707 1311 1874 1350 tantum
1891 1310 1938 1351 in
1961 1313 2164 1355 creaturis
2183 1315 2264 1356 hoe
2289 1329 2364 1359 ve-

1337 1392 1435 1420 rum
1467 1382 1554 1431 est,
1589 1380 1659 1420 sed
1694 1381 1820 1422 etiam
1852 1381 1898 1422 in
1926 1383 2095 1425 divinis.
2130 1385 2364 1431 Commune

1339 1455 1483 1493 autem
1506 1455 1551 1492 ut
1579 1452 1625 1492 in
1649 1452 1756 1504 hoc,
1789 1466 1876 1494 non
1902 1454 2169 1507 significatur
2195 1459 2242 1500 in
2269 1461 2364 1502 abs-

1338 1525 1562 1573 tractione,
1584 1523 1653 1564 sed
1682 1524 1727 1564 in
1754 1527 2039 1579 concretione3
2063 1530 2104 1569 et
2122 1529 2238 1582 ideo,
2263 1532 2365 1585 quia

1338 1595 1418 1636 hoc
1434 1608 1592 1636 nomen
1606 1628 1617 1647 ,
1640 1597 1748 1638 Deus
1759 1627 1772 1647 ,
1794 1597 2004 1649 significat
2022 1600 2301 1643 substantiam
2319 1604 2365 1644 in

1338 1667 1604 1708 concretione
1616 1700 1626 1718 ,
1646 1667 1740 1709 ideo
1761 1668 1807 1709 in
1824 1670 2089 1712 concretione
2108 1671 2217 1714 Deus
2233 1686 2366 1727 gene-

1337 1741 1471 1790 ratur,
1507 1741 1546 1779 et
1582 1738 1690 1780 Deus
1720 1743 1897 1792 generat
1933 1741 2082 1784 Deum.
2122 1742 2230 1793 Quia
2262 1758 2365 1789 vero

1338 1810 1595 1861 substantia,
1626 1810 1695 1851 vei
1724 1811 1920 1861 essentia,
1954 1812 2168 1865 significat
2198 1815 2245 1857 in
2270 1817 2364 1859 abs-

1337 1881 1539 1922 tractione
1550 1896 1560 1933 ;
1581 1882 1673 1923 ideo
1692 1895 1770 1924 nec
1786 1887 1985 1937 generat,
2007 1897 2085 1927 nec
2103 1891 2333 1939 generatur
2351 1902 2363 1931 ε

1339 1956 1379 1994 θῖ
1408 1954 1465 1994 ita
1495 1954 1728 2007 procedunt
1761 1955 1944 1997 rationes
1977 1957 2030 1998 ad
2062 1962 2201 2011 partes
2228 1973 2364 2016 oppo-

1338 2025 1452 2067 sitas.

1671 2115 1945 2166 QUAESTIO
1975 2117 2030 2160 ΙΙ.

1362 2217 1423 2252 An
1444 2217 1609 2253 Esscntc'cz
1630 2217 1759 2254 divina
1774 2229 1842 2266 per
1860 2222 2121 2264 generationem
2140 2227 2337 2261 communi-

1783 2279 1919 2314 cetu-122.

1391 2383 1542 2426 Utrum
1561 2385 1794 2427 substantia
1815 2399 1891 2440 per
1909 2390 2229 2441 generationem
2249 2405 2365 2436 com-

1336 2457 1602 2508 municetur3
1629 2461 1668 2499 et
1687 2459 1802 2511 quod
1826 2460 1904 2511 sic,
1927 2461 2094 2503 videtur
2113 2463 2194 2505 hoc
2221 2467 2363 2509 modo.

1335 2525 1415 2568 Per
1448 2528 1554 2569 iilud
1583 2541 1650 2570 res
1676 2532 2041 2584 communicatur,
2070 2547 2146 2588 per
2179 2538 2292 2590 quod
2318 2539 2365 2580 fit

1335 2601 1384 2639 ut
1401 2599 1511 2640 sitin
1529 2599 1721 2653 pluribus
1745 2616 1754 2643 :
1776 2603 1848 2643 sed
1868 2604 2103 2647 substantia
2123 2610 2184 2648 est
2202 2608 2246 2648 in
2265 2609 2363 2662 plu-

1334 2670 1456 2711 ribus
1484 2672 1674 2724 personis
1689 2704 1700 2724 ,
1727 2675 1769 2714 et
1792 2686 1881 2715 non
1900 2678 1963 2716 est
1982 2676 2064 2717 nisi
2084 2690 2161 2731 per
2179 2691 2363 2731 genera-

1334 2742 1494 2783 tionem
1512 2745 1553 2784 et
1569 2755 1644 2796 per
1659 2746 1972 2797 processionem
1991 2761 2001 2789 :
2023 2760 2126 2802 ergo
2145 2762 2221 2803 per
2236 2764 2365 2805 gene-

1334 2814 1541 2856 rationem
1561 2817 1918 2860 communicatur.

1388 2886 1493 2928 item
1509 2920 1520 2940 ,
1539 2901 1665 2930 causa
1692 2892 1779 2942 est,
1801 2903 1886 2944 qua
1911 2892 2047 2945 posita
2073 2893 2250 2947 ponitur
2272 2907 2361 2949 res,

1334 2960 1375 2998 et
1394 2971 1478 3011 qua
1493 2962 1656 3001 remota
1675 2964 1921 3003 removetur
1934 2966 1971 3004 ³:
1992 2963 2080 3015 sed,
2101 2966 2237 3018 posita
2251 2979 2364 3009 ema-

1333 3029 1502 3071 natione
1535 3031 1579 3071 in
1611 3032 1786 3084 divinis,
1817 3033 1990 3086 ponitur
2017 3037 2299 3079 communitas
2322 3040 2364 3080 et

1333 3101 1562 3153 distinctim
1595 3106 1757 3144 remota
1785 3105 2060 3156 generatione
2087 3109 2157 3150 vel
2185 3121 2362 3151 emana-

1332 3172 1468 3225 tione,
1491 3175 1672 3216 essentia
1696 3178 1757 3216 est
1779 3176 1825 3217 in
1843 3189 1932 3218 uno
1948 3178 2051 3230 solo,
2072 3179 2180 3221 sicut
2205 3180 2363 3235 hypos-

1332 3243 1463 3284 tasis:
1491 3257 1596 3297 ergo
1629 3247 1846 3298 generatio
1880 3251 1942 3290 est
1976 3250 2083 3292 ratio
2120 3253 2361 3295 communi-

1335 3316 1458 3356 candi
1477 3317 1716 3359 essentiam.

1387 3386 1519 3437 Item,
1541 3389 1655 3441 quod
1686 3389 1810 3432 datur
1833 3391 1980 3445 alicui,
2014 3397 2056 3436 et
2087 3408 2175 3437 non
2208 3396 2360 3439 desinit

1332 3459 1478 3500 haberi
1507 3472 1533 3500 a
1563 3460 1716 3513 dante,
1739 3474 1816 3516 per
1845 3463 1957 3505 idem
1986 3477 2062 3518 per
2087 3467 2200 3519 quod
2217 3468 2356 3522 datur,

1331 3544 1406 3584 per
1436 3531 1541 3573 iliud
1569 3535 1911 3577 communicatur
1936 3551 1945 3577 :
1975 3537 2047 3578 sed
2077 3539 2309 3580 substantia
2332 3552 2358 3581 a

1332 3641 1343 3671 I
1365 3639 1470 3678 Seni„
1489 3639 1566 3671 dist.
1593 3648 1625 3682 v,
1651 3650 1684 3682 q.
1711 3650 1814 3674 112-
1831 3641 1972 3682 ³Arist.,
1998 3642 2037 3673 (le
2063 3643 2223 3685 Metlzocl„
2242 3645 2298 3678 lib.
2314 3646 2355 3686 V,

1333 3697 1361 3719 se.
1382 3695 1417 3727 Π,
1439 3690 1587 3719 context..
1604 3691 1633 3719 2.

2413 2405 2526 2433 Funda-

2397 2452 2502 2475 menta.
