2613 3990
315 257 389 294 364

317 343 402 383 tive
420 343 602 382 tantum.
628 340 744 380 Ratio
764 342 905 380 autem
926 350 1055 391 quare
1078 337 1338 389 omnipotens

318 427 401 455 non
418 416 549 466 potest
565 425 652 453 esse
667 411 951 465 participium,
969 412 1028 450 est
1041 412 1209 463 propter
1223 420 1339 448 com-

320 487 586 540 positionem,
601 497 726 537 quain
740 496 824 523 non
836 483 1018 523 admittit
1030 482 1225 522 verbum.
1244 480 1340 521 Par-

317 558 506 612 ticipium
523 557 650 606 enim,
668 558 714 595 ut
731 554 827 595 dicit
847 553 1168 601 Grammaticus,
1191 552 1340 592 transit

318 631 360 671 in
383 641 538 670 nomen
564 630 746 681 quatuor
766 626 899 667 modis
918 641 925 666 :
950 624 1270 678 compositione,
1293 626 1340 663 ut:

317 701 538 744 z'mloctas;
572 698 909 751 comparatione,
943 699 991 737 ut
1016 696 1205 747 (Ioctiom
1238 707 1339 735 con-

316 771 543 813 structione
557 802 566 820 ,
589 772 633 810 ut
654 780 803 811 ainans
821 769 962 813 illius:
988 767 1188 821 temporis
1209 766 1339 807 amis-

317 845 458 891 sione,
492 845 539 882 ut
561 840 796 891 anzrzndns,
821 839 1055 881 secundum
1084 838 1196 891 quod
1226 838 1338 878 idem

315 914 523 966 significat
542 945 552 962 ,
576 912 642 953 vel
667 912 777 953 idem
803 914 945 960 sonat,
973 910 1085 964 quod
1107 911 1248 952 ammi
1271 909 1340 951 cli-

313 996 436 1039 911113.

736 1050 824 1077 nrss.
860 1049 918 1077 iv.

358 1124 445 1154 Deus
469 1122 558 1153 enim
578 1131 647 1153 non
668 1123 717 1153 cst
742 1129 884 1161 magnus
905 1129 944 1151 ca
962 1118 1214 1160 magnitudine,
1233 1120 1296 1149 cte.

369 1198 582 1248 Quaeritur
600 1198 649 1239 de
675 1198 751 1239 ista
774 1197 938 1238 ratione
959 1195 1188 1249 Augustini
1213 1210 1221 1236 ς
1253 1210 1271 1233 α
1296 1194 1339 1235 Si

318 1270 423 1311 llens
453 1273 514 1310 est
544 1270 858 1323 participatione
889 1280 1094 1320 magnus,
1123 1279 1227 1319 ergo
1248 1279 1339 1306 ma-

317 1342 500 1395 gnitudo
526 1347 586 1383 est
610 1344 745 1394 major
764 1353 893 1394 quam
915 1344 1045 1390 Deus3
1069 1354 1087 1376 »
1113 1341 1153 1380 et
1172 1339 1339 1380 videtur

312 1415 390 1455 ista
408 1414 515 1454 ratio
536 1427 621 1454 non
638 1414 793 1454 valere.
817 1412 910 1453 Non
928 1412 1041 1453 enim
1061 1411 1172 1452 valet
1191 1424 1200 1452 t
1223 1427 1241 1450 «
1259 1411 1338 1451 Iste

313 1489 373 1526 est
392 1486 585 1527 albedine
605 1486 725 1525 albus
744 1497 818 1538 per
834 1484 1211 1537 participationem,
1235 1494 1338 1535 ergo

314 1558 461 1598 albedo
483 1561 543 1598 est
563 1557 695 1598 albior
717 1569 846 1610 quam
868 1556 970 1608 ipse,
993 1570 1011 1593 n

368 1630 491 1683 Resp.
507 1629 738 1671 Dicendum
751 1629 860 1682 quod
873 1629 977 1669 ratio
988 1626 1217 1680 Augustini
1228 1627 1339 1667 bona

313 1706 388 1753 est,
413 1705 453 1743 θῖ
478 1702 679 1743 fundatur
698 1714 825 1754 supra
846 1701 979 1754 ipsam
996 1699 1183 1740 nominis
1203 1711 1337 1751 expo-

312 1775 522 1823 sitionem,
537 1773 636 1826 quia
644 1775 908 1826 participare
920 1775 980 1813 est
993 1775 1155 1825 partem
1168 1782 1313 1823 capere
1325 1785 1334 1819 3

313 1849 353 1886 et.
373 1846 406 1885 si
423 1848 585 1897 partem
604 1847 732 1898 capit,
755 1857 859 1897 ergo
881 1844 1025 1884 minus
1044 1846 1106 1884 est
1124 1854 1253 1895 quam
1273 1844 1337 1881 to-

311 1919 418 1957 tum.
443 1916 559 1966 Quod
578 1929 681 1969 ergo
697 1916 892 1969 objicitur
909 1916 959 1956 de
976 1914 1182 1964 albedine,
1203 1913 1338 1954 dicen-

308 1988 414 2029 dum
426 1989 539 2042 quod
554 1992 613 2030 est
628 1990 712 2042 maj
720 2002 767 2029 us
781 1988 1000 2041 dupliciter
1017 2000 1025 2028 :
1045 1987 1112 2028 vel
1128 1988 1337 2040 quantum

306 2063 359 2103 ad
387 2075 495 2114 esse,
529 2062 598 2104 vel
630 2064 838 2115 quantum
863 2061 914 2102 ad
939 2073 1080 2114 posse,
1110 2060 1338 2101 dicendum

307 2147 410 2187 ergo
439 2137 500 2175 est
527 2134 639 2188 quod
665 2133 929 2187 participatio
957 2132 1137 2186 subJecti
1155 2132 1337 2172 attendi-

306 2209 377 2247 tur
396 2209 593 2259 respectu
611 2206 760 2247 formae
780 2205 1052 2255 universalis3
1076 2207 1117 2244 et
1140 2203 1340 2257 quamvis

309 2277 398 2330 ipsa
428 2277 482 2317 sit
509 2279 595 2317 tota
626 2277 669 2316 in
696 2277 885 2330 subjecto
914 2279 1125 2329 quantuni
1150 2275 1201 2316 ad
1227 2287 1335 2326 esse,

306 2352 555 2390 nontamen
576 2352 790 2402 quantum
809 2349 861 2390 ad
879 2361 1012 2402 posse,
1033 2347 1131 2401 quia
1144 2350 1279 2401 potest
1294 2347 1338 2387 in

306 2422 398 2463 aliis
415 2434 517 2463 esse.
542 2421 622 2462 Deo
644 2424 787 2462 tamen
803 2421 908 2462 nihil
926 2422 1060 2474 potest
1078 2432 1166 2461 esse
1182 2421 1335 2473 maius,

306 2505 384 2534 nec
400 2496 609 2546 quantum
625 2493 673 2533 ad
691 2505 795 2544 esse,
811 2505 888 2533 nec
903 2494 1113 2545 quantum
1127 2491 1179 2532 ad
1192 2503 1310 2544 posse
1327 2506 1335 2532 ;

307 2569 347 2606 θῖ
375 2565 468 2606 ideo
496 2568 804 2617 argumentum
829 2563 1065 2616 Augustini
1089 2563 1195 2603 bene
1225 2565 1340 2603 tenet

306 2637 420 2690 quod
438 2637 548 2678 Deus
566 2636 670 2676 nihil
684 2636 811 2689 possit
827 2635 1092 2689 participare.
1112 2634 1246 2675 Aliter
1263 2646 1338 2687 po-

307 2711 384 2749 test
403 2708 498 2759 dici,
521 2708 633 2761 quod
654 2709 957 2759 argumentum
980 2706 1212 2759 Augustini
1232 2706 1339 2746 bene

308 2783 422 2822 tenet
449 2781 495 2821 in
517 2780 585 2821 his
617 2779 762 2820 formis
790 2791 887 2832 quae
916 2781 1026 2819 nata}
1053 2781 1151 2820 sunt
1178 2778 1339 2831 aliquid

307 2852 580 2893 denominare
614 2863 688 2905 per
720 2851 976 2892 essentiam:
1014 2853 1054 2891 et
1085 2850 1129 2890 in
1157 2850 1336 2900 talibus,

308 2923 421 2976 quod
454 2926 514 2964 est
538 2935 614 2977 per
642 2922 1026 2977 participationem,
1048 2921 1268 2962 reducitur
1286 2921 1339 2963 ad

311 2994 414 3035 illud
431 3027 441 3044 ,
466 2995 579 3048 quod
606 2997 668 3036 est
693 3007 768 3048 per
790 2993 1014 3035 essentiam
1037 3008 1046 3034 ε
1078 2995 1118 3034 et
1143 2993 1338 3046 quando-

311 3079 499 3120 cumque
517 3067 576 3107 sic
594 3070 669 3118 est,
686 3067 789 3108 illud
807 3066 920 3120 quod
940 3068 1000 3106 est
1019 3077 1093 3106 ens
1107 3077 1181 3118 per
1197 3077 1337 3106 essen-

309 3137 426 3188 tiam,
451 3138 615 3178 excellit
635 3138 739 3179 illud
758 3137 870 3191 quod
892 3139 953 3178 est
975 3149 1050 3177 ens
1069 3149 1144 3189 per
1163 3136 1338 3189 partici-

309 3209 539 3262 pationem.
556 3208 599 3249 Si
615 3221 717 3261 ergo
739 3208 989 3261 magnitudo
1009 3210 1071 3250 est
1087 3220 1244 3261 magna
1263 3220 1338 3261 per

352 3343 362 3364 ¹
381 3341 433 3382 Cf.
454 3340 618 3373 Alexand.
642 3339 794 3381 Alnus-is,
823 3350 856 3381 p.
879 3341 912 3382 Ι,
933 3350 966 3382 q.
985 3348 1116 3381 vaui,
1145 3340 1273 3372 memb.
1296 3341 1335 3380 ¹3

309 3392 346 3424 S.
365 3390 500 3429 Thom.,
529 3398 561 3429 p.
584 3388 616 3428 1,
639 3397 671 3429 q.
691 3395 773 3427 xm,
793 3391 856 3419 art.
876 3391 913 3429 13
935 3391 966 3420 et
995 3390 1002 3420 Ι
1024 3389 1128 3427 Seni„
1150 3388 1334 3428 dist.xx11‚

310 3449 343 3480 q.
365 3447 390 3479 1,
412 3439 473 3470 art.
491 3439 529 3477 13
552 3437 659 3475 scot„
681 3436 691 3466 1
711 3436 814 3476 Sent„
832 3435 908 3467 dist.
924 3444 1010 3477 xxu,
1031 3446 1064 3478 q.
1080 3436 1198 3477 unica3
1221 3435 1336 3477 AEgid.

309 3487 422 3526 Rom„
444 3486 454 3516 1
477 3484 582 3522 Sent„
604 3483 681 3515 dist.
697 3491 771 3515 xxii
785 3508 794 3524 ‚
816 3493 849 3524 q.
868 3491 899 3523 13
923 3484 1101 3524 ilenricus,
1121 3484 1156 3515 in
1176 3484 1312 3515 Summa
1325 3506 1337 3517 ,

312 3541 371 3574 q.1
392 3535 425 3564 et
444 3540 506 3573 1113
525 3530 697 3571 Richard.,
718 3532 729 3562 l
752 3531 855 3570 Seni„
877 3531 954 3562 dist.
977 3538 1072 3571 xxm,
1094 3540 1126 3572 q.
1144 3539 1176 3571 13
1204 3533 1335 3562 Duran-

313 3582 387 3621 dus,
413 3580 543 3620 ISent.,
561 3579 637 3612 dist.
654 3587 739 3620 xxii,
758 3586 837 3620 (1.1,
858 3579 976 3611 Franc.
994 3579 1033 3611 de
1056 3579 1176 3621 Mayiu,
1200 3581 1209 3612 l
1230 3579 1334 3619 Seni„

1074 244 1485 310 SENTENTIARUM
1515 246 1611 287 LIB.
1646 247 1675 286 I.

1414 337 1658 387 essentiam,
1681 339 1720 377 ct
1740 336 1847 376 Deus
1866 348 1940 389 per
1959 336 2334 389 participationem,
2356 350 2429 378 ne-

1412 408 1589 448 cessario
1609 408 1797 461 sequitur
1816 407 1928 460 quod
1949 407 2201 459 magnitudo
2218 411 2278 449 est
2298 410 2435 461 maJor

1412 490 1542 530 quam
1574 478 1697 520 Deus.
1723 478 1816 519 Non
1845 478 1901 518 sic
1929 481 1990 518 est
2012 478 2061 518 dc
2092 479 2304 530 albedine,
2335 480 2435 532 quia

1412 561 1498 589 non
1520 553 1580 590 est
1602 553 1699 590 nata
1721 563 1764 591 se
1795 549 2084 599 denominare,
2113 562 2190 590 nec
2216 550 2266 591 de
2293 551 2434 604 aliquo

1413 633 1486 674 per
1503 622 1724 662 essentiam
1745 621 1962 675 praedicari
1987 621 2296 662 denominando
2315 621 2434 664 illud.

1630 780 1952 843 ARTICULUS
1986 781 2209 826 UNICUS.

1466 906 1529 947 Ad
1548 906 1870 959 intelligentiam
1885 919 2034 948 eorum
2054 918 2150 959 quae
2171 906 2215 946 in
2232 905 2310 947 liae
2326 909 2440 959 parte

1412 978 1611 1019 dicuntur
1624 978 1673 1018 de
1684 978 1931 1018 nominibus
1945 978 2114 1029 divinis,
2126 980 2308 1031 quatuor
2320 991 2440 1031 quai-

1411 1053 1568 1091 runtur
1586 1062 1594 1090 :
1612 1049 1751 1103 primo
1772 1050 1983 1102 quaeritur
2003 1053 2149 1090 utrum
2170 1049 2276 1089 Deus
2296 1049 2348 1089 sit
2369 1062 2441 1090 no-

1413 1121 1648 1170 minabili53
1678 1121 1877 1171 secundo,
1904 1124 2050 1162 utrum
2071 1121 2158 1161 solo
2181 1121 2356 1162 nomine
2373 1121 2441 1162 vel

1412 1193 1606 1248 pluribus
1636 1193 1783 1233 debeat
1802 1193 2033 1244 nominari3
2061 1193 2202 1244 tertio,
2226 1193 2441 1246 supposito

1414 1265 1527 1319 quod
1558 1265 1682 1318 plura
1711 1266 1810 1304 sunt
1837 1264 2012 1304 nomina
2042 1265 2204 1316 divina,
2235 1264 2442 1317 quaeritur

1414 1340 1562 1378 utrum
1578 1336 1723 1376 omnia
1738 1336 1932 1376 dicantur
1948 1336 2204 1387 translative,
2221 1339 2295 1377 aut
2313 1336 2440 1377 etiam

1412 1407 1609 1461 quaedam
1645 1406 1839 1447 dicantur
1869 1406 2057 1459 proprie3
2093 1409 2262 1459 quarto,
2293 1409 2441 1447 utrum

1413 1479 1589 1520 nomina
1627 1478 1735 1520 dicta
1770 1477 1820 1518 de
1858 1477 1941 1518 Deo
1978 1477 2172 1518 dicantur
2208 1478 2441 1518 secundum

1413 1551 1712 1601 substantiam,
1733 1561 1787 1590 an
1811 1548 1938 1589 etiam
1957 1548 2098 1601 aliquo
2118 1548 2198 1589 alio
2219 1549 2357 1590 modo.

1777 1704 2014 1755 QUAESTIO
2051 1704 2066 1745 I
2074 1736 2082 1744 .

1661 1813 1721 1848 An
1742 1815 1830 1849 Deus
1850 1812 2087 1848 nominabilis
2105 1814 2153 1848 sit
2174 1814 2200 1848 ¹.

1466 1913 1586 1963 Quod
1605 1912 1716 1953 Deus
1746 1912 1798 1952 sit
1825 1911 2170 1962 innominabilis,
2207 1912 2440 1953 ostenditur
2471 1933 2516 1962 Ad
2530 1942 2599 1970 opp,

1412 1985 1734 2026 auctoritatibus
1760 1986 1800 2025 et
1828 1983 2077 2024 rationibus.
2105 1983 2440 2024 Auctoritatibus

1415 2057 1473 2097 sic
1495 2072 1503 2098 :
1541 2056 1786 2109 Dtonysius,
1833 2055 1884 2097 de
1920 2054 2088 2097 divinis
2125 2054 2379 2098 Nominibus
2400 2060 2440 2097 2:

1420 2146 1439 2169 α
1458 2130 1592 2171 Deum
1613 2141 1750 2182 neque
1771 2127 1922 2179 dicere,
1939 2140 2079 2181 neque
2096 2127 2330 2181 intelligere
2348 2139 2441 2181 pos-

1411 2201 1530 2241 sibile
1548 2202 1623 2241 est.
1642 2215 1660 2237 ))

1466 2277 1505 2313 ⁶2.
1528 2273 1633 2313 Item
1654 2275 1689 2312 ³:
1724 2288 1742 2311 (ι
1762 2271 1834 2312 1)θί
1860 2283 1997 2324 neque
2024 2283 2181 2311 nomen
2200 2272 2281 2322 est,
2305 2282 2443 2324 neque

1413 2345 1593 2385 verbum
1608 2375 1618 2394 ,
1643 2355 1782 2396 neque
1805 2343 1933 2392 ratio,
1954 2354 2093 2395 neque
2113 2342 2255 2395 opinio
2269 2374 2278 2391 ‚
2305 2355 2444 2396 neque

1412 2416 1658 2470 phantasia:
1680 2429 1698 2452 »
1722 2427 1826 2467 ergo
1848 2414 1956 2455 Deus
1976 2417 2036 2456 est
2061 2414 2237 2455 omnino
2257 2415 2443 2456 innomi-

1412 2488 1578 2528 nabilis.

1468 2564 1506 2602 3.
1528 2560 1633 2601 Item
1654 2558 1933 2612 Philosophus
1961 2557 2006 2598 in
2032 2558 2140 2599 libro
2159 2558 2210 2600 cle
2234 2557 2384 2600 Causis
2400 2558 2413 2580 '⁴
2427 2571 2442 2598 :

1414 2631 1556 2674 Prima
1575 2645 1699 2673 causa
1725 2630 1918 2684 superior
1939 2632 2000 2670 est
2027 2629 2142 2671 omni
2170 2630 2411 2671 narratione
2432 2646 2440 2672 z

1413 2704 1485 2745 sed
1507 2704 1620 2757 quod
1648 2706 1709 2744 est
1736 2701 1929 2756 superius
1948 2701 2066 2742 omni
2093 2701 2353 2753 narratione,
2383 2705 2446 2743 est

1412 2774 1726 2817 inenarrabile:
1759 2776 1800 2815 et
1836 2785 1960 2814 omne
1989 2772 2070 2813 tale
2102 2771 2441 2814 innominabile:

1414 2859 1534 2900 ergo,
1555 2849 1633 2887 etc.

1467 2922 1506 2960 4.
1542 2918 1645 2959 Item
1683 2917 1846 2958 ratione
1879 2915 2113 2958 ostenditur
2145 2915 2203 2955 sic
2233 2930 2241 2956 :
2281 2914 2446 2957 Nomen

1413 2989 1732 3044 proportionem
1752 2991 1793 3030 et
1812 2987 2134 3029 similitudinem
2154 2986 2344 3040 aliquam
2362 2987 2444 3028 ha-

1413 3063 1483 3103 bet
1502 3062 1554 3102 ad
1577 3060 1860 3109 nominatum,
1880 3062 1928 3099 ut
1946 3070 2031 3099 vox
2051 3057 2101 3098 ad
2121 3057 2412 3110 significatum
2433 3073 2441 3099 :
2462 3111 2465 3112 ⁷

1413 3134 1485 3176 sed
1517 3134 1626 3174 Deus
1654 3135 1715 3174 est
1741 3131 1933 3172 infinitus
1957 3129 2161 3180 omnino⁷
2186 3141 2273 3170 vox
2302 3133 2446 3171 autem

1413 3205 1554 3247 omnis
1571 3204 1716 3245 finita:
1736 3215 1854 3256 ergo,
1880 3213 1980 3242 cum
2004 3201 2123 3241 nulla
2147 3201 2200 3242 sit
2223 3203 2445 3254 proportio

1413 3290 1489 3321 dist.
1504 3297 1595 3329 xxii,
1614 3297 1646 3329 q.
1666 3296 1696 3328 1;
1727 3287 1849 3319 Thom.
1870 3286 1963 3325 Arg„
1987 3285 1994 3316 Ι
2019 3285 2128 3325 Sent„
2148 3284 2224 3317 dist.
2240 3292 2336 3326 xxti,
2357 3294 2391 3326 q.
2410 3293 2442 3326 1,

1412 3340 1475 3370 art.
1494 3341 1504 3369 1
1523 3347 1531 3376 ;
1553 3335 1678 3368 Mars-il.
1702 3336 1857 3376 Inguen„
1881 3333 1889 3363 Ι
1911 3334 2016 3373 Seni„
2037 3342 2070 3373 q.
2086 3340 2167 3373 XXV,
2184 3335 2248 3364 art.
2263 3334 2304 3374 23
2325 3334 2444 3365 Petrus

1412 3387 1453 3418 de
1472 3387 1621 3426 'l'arant.,
1645 3383 1774 3421 tSent„
1797 3381 1874 3413 dist.
1889 3388 1976 3419 xxn,
1996 3390 2029 3421 q.
2049 3388 2079 3421 13
2102 3380 2273 3422 Gab.Biel,
2302 3381 2313 3412 1
2337 3381 2441 3420 Sent„

1413 3434 1489 3465 dist.
1506 3440 1600 3473 xxii,
1631 3441 1664 3473 q.
1683 3439 1714 3472 1,
1739 3429 1820 3461 dub.
1838 3430 1869 3460 2.
1886 3445 1928 3451 —
1949 3429 1962 3450 2
1980 3428 2081 3459 Dion.
2113 3429 2252 3469 Areop.,
2284 3427 2322 3459 de
2366 3428 2439 3459 Div.

1410 3481 1561 3520 Nomz'n„
1579 3489 1609 3511 c.
1623 3487 1648 3520 1,
1664 3479 1683 3520 ἓ
1701 3481 1730 3518 1,
1747 3479 1780 3509 θῖ
1795 3483 1847 3516 111,
1863 3478 1896 3507 et
1911 3477 2010 3517 Myst.
2033 3475 2157 3514 Tlieol„
2173 3486 2203 3508 c.
2218 3483 2292 3507 V.—
2306 3475 2319 3497 3
2332 3475 2438 3515 Idem,

1411 3530 1450 3562 cle
1470 3529 1547 3560 Dz‘v.
1567 3527 1717 3565 Nomz'n„
1734 3534 1764 3556 e.
1779 3533 1809 3564 1,
1832 3525 1851 3565 ξ
1875 3525 1948 3555 5.-
1964 3524 1976 3545 ⁴
1998 3525 2124 3555 Auctor
2141 3523 2302 3564 incertus,
2321 3522 2378 3555 lib.
2399 3523 2439 3555 de

1414 3577 1700 3618 Causisspropos.
1715 3576 1747 3615 6,
1767 3573 1855 3605 inter
1875 3582 1979 3614 opera
1997 3571 2135 3604 Aristot.
