2570 3986
280 273 384 301 xviu
1098 260 1139 299 S.
1172 258 1269 299 BoN
1279 258 1574 306 AVENTURAE

278 350 334 389 tia
355 351 632 402 prosequente
652 348 866 389 reddidisti
892 351 932 388 te
957 348 1168 400 placidum
1190 352 1230 388 et
1255 349 1483 388 amabilem
1504 350 1627 401 quasi
1648 351 1865 402 omnibus,
1888 354 1928 392 et
1953 352 2134 405 ubique,
2157 366 2205 394 ac
2229 357 2402 407 propter

278 419 357 460 hoc
385 423 599 473 sperantes
629 419 804 459 tirmiter
829 419 940 471 quod
972 419 1096 470 pleno
1125 419 1167 458 111
1197 421 1236 458 te
1270 430 1578 472 prosequemur
1605 421 1780 470 aflectu,
1812 422 1851 462 id
1878 423 1991 475 quod
2017 423 2125 463 eirca
2155 428 2400 476 praetactam

276 491 492 531 ecclesiam
524 490 663 530 sedem
690 490 903 538 eannleni,
929 492 969 529 et
998 489 1138 541 ipsum
1164 501 1347 541 reguum
1374 491 1418 530 in
1449 491 1529 531 hac
1555 492 1745 543 ejusdem
1771 493 1953 534 ecclesia}
1981 494 2248 537 ordinatione
2278 497 2401 538 avide

274 562 534 611 attbctanms,
555 563 603 602 de
627 574 804 614 persona
825 564 895 600 tua
916 560 995 612 ipsi
1016 560 1224 610 Ecclesiae,
1247 561 1498 603 auctoritate
1527 562 1766 616 Apostolica
1786 564 2076 616 providemus,
2097 567 2138 605 et
2156 568 2196 606 te
2216 566 2271 606 illi
2294 580 2400 620 pree·-

273 634 439 673 ficimus
460 633 503 672 in
523 633 907 685 archiepiscopum,
930 634 970 670 et
990 635 1200 684 pastorem
1215 664 1225 681 ,
1244 632 1507 674 absolventes
1524 636 1564 675 te
1581 647 1606 674 a
1622 635 1794 675 vinculo
1815 635 2039 676 ministerii
2061 637 2272 688 generalis
2291 651 2397 691 prae-

271 705 343 744 fati
375 705 582 745 ordinis...
616 704 700 743 llat.
731 702 916 751 Perusii,
943 707 967 740 8
991 702 1067 742 cal.
1097 704 1284 745 decemb.
1312 717 1381 746 an.
1418 706 1599 745 12651.»
1624 705 1671 745 111
1700 718 1785 758 qua
1813 709 1956 746 tamen
1988 719 2034 747 re
2066 720 2240 760 quoquo
2273 710 2397 751 modo

271 776 425 827 potnit,
450 775 749 826 tergiversatus
779 774 834 812 ita
853 777 910 813 est
932 772 1246 826 Bonaventura,
1270 781 1318 817 ut
1346 776 1460 815 illius
1490 777 1683 828 precibus
1711 777 1918 817 adductus
1956 778 1997 818 S.
2023 777 2067 818 P.
2090 779 2142 818 ab
2160 779 2394 832 archiepis-

270 850 442 898 copatus
467 858 593 886 onere
619 857 718 885 eum
746 844 931 884 solverit.
962 845 1079 885 Clara
1104 845 1147 885 in
1174 846 1253 887 hoc
1278 847 1413 887 extitit
1443 846 1755 888 Bonaventurae
1776 840 1933 899 virtus,
1961 849 2036 901 qui
2065 861 2161 889 cum
2185 851 2395 902 amplissi-

269 929 387 957 mum
428 917 836 968 archiepiscopatum
871 918 1019 956 nactus
1051 920 1180 968 esset,
1213 919 1353 971 magis
1385 918 1445 958 illi
1476 919 1589 960 cordi
1620 919 1699 960 fuit
1728 918 1892 960 Ordinis
1924 920 1992 960 sui
2021 920 2239 972 regimen,
2265 934 2394 974 quam

267 988 403 1038 gloria
422 992 461 1028 et
482 988 640 1027 dtviiiae
662 987 824 1027 multze.

320 1058 414 1098 Post
438 1059 552 1108 lnce,
578 1059 721 1098 relicta
748 1058 865 1098 ltalia
880 1090 889 1106 ,
912 1057 1087 1099 Galliam
1106 1091 1115 1107 ,
1138 1060 1251 1101 unde
1279 1073 1391 1101 anno
1413 1064 1516 1102 ι1260
1538 1061 1722 1110 exierat,
1750 1061 1896 1112 rediit,
1927 1061 2104 1102 Lutetiae
2134 1061 2393 1104 Parisiorum

264 1130 506 1170 (ξε-1101010111
527 1133 785 1170 conventum
804 1130 1044 1170 habiturus.
1074 1130 1132 1169 lbi
1154 1144 1252 1171 cum
1274 1132 1319 1172 in
1337 1132 1427 1173 dies
1447 1133 1586 1184 magis
1605 1145 1654 1173 ac
1672 1133 1811 1184 magis
1833 1132 2048 1173 Minorum
2068 1133 2267 1174 Ordinem
2294 1147 2393 1186 pro-

263 1200 428 1253 lapsum
449 1201 621 1250 videret,
636 1201 735 1240 huie
750 1205 797 1240 ut
816 1201 1067 1249 consuleret,
1089 1202 1310 1243 Clementis
1319 1205 1444 1256 jussu
1461 1204 1646 1244 decrevit
1664 1203 1717 1256 (a)
1736 1204 1884 1254 multa,
1898 1217 1994 1256 quaa
2007 1205 2250 1257 procacium
2261 1205 2394 1246 auda-

262 1272 368 1312 ciam
388 1275 638 1312 resecarent.
661 1272 716 1311 De
736 1284 819 1324 qua
841 1285 884 1311 re
905 1284 1110 1322 germane
1131 1274 1398 1327 fraterneque
1419 1275 1585 1327 scripsit
1604 1275 1674 1316 Fr.
1697 1276 1745 1316 B.
1767 1275 1956 1317 Saucetts
1977 1276 2217 1319 Provincice
2236 1277 2392 1318 Minis-

264 1348 347 1384 tro.
371 1343 601 1395 ceterisque
623 1342 787 1383 Ordinis
815 1341 1089 1392 proceribus,
1112 1347 1160 1384 ut
1186 1344 1282 1387 illos
1311 1346 1513 1388 sollicitos
1540 1345 1734 1388 redderet
1759 1347 1818 1388 ad
1844 1358 1910 1389 eos
1934 1349 2208 1400 potissimum
2235 1347 2392 1389 abusus

262 1414 460 1455 tollendos
487 1413 537 1455 ilc
558 1413 716 1465 mettio,
741 1413 893 1466 quibas
919 1415 1147 1456 sinceritas
1167 1416 1403 1470 Rclt‘yz'onts
1424 1417 1640 1468 inficitur,
1658 1418 1936 1470 perfectionis
1957 1418 2159 1461 celsitado
2181 1419 2392 1471 deprimi-

262 1491 345 1534 tur,
368 1489 405 1526 et
428 1486 677 1527 sanctitatis
698 1486 874 1528 clart'tas
898 1484 1078 1539 offuscat
1085 1488 1174 1528 10⁴².
1206 1487 1318 1529 Pene
1345 1493 1456 1530 certe
1484 1490 1556 1530 hic
1579 1490 1812 1530 triennium
1839 1490 1926 1542 egit
1944 1489 2244 1531 Bonaventura
2259 1523 2268 1540 ,
2291 1491 2390 1544 qui,

259 1557 291 1595 si
314 1556 542 1609 Waddingo
559 1557 790 1606 credimus,
810 1570 931 1598 suam
952 1571 1037 1599 non
1057 1560 1201 1600 omisit
1220 1572 1394 1613 operam
1414 1561 1457 1601 in
1479 1561 1638 1602 ciendis
1658 1573 1732 1614 per
1751 1574 1794 1601 se
1807 1593 1817 1610 ,
1837 1574 2019 1614 suosque
2038 1562 2091 1602 ad
2111 1574 2278 1602 sacrum
2301 1562 2390 1603 bel-

257 1627 349 1667 lum
371 1627 649 1680 Principibus.
670 1628 915 1670 Convocatis
934 1631 1208 1682 generalibus
1225 1632 1373 1672 Assisii
1393 1632 1573 1673 comitiis
1591 1645 1704 1673 anno
1725 1634 1843 1683 1269,
1865 1632 2121 1685 Reipublicae
2140 1633 2390 1674 Christianae

257 1698 483 1739 discrimen
504 1700 821 1740 commendavit
843 1702 1132 1743 consodalium
1160 1703 1366 1755 orationi,
1388 1707 1428 1744 et
1456 1704 1501 1744 in
1531 1704 1798 1757 praedicanda
1818 1704 1948 1744 Cruce
1978 1716 2052 1757 per
2073 1704 2294 1757 deputatos
2314 1705 2390 1746 Mi-

256 1770 417 1810 nistros
436 1770 721 1811 sollicitudini.
743 1770 905 1812 Tartari
926 1773 1042 1813 enim
1063 1773 1222 1827 ubique
1242 1775 1328 1815 sere
1347 1775 1544 1827 gentium
1564 1788 1652 1816 sese
1673 1775 1946 1816 diffuderant.

308 1840 467 1881 Verum
495 1844 541 1882 ut
566 1841 618 1882 ad
639 1841 894 1883 Parisienses
916 1843 1164 1896 Magistros,
1192 1858 1298 1899 quos
1323 1850 1421 1888 ante
1447 1847 1792 1896 nominavimus,
1810 1848 1904 1899 Jam
1929 1849 2211 1897 revertamur,
2237 1860 2392 1901 quam-

258 1924 387 1964 quam
408 1912 580 1953 illorum
599 1913 738 1963 factio,
761 1917 801 1954 et
821 1914 1051 1956 Pontificiis
1070 1916 1236 1966 litteris,
1255 1921 1295 1958 et
1316 1918 1355 1960 S.
1380 1918 1583 1960 Ludovici
1603 1917 1818 1959 Gallorum
1840 1917 1966 1970 Regis
1986 1930 2065 1971 ope
2085 1919 2219 1972 sopita
2239 1920 2390 1972 fuerit,

257 1983 335 2023 hoe
356 1986 497 2024 tamen
523 1996 637 2025 anno
658 1988 761 2026 1269
781 1987 944 2027 renasci
969 2000 1059 2028 non
1079 1989 1264 2030 erubuit.
1294 1989 1488 2032 Surrexit
1512 1991 1627 2032 enim
1649 1989 1788 2030 nescio
1809 1989 1884 2042 qui
1904 1989 2148 2030 parisiensis
2168 1990 2384 2044 Magister,

258 2053 464 2095 Gerardus
498 2055 548 2096 de
573 2056 886 2099 Abbatis-Villa
917 2059 1076 2112 dictus,
1105 2061 1179 2113 qui
1208 2060 1421 2104 Guillelmi
1446 2076 1471 2103 a
1497 2062 1835 2104 Sancto-Amore
1866 2061 2075 2102 desertam
2107 2063 2388 2116 proscriptam

256 2136 446 2166 caussam
469 2128 743 2180 aggrediens,
770 2129 816 2169 in
842 2129 1079 2183 Minoritas,
1103 2144 1210 2185 quos
1235 2133 1380 2174 oderat
1406 2133 1540 2175 multo
1568 2135 1709 2187 pejus,
1735 2145 1867 2186 quam
1894 2132 2180 2174 Mendicantes
2207 2136 2386 2186 ceteros,

254 2195 448 2248 linguam
478 2203 518 2239 et
546 2199 757 2240 calamum
786 2202 900 2242 acuit
932 2204 1153 2244 acerrime.
1181 2204 1255 2245 Cui
1280 2217 1381 2246 sane
1407 2204 1677 2246 obtrectatori
1706 2216 1887 2245 nervose
1915 2204 2147 2245 admodum
2173 2205 2390 2259 respondit

256 2265 570 2322 Bouaventura,
602 2272 674 2312 sed
701 2272 782 2323 ita,
815 2276 862 2313 ut
890 2273 1107 2316 charitatis
1135 2276 1307 2317 vincula
1333 2289 1558 2330 nunquam
1589 2275 1832 2328 disruperit.
1855 2274 2037 2316 Tametsi
2061 2274 2232 2318 Ge1··ardi
2258 2278 2389 2318 verba

254 2350 389 2391 usque
411 2340 513 2381 adeo
534 2354 682 2395 aspera
702 2344 883 2396 suerint,
905 2349 954 2386 ut
978 2345 1204 2399 ingenium
1224 2348 1501 2401 quantumvis
1526 2348 1632 2388 forte
1651 2347 1817 2387 irritare
1836 2346 2051 2398 valerent,
2074 2347 2202 2388 bilem
2222 2351 2387 2399 tamen,

253 2411 294 2449 et
323 2410 584 2453 iracundiam
611 2416 818 2456 continuit
845 2417 924 2466 sic,
947 2420 995 2457 ut
1023 2418 1142 2458 nulla
1166 2419 1213 2459 in
1234 2419 1470 2461 Gerardum
1497 2419 1606 2460 dicta
1625 2419 1735 2459 male
1759 2418 1936 2471 jecerit:
1957 2418 2070 2460 Sane
2097 2422 2202 2471 quia
2231 2419 2387 2472 huJus-

253 2481 370 2523 moda·
386 2484 620 2533 fabricator
639 2488 809 2537 erroris,
832 2488 975 2540 inquit
990 2489 1020 2539 ³,
1042 2500 1136 2531 cum
1155 2489 1292 2532 adhuc
1313 2492 1371 2534 sit
1390 2493 1546 2542 viator,
1569 2494 1615 2533 ut
1634 2489 1864 2540 credimus,
1884 2490 2045 2543 corrigit
2062 2495 2199 2542 potest
2215 2502 2293 2544 per
2310 2492 2390 2534 Dei

252 2551 516 2596 clementiam
525 2587 603 2596 .....
627 2557 726 2599 letne
754 2561 944 2610 procacis
969 2561 1156 2605 hominis
1181 2570 1360 2606 erectam
1380 2564 1584 2604 cervicem
1604 2566 1762 2615 oportet
1783 2561 1897 2603 dara
1925 2563 2215 2614 increpatione
2236 2563 2386 2614 ferire,

251 2633 333 2664 non
358 2626 530 2677 quidem
552 2630 695 2669 amare·
714 2630 857 2671 cordis
878 2630 991 2682 odio,
1013 2633 1089 2674 scd
1110 2634 1357 2687 trcnqzctlloe
1377 2636 1532 2676 mentis
1550 2634 1821 2676 (emulatorz‘a
1839 2633 2066 2675 charitate.

306 2694 403 2736 llaec
420 2710 517 2737 cum
536 2703 681 2750 ageret
698 2699 1011 2754 Bonaventura,
1030 2705 1234 2755 Clemens,
1252 2707 1436 2747 nominis
1452 2707 1583 2759 liujus
1598 2704 1665 2757 lv,
1681 2704 1942 2746 sanctissime
1958 2703 2120 2745 devixit
2136 2716 2249 2746 anno
2265 2706 2384 2755 1268,

253 2766 276 2804 3
296 2766 371 2806 cal.
391 2768 637 2810 decembris.
659 2770 860 2813 Triennio
887 2774 1017 2815 ferme
1037 2776 1090 2815 ab
1116 2778 1209 2828 ejus
1235 2778 1354 2817 obitu
1375 2779 1468 2830 jam
1488 2778 1630 2830 elapso
1651 2789 1785 2827 anno,
1814 2780 1908 2829 post
1933 2776 2181 2817 diuturnam
2200 2778 2241 2817 et
2267 2788 2385 2817 sum-

252 2848 367 2877 mam
387 2838 670 2881 Cardinalium
689 2843 1015 2896 dissensionem,
1042 2847 1085 2886 111
1106 2849 1198 2900 ejus
1217 2849 1359 2888 locum
1381 2849 1583 2889 suffectus
1603 2848 1686 2888 suit
1704 2846 1914 2888 Thealdus
1933 2847 2069 2900 patria
2089 2847 2357 2888 Placentinus
2371 2880 2381 2897 ,

250 2910 506 2959 professione
525 2913 858 2955 Archidiaconus
883 2915 1145 2968 Leodiensis,
1173 2920 1248 2972 qui
1278 2924 1450 2960 nomine
1477 2922 1762 2970 commutato,
1786 2917 2015 2971 Gregorius
2033 2917 2068 2959 X
2089 2919 2229 2959 vocari
2258 2919 2385 2971 coepit

250 2978 458 3034 deinceps.
482 2982 528 3022 111
547 2985 831 3026 tjardinalium
850 2988 1048 3039 consiliis,
1069 2994 1109 3030 et
1127 2992 1432 3044 compromisso
1453 2991 1649 3031 faciundo
1667 2990 1859 3031 interfuit
1875 2990 2048 3043 quidem
2065 2989 2380 3042 Bonaventara,

249 3050 320 3090 sed
339 3064 426 3092 non
444 3053 514 3103 ita,
535 3059 580 3094 ut
597 3056 697 3096 huic
715 3058 886 3099 dissidio
899 3060 1036 3112 judex
1056 3062 1286 3113 praesuerit.
1307 3062 1399 3103 Jam
1420 3063 1492 3103 ubi
1511 3065 1755 3111 0111101272,
1774 3065 1798 3101 Ji
1817 3062 1909 3102 idus
1927 3060 2378 3102 1011103111Ἧίο111111111

248 3134 270 3162 e
292 3123 412 3175 Syria
434 3124 662 3176 Gregorius
682 3130 795 3168 venit
818 3131 989 3180 (absens
1008 3132 1122 3172 enim
1140 3131 1317 3173 Viterhii
1338 3136 1505 3174 creatus
1524 3133 1680 3186 fuerat)
1705 3133 1820 3173 haud
1843 3133 2047 3185 ignorans
2066 3132 2379 3173 Bonaventurae

247 3195 520 3246 gravitatem,
543 3199 789 3248 consilium,
816 3203 1107 3253 prudentiam,
1130 3207 1257 3256 atque
1278 3205 1511 3245 doctrinam
1525 3236 1534 3254 ,
1552 3205 1679 3257 jussit
1699 3208 1747 3244 ut
1765 3216 1910 3244 secum
1930 3203 2108 3243 Romam
2134 3203 2374 3256 proticisce-

246 3270 378 3317 retur,
409 3272 541 3319 utque
570 3269 747 3309 solemni
777 3275 1084 3315 001011111101114
1108 3275 1186 3315 cal.
1218 3276 1362 3328 aprilis
1394 3277 1648 3328 peragendas
1672 3272 1846 3316 adesset.
1876 3275 2022 3315 Paruit
2048 3274 2220 3327 quidem
2248 3275 2378 3327 jussis

246 3334 564 3389 Bonaventura,
594 3352 641 3379 ac
662 3339 840 3382 Romam
859 3357 958 3384 cum
984 3357 1145 3398 magno
1166 3346 1452 3388 Cardinalium
1473 3346 1789 3400 procerumque
1808 3346 2004 3387 Ecclesiae
2024 3346 2228 3386 comitatu
2247 3346 2374 3396 adiit;

290 3481 407 3512 ¹Tom.
426 3482 453 3513 11
475 3482 610 3517 Αηηαί..
632 3484 673 3514 ad
689 3494 768 3516 ann.
792 3488 881 3525 1265,
902 3496 935 3527 p.
950 3490 1022 3519 284.

286 3528 298 3548 ²
313 3530 346 3560 S.
369 3530 498 3560 Bouav.
518 3529 554 3560 in
575 3531 684 3571 Epist.
701 3534 880 3572 encyclica,
900 3537 984 3566 tom.
1007 3537 1030 3566 tt
1055 3536 1194 3575 Annal„
1215 3537 1257 3568 ad
1275 3546 1354 3569 ann·
1378 3540 1470 3579 1206,
1492 3548 1528 3570 11.
1542 3547 1591 3580 vi,
1612 3548 1646 3580 p.
1660 3541 1732 3571 290.

285 3573 348 3606 8111
368 3576 509 3617 Proloyo
527 3577 704 3618 opusculi,
725 3580 822 3620 cujus
841 3580 975 3612 titulus:
997 3582 1162 3624 Αμοίοφά
1179 3594 1376 3626 pauperum.
1394 3604 1434 3609 —
1457 3586 1619 3628 (a)‘Edz't.
1644 3586 1724 3619 Ven.
1740 3585 1906 3617 decernit.
