2613 3990
1102 250 1350 293 DISTINCT.
1383 250 1485 292 XIV.
2282 245 2358 284 ⁴229

247 340 480 380 secundum
499 341 613 394 quod
632 341 785 395 privat,
801 353 887 381 non
902 340 1136 382 secundum
1153 342 1264 394 quod
1339 339 1573 381 secundum
1585 339 1696 391 quod
1707 338 1857 379 dicitur
1868 338 1918 378 de
1928 338 2120 388 essentia,
2135 338 2271 379 solum
2282 337 2365 389 pri:

247 411 406 463 aliquid
426 412 557 464 ponit.
1339 413 1493 460 vative,
1505 411 1592 452 sive
1602 411 1800 463 negative
1810 412 1991 450 tenetur.
2003 409 2051 449 Et
2060 409 2152 450 ideo
2164 422 2249 449 non
2260 422 2365 462 pree-

301 485 339 522 4.
356 482 421 523 Ad
439 483 543 524 illud
556 483 668 537 quod
685 483 882 536 objicitur
905 497 913 523 ;
937 483 1051 523 «Aut
1070 482 1270 535 praedicet
1343 484 1451 523 dieat
1467 481 1638 534 aliquid,
1662 481 1770 521 sicut
1787 480 1956 534 quando
1977 479 2155 520 dicitur:
2178 479 2365 519 Essentia

247 554 485 604 essentiam,
498 557 571 596 aut
590 554 834 595 relationem
850 566 891 603 ς»
917 553 1140 594 dicendum
1160 553 1271 605 quod
1347 565 1434 593 non
1447 554 1637 604 generat.
1652 551 1809 592 Caetera
1826 550 2046 591 manifesta
2065 551 2179 599 sunt,
2204 552 2282 589 etc.

957 762 1445 825 DISTINCTIO
1492 761 1650 822 XIV

306 929 355 957 DE
385 913 663 957 PROCESSIONE
694 927 921 956 TEMPORALI
954 911 1141 955 SPIRITUS
1171 925 1327 965 SANCTI,
1362 924 1457 958 QUID
1489 922 1701 952 VIDELICET
1732 922 1773 950 IN
1805 922 1858 950 EA
1888 921 2036 961 DATUR,
2070 921 2120 948 ET
2153 921 2178 948 A
2212 919 2305 953 QUO.

306 1054 520 1097 Praeterea
538 1052 771 1110 diligenter
790 1050 1086 1095 adnotandum
1102 1056 1179 1105 est,
1196 1049 1313 1109 quod
1327 1048 1500 1106 gemina
1515 1053 1577 1091 est
1592 1046 1804 1106 processio
1820 1045 2010 1105 Spiritus
2026 1045 2162 1088 sancti
2177 1060 2186 1087 :
2204 1049 2367 1088 aeterna
2387 1049 2427 1076 De
2440 1050 2526 1084 semi-

2400 1100 2435 1118 na
2458 1100 2524 1126 pro-

249 1131 463 1186 videlicet,
485 1145 583 1190 quae
602 1130 837 1174 ineffabilis
858 1136 935 1184 est,
957 1144 1045 1188 qua
1063 1144 1088 1171 a
1107 1128 1235 1171 Patre
1256 1132 1296 1170 et
1314 1127 1430 1170 Filio
1451 1125 1715 1169 aeternaliter
1733 1129 1774 1168 et
1793 1124 1884 1168 sine
1911 1129 2103 1182 tempore
2130 1121 2362 1181 processit3
2400 1133 2526 1179 cessione

248 1216 289 1253 et
309 1208 579 1268 temporalis,
617 1223 705 1267 qua
723 1224 748 1251 a
775 1208 902 1251 Patre
923 1212 964 1250 et
994 1206 1106 1250 Filio
1140 1206 1194 1249 ed
1222 1203 1572 1248 sanctificandam
1599 1207 1842 1245 creaturam
1877 1200 2085 1259 procedit.
2107 1199 2160 1242 Et
2182 1199 2291 1242 sicut
2312 1199 2364 1241 ab
2397 1174 2518 1242 ξζιῗοῗῑῗὸ

249 1295 411 1330 aeterno
429 1286 719 1330 communiter
739 1301 785 1328 ac
808 1285 939 1328 simul
960 1283 1150 1343 procedit
1169 1298 1194 1326 a
1212 1283 1341 1325 Patre
1361 1288 1402 1324 et
1418 1280 1552 1335 Fil'103
1578 1280 1638 1322 ita
1658 1284 1699 1322 et
1718 1279 1763 1321 in
1784 1284 1978 1336 tempore
2002 1276 2293 1320 communiter
2325 1281 2367 1319 et

249 1363 379 1408 simul
399 1363 453 1407 ab
475 1369 661 1426 utroque
681 1362 870 1422 procedit
897 1362 950 1405 ad
969 1366 1213 1405 creaturam
1233 1395 1242 1413 ‚
1277 1374 1365 1401 non
1387 1358 1559 1402 divisim
1593 1373 1618 1400 a
1636 1357 1763 1399 Patre
1784 1355 1830 1398 iu
1850 1354 2015 1398 Filium
2035 1389 2045 1408 ,
2076 1359 2117 1397 et
2136 1369 2162 1396 a
2179 1352 2292 1396 Filio
2313 1353 2366 1396 ad

249 1448 507 1485 creaturam.
543 1441 668 1484 Unde
698 1440 971 1497 Augustinus
996 1439 1042 1481 in
1068 1438 1220 1497 quinto
1251 1436 1416 1480 decimo
1453 1435 1566 1478 libro
1599 1433 1651 1476 de
1687 1432 1901 1475 Trinitczte
1928 1431 1958 1484 ¹,
1990 1431 2049 1474 ait
2083 1447 2092 1473 ε
2131 1448 2152 1472 α
2179 1429 2367 1489 Spiritus

251 1525 423 1564 sanctus
443 1533 531 1562 non
549 1518 601 1562 de
621 1518 748 1562 Patre
765 1516 956 1576 procedit
975 1516 1021 1558 in
1040 1515 1203 1558 Filium
1223 1549 1233 1569 ,
1257 1519 1298 1556 et
1323 1513 1374 1556 de
1400 1512 1513 1555 Filio
1532 1511 1725 1569 procedit
1747 1509 1800 1553 ad
1821 1507 2175 1552 sanctificandam
2201 1511 2369 1550 creatu-

251 1613 365 1652 ram;
390 1597 463 1640 sed
483 1596 613 1639 simul
630 1595 681 1638 de
702 1601 888 1652 utroque
908 1593 1100 1652 procedit
1124 1610 1132 1635 ε
1157 1590 1359 1651 quemvis
1379 1589 1458 1632 hoc
1478 1588 1590 1631 Filio
1606 1588 1732 1631 Pater
1751 1586 1932 1641 dederit,
1956 1590 2004 1628 ut
2029 1585 2138 1628 sicut
2155 1584 2206 1627 de
2226 1599 2285 1638 se,
2309 1583 2368 1626 ita

251 1674 380 1718 etiam
401 1674 453 1718 de
472 1674 549 1717 illo
570 1672 784 1731 procedat.
802 1690 822 1713 »

309 1751 371 1795 De
397 1750 624 1810 temporali
643 1755 787 1794 autem
816 1747 1107 1808 processione,
1129 1746 1245 1789 Beda
1270 1751 1299 1800 ²,
1335 1745 1380 1788 in
1401 1743 1580 1787 homilia
1601 1741 1835 1786 Dominicae
1856 1740 2009 1800 primae
2029 1743 2123 1799 post
2144 1738 2369 1782 Ascensio-
2407 1747 2447 1774 De
2461 1750 2530 1774 tem-

2411 1790 2505 1826 porali

253 1844 368 1885 nem,
387 1829 447 1872 ita
464 1828 661 1888 loquitur
686 1844 694 1870 ε
723 1845 744 1868 «
764 1827 874 1870 Cum
894 1826 1034 1882 gratia
1053 1824 1242 1883 Spiritus
1262 1822 1397 1866 sancti
1418 1822 1547 1865 datur
1569 1819 1836 1871 hominibus,
1855 1818 2043 1877 profecto
2065 1815 2251 1859 mittitur
2271 1815 2369 1874 Spi-
2404 1840 2518 1868 proees-

252 1907 360 1950 ritus
379 1922 404 1950 a
422 1907 565 1961 Patre,
590 1904 778 1949 mittitur
798 1909 839 1947 et
858 1920 881 1947 a
900 1903 1016 1947 Filio
1040 1919 1048 1945 :
1072 1901 1264 1961 procedit
1284 1916 1308 1944 a
1322 1900 1465 1954 Patre,
1488 1897 1680 1958 procedit
1701 1901 1741 1940 et
1760 1912 1784 1940 a
1801 1895 1915 1939 Filio
1932 1912 1942 1949 3
1966 1894 2071 1954 quia
2090 1898 2130 1937 et
2150 1893 2242 1952 ejus
2262 1892 2361 1935 mis-
2400 1881 2523 1953 Sffissffls

251 1985 314 2028 sio
331 1990 393 2028 est
411 1984 503 2043 ipsa
521 1983 748 2042 processio.
768 2000 788 2024 »
809 1981 888 2025 His
907 1981 1051 2024 verbis
1071 1985 1217 2038 aperte
1238 1977 1439 2032 ostendit,
1462 1975 1744 2019 donationem
1765 1973 1916 2031 gratiae
1931 1971 2121 2030 Spiritus
2136 1970 2270 2014 sancti
2286 1969 2369 2014 dici
2403 1959 2532 2035 εζζζξζὶ,

251 2061 581 2121 processionem,
604 2060 674 2104 vel
690 2059 939 2103 missionem
954 2057 1166 2117 ejusdem.
1185 2055 1269 2100 Sed
1288 2070 1386 2098 cum
1408 2054 1583 2097 donatio
1598 2052 1668 2097 vel
1688 2052 1803 2095 datio
1823 2065 1912 2094 non
1934 2049 2085 2092 sitnisi
2100 2047 2366 2106 temporalis,
2390 2041 2533 2077 ‘effigi‘ffl'

251 2144 415 2183 constat
435 2139 539 2198 quia
558 2144 599 2181 et
618 2138 710 2181 heec
729 2136 958 2197 processio,
981 2135 1071 2179 sive
1093 2134 1257 2189 missio,
1283 2131 1530 2192 temporalis
1551 2136 1626 2175 est.
1647 2130 1770 2172 Hanc
1784 2143 1960 2188 quoque
1976 2126 2256 2185 temporalem
2273 2125 2371 2184 Spi-

251 2216 361 2260 ritus
380 2216 515 2260 sancti
535 2215 850 2275 processionem
872 2213 1146 2270 Augustinus
1166 2212 1212 2254 in
1233 2210 1387 2270 quinto
1408 2209 1574 2253 decimo
1594 2208 1704 2250 libro
1733 2205 1784 2249 de
1816 2205 2054 2257 Trinitate,
2087 2203 2282 2246 insinuat
2308 2202 2372 2245 di-

255 2309 353 2337 cens
375 2310 384 2336 ε
413 2293 640 2352 «Spiritus
667 2297 838 2336 sanctus
858 2290 1062 2351 processit
1084 2305 1108 2332 a
1132 2289 1301 2332 Christo
1319 2323 1329 2343 ‚
1353 2286 1528 2347 quando
1549 2291 1643 2344 post
1674 2282 2033 2327 resurrectionem
2059 2280 2301 2324 insufflavit
2325 2279 2372 2322 in

256 2370 490 2429 discipulos
504 2405 515 2426 ,
537 2370 604 2414 his
633 2370 776 2414 verbis
797 2386 805 2412 :
829 2369 939 2413 Cum
961 2367 1262 2411 resurrexisset
1283 2365 1481 2409 Christus
1501 2380 1525 2406 a
1548 2362 1748 2415 mortuis,
1772 2366 1812 2403 et
1834 2358 2103 2419 apparuisset
2128 2357 2368 2416 discipulis,

256 2447 514 2502 insufflavit,
537 2452 579 2490 et
598 2446 657 2490 ait
676 2449 688 2470 ἦ
707 2463 715 2489 :
732 2447 928 2505 Accipite
947 2445 1163 2504 Spiritum
1185 2451 1388 2487 sanctum
1399 2458 1416 2494 ,·
1428 2448 1475 2484 ut
1487 2441 1616 2484 etiam
1629 2454 1729 2482 eum
1741 2438 1793 2482 de
1809 2452 1851 2480 se
1867 2436 2095 2495 procedere
2110 2435 2368 2479 ostenderet.

255 2525 310 2569 Et
327 2525 418 2584 ipse
439 2530 501 2569 est
520 2525 658 2568 virtus
678 2530 705 2577 5,
728 2540 826 2584 quae
849 2523 901 2567 de
921 2524 993 2567 illo
1017 2522 1162 2566 exibat
1187 2522 1248 2579 (ut
1267 2520 1429 2577 legitur
1456 2519 1501 2561 in
1531 2516 1782 2573 Evangelio)
1808 2522 1849 2558 et
1867 2513 2059 2557 sanabat
2079 2527 2240 2555 omnes.
2266 2529 2287 2553 ))
2317 2512 2371 2555 Et

256 2608 306 2646 ut
325 2603 567 2647 ostenderet
586 2603 697 2646 hanc
724 2601 1038 2661 processionem
1065 2599 1254 2659 Spiritus
1276 2597 1411 2641 sancti
1436 2610 1523 2639 non
1544 2609 1633 2637 esse
1658 2592 1778 2637 eliud
1793 2627 1803 2647 ,
1827 2606 1960 2650 quam
1992 2590 2270 2634 donationem
2299 2589 2369 2632 vel

256 2680 476 2724 dationem
492 2679 628 2739 ipsius
650 2679 835 2738 Spiritus
855 2678 1005 2732 sancti,
1028 2676 1193 2721 addidit
1207 2680 1220 2700 ⁶
1238 2691 1247 2718 :
1274 2675 1406 2717 «Post
1428 2670 1788 2716 resurrectionem
1802 2668 2016 2713 Dominus
2034 2667 2157 2710 Jesus
2172 2666 2236 2709 his
2252 2665 2370 2709 dedit

257 2757 469 2817 Spiritum
493 2763 689 2802 sanctum
713 2774 722 2799 ε
745 2757 875 2800 semel
895 2757 942 2800 in
975 2762 1089 2799 terra
1106 2753 1137 2808 ⁷,
1164 2758 1337 2812 propter
1357 2751 1629 2795 dilectionem
1650 2747 1838 2808 proximi
1853 2764 1864 2802 3
1879 2743 1931 2790 'et
1957 2746 2116 2789 iterum
2136 2744 2187 2787 de
2208 2743 2316 2787 coelo
2336 2743 2368 2799 ⁸,

255 2840 429 2894 propter
447 2835 721 2879 dilectionem
739 2835 841 2890 Dei3
864 2834 968 2894 quia
986 2848 1062 2893 per
1080 2837 1223 2892 ipsum
1243 2831 1408 2874 donum
1423 2827 1687 2872 diffunditur
1704 2825 1888 2869 charitas
1901 2824 1947 2867 in
1958 2822 2157 2867 cordibus
2168 2821 2367 2877 nostris⁹,

255 2927 343 2971 qua
363 2912 586 2970 diligimus
612 2913 751 2955 Deum
773 2918 813 2955 et
832 2912 1098 2972 proximum.

316 2990 429 3034 Sunt
448 2995 594 3034 autem
626 2990 780 3049 aliqui,
801 2990 878 3049 qui
897 2989 1048 3033 dicunt
1081 2987 1294 3047 Spiritum
1326 2989 1522 3028 sanctum
1542 2983 1686 3042 ipsum
1714 2981 1854 3024 Deum
1872 2994 1962 3022 non
1994 2977 2114 3034 dari,
2149 2977 2223 3021 sed
2254 2976 2369 3020 dona
2424 2979 2505 3010 ΟΜ

2415 3019 2502 3053 aIIqui

258 3067 365 3126 erS‚
389 3082 487 3127 quae
506 3083 596 3112 non
619 3072 722 3111 sunt
739 3067 829 3126 ipse
849 3066 1053 3125 Spiritus.
1082 3065 1135 3108 Et
1155 3069 1204 3108 ut
1225 3063 1372 3117 aiunt,
1397 3061 1588 3120 Spiritus
1613 3064 1786 3103 sanctus
1805 3057 1964 3100 dicitur
1983 3055 2077 3099 dari
2106 3069 2208 3098 cum
2229 3053 2369 3111 gratie.
2415 3060 2511 3087 dicunt

2413 3101 2505 3135 ipsum

256 3144 364 3203 ejus,
388 3160 486 3204 quae
505 3150 650 3190 tamen
669 3160 758 3189 non
778 3150 839 3188 est
862 3144 952 3203 ipse
972 3143 1049 3203 qui
1069 3142 1197 3186 datur
1217 3139 1482 3184 hominibus.
1507 3138 1561 3181 Et
1580 3137 1659 3180 hoc
1679 3136 1828 3180 dicunt
1847 3133 2010 3177 Bedem
2031 3132 2210 3176 sensisse
2232 3132 2278 3175 in
2297 3147 2369 3175 su-
2393 3142 2527 3178 Spiritum

2401 3188 2528 3211 sanctum

256 3221 497 3279 perioribus
517 3222 678 3277 verbis,
700 3221 860 3280 quibus
881 3220 984 3263 dicit
1003 3219 1221 3279 Spiritum
1241 3222 1439 3261 sanctum
1458 3214 1703 3274 procedere,
1725 3227 1823 3255 cum
1841 3211 1978 3270 ipsius
1991 3210 2130 3268 gratia
2142 3211 2272 3253 datur
2291 3208 2368 3251 ho-
2387 3234 2443 3295 mii]
2454 3227 2527 3295 gari,

2355 3285 2362 3292 ·
2387 3276 2415 3294 se
2476 3277 2528 3296 ona

255 3298 468 3356 minibus3
492 3305 701 3359 tanquam
720 3313 809 3342 non
832 3298 923 3356 ipse
941 3297 1083 3353 detur,
1102 3297 1174 3340 sed
1194 3295 1333 3353 gratia
1352 3293 1459 3352 ejuS.
1483 3292 1567 3336 Sed
1589 3290 1706 3350 quod
1727 3290 1817 3349 ipse
1849 3288 2039 3348 Spiritus
2067 3293 2240 3331 sanctus
2258 3320 2267 3340 ,
2291 3300 2366 3344 qm
2387 3309 2458 3344 ..J-us,

254 3375 370 3418 Deus
391 3380 453 3418 est
477 3381 518 3419 et
544 3377 671 3420 tertia
689 3377 731 3420 in
754 3374 963 3419 Trinitate
983 3389 1186 3432 persona,
1208 3373 1350 3426 detur,
1368 3376 1512 3430 aperte
1532 3369 1634 3413 dicit
1662 3366 1938 3425 Augustinus
1956 3367 2002 3409 in
2027 3366 2181 3425 quinto
2201 3363 2365 3407 decimo

299 3482 310 3504 ¹
331 3484 484 3524 August„
500 3483 538 3514 de
555 3483 687 3522 Trz'm‘t„
707 3483 764 3515 lib.
792 3483 863 3523 XV,
878 3492 907 3514 c.
925 3489 1033 3522 XXVII,
1054 3490 1088 3512 n.
1110 3483 1160 3513 48.
1181 3498 1221 3503 -
1238 3479 1354 3518 ²Bed.‚
1370 3477 1494 3509 Homz'l.
1515 3476 1573 3508 lib.
1597 3477 1636 3517 11,
1656 3476 1752 3508 hom.
1779 3473 1894 3506 11.—3
1913 3474 2012 3514 Aug..
2032 3472 2071 3503 cle
2091 3472 2193 3511 Trt‘n„
2214 3470 2270 3501 tib.
2293 3469 2364 3509 XV,

255 3531 516 3609 ghsszw'vn'545'
536 3547 576 3554 —
594 3531 608 3552 δ
631 3532 739 3572 1οαη.,
757 3538 816 3571 xx,
829 3531 880 3562 22.
896 3546 937 3552 —
952 3529 964 3551 5
982 3530 1077 3569 Luc.,
1094 3536 1152 3568 vi,
1176 3528 1224 3560 19.
1245 3544 1286 3550 —
1314 3526 1325 3543 ⁶
1348 3523 1445 3565 thid„
1470 3532 1504 3556 n.
1532 3525 1583 3556 46.
1605 3541 1640 3546 —
1661 3523 1675 3544 '¹
1697 3522 1807 3563 Joan.,
1832 3529 1897 3562 xx,
1917 3523 1969 3552 22.
1989 3537 2029 3544 —
2051 3519 2065 3540 ⁸
2086 3519 2173 3559 Act„
2199 3525 2244 3558 11,
2276 3517 2306 3549 4.
2325 3532 2367 3539 --

364 3600 386 3618 ',
422 3600 434 3617 2
476 3600 484 3608 “
