2613 3990
960 238 1089 280 DIST.
1121 239 1259 281 XXIX.
1292 240 1410 281 ART.
1444 240 1474 281 l.
1508 240 1704 290 QUAEST.
1741 242 1767 282 1.

292 326 448 368 tialiter
470 328 629 369 dictum
655 328 886 369 secuudum
919 328 1126 368 rationem
1158 330 1312 369 intelli-

291 398 419 448 gendi
438 399 560 450 praeit
578 399 834 452 principium
851 398 1116 439 notionaliter
1134 400 1313 449 dictum,

292 468 400 508 sicut
413 468 599 521 opponit.
619 468 662 509 Si
682 472 823 509 autem
837 472 1029 521 respectu
1048 471 1233 521 termini,
1256 471 1314 511 sic

291 538 547 592 principium
564 539 837 579 essentialiter
850 539 1009 580 dictum
1021 542 1189 594 respicit
1202 542 1315 594 quod

292 611 354 648 est
379 609 595 650 diversum
625 622 699 662 per
724 610 947 650 essentiam
965 642 974 660 ,
1002 613 1042 651 et
1077 614 1266 652 creatum
1300 627 1308 653 ε

291 680 362 720 sed
381 680 638 733 principium
656 680 924 721 notionaliter
956 681 1115 722 dictum
1143 682 1312 735 respicit

289 761 513 802 personam
537 751 954 802 consubstantialem,
979 756 1019 792 et
1048 753 1278 793 increatam
1302 785 1312 803 ,

289 823 330 861 et
352 823 554 862 aeternam
578 834 588 861 ε
608 825 648 861 et
679 822 772 862 ideo
798 823 1058 876 principium
1088 824 1314 864 notionali-

289 893 353 931 ter
368 891 527 932 dictum
541 924 550 941 ,
575 892 727 932 dicitur
753 894 1022 944 aeternaliter,
1045 898 1085 934 et
1104 898 1313 947 quantum

288 961 341 1001 ad
360 962 468 1002 hanc
487 962 602 1004 viam
622 962 738 1015 prius
759 964 911 1004 dicitur
939 964 984 1004 in
1016 965 1098 1005 Deo
1130 978 1215 1006 non
1242 979 1314 1007 so-

287 1032 378 1074 lum
415 1038 623 1086 quantum
658 1034 709 1074 ad
747 1035 1008 1076 intellectum
1027 1068 1036 1084 ,
1077 1037 1149 1077 sed
1181 1037 1307 1078 ctiam

288 1107 495 1158 quantum
509 1105 561 1146 ad
581 1117 672 1145 rem
697 1120 705 1146 :
728 1110 768 1146 et
787 1107 844 1146 sic
866 1110 978 1159 patet
995 1108 1045 1148 de
1063 1120 1149 1160 qua
1165 1121 1313 1161 accep-

287 1177 399 1218 tione
427 1176 507 1218 hoc
534 1190 710 1229 nomen,
731 1179 1021 1231 principium,
1057 1179 1210 1220 dicitur
1238 1193 1313 1233 per

287 1248 404 1302 prius
423 1251 656 1292 secundum
676 1252 864 1292 diversas
882 1252 1229 1305 comparationes.

716 1377 804 1405 DUB.
835 1376 878 1405 V.

504 1448 699 1485 Creatorem
717 1462 752 1485 se
772 1453 878 1485 voluit
898 1453 1093 1484 ostendere.

339 1536 513 1578 Videtur
525 1537 678 1578 falsum
692 1537 804 1590 quod
825 1549 939 1586 cum,
954 1536 1083 1577 Filius
1097 1548 1139 1576 se
1158 1536 1313 1577 dixerit

294 1607 566 1661 Principium,
591 1607 830 1648 Creatorem
850 1620 893 1647 se
913 1607 1051 1649 voluit
1074 1607 1308 1658 ostendere,

284 1680 385 1733 quia
403 1680 493 1732 ipse
522 1679 737 1732 respondit
763 1679 816 1719 ad
844 1678 1124 1731 quaestionem
1159 1677 1309 1718 Phari-

283 1763 468 1792 saeorum
490 1751 774 1804 quaerentium
795 1764 804 1790 :
833 1750 895 1790 Tu
912 1750 1008 1802 quis
1021 1760 1062 1791 es
1079 1751 1099 1790 ?
1116 1749 1195 1790 Sed
1213 1751 1310 1801 quis

285 1823 439 1876 quaerit
456 1823 506 1863 de
522 1834 700 1876 persona
717 1836 726 1872 3
752 1821 824 1862 sed
842 1820 1101 1873 Principium
1117 1854 1127 1872 ,
1151 1834 1310 1862 secun-

284 1894 389 1934 dum
423 1894 537 1946 quod
568 1905 644 1946 pro
673 1892 865 1934 Creatore
893 1892 1111 1945 accipitur,
1145 1895 1311 1933 tenetur

284 1964 558 2005 essentialiter
592 1978 601 2005 z
634 1976 738 2015 ergo
770 1966 844 2003 aut
871 1962 1076 2003 Dominus
1105 1975 1192 2003 non
1226 1974 1312 2002 res-

283 2035 430 2089 pondit
463 2034 785 2083 convenienter,
823 2036 896 2073 aut
930 2031 1193 2085 Principium
1223 2045 1310 2073 non

283 2108 458 2159 stat-pro
489 2104 680 2146 Creatore
711 2104 782 2144 ibi.
806 2103 849 2143 Si
868 2102 980 2143 dicas
1008 2103 1121 2155 quod
1151 2115 1309 2156 appro—

282 2177 445 2230 priatur
466 2176 598 2226 Filio;
621 2178 766 2216 contra
789 2189 796 2215 :
819 2173 921 2214 Tam
942 2174 1048 2214 ratio
1070 2175 1306 2224 creationis,

284 2260 413 2301 quam
441 2247 548 2288 ratio
580 2246 799 2300 principii,
832 2245 1131 2298 appropriatur
1157 2245 1270 2286 Patri
1297 2261 1305 2287 :

284 2331 388 2371 ergo
404 2330 492 2358 non
511 2317 631 2358 Filio.

335 2390 457 2444 Resp.
480 2390 715 2431 Dicendum
726 2389 840 2442 quod
858 2388 1118 2442 Principium
1138 2392 1306 2430 tenetur

282 2463 575 2512 essentialiter,
615 2463 722 2502 sicut
755 2462 909 2502 dicitur
948 2462 992 2501 in
1032 2462 1195 2512 littera,
1237 2462 1308 2502 sed

280 2538 465 2577 tractum
482 2538 543 2576 est
559 2535 610 2575 ad
630 2545 853 2586 personam
873 2532 983 2573 Filii.
1001 2531 1079 2573 Sed
1098 2533 1211 2585 quod
1230 2534 1307 2573 ol)-

277 2607 374 2660 jicis
409 2606 523 2659 quod
561 2605 858 2658 appropriatur
900 2605 1040 2654 Patri,
1080 2605 1307 2646 dicendum

282 2678 396 2731 quod
412 2677 674 2729 Principium
692 2677 742 2716 de
753 2676 914 2716 ratione
925 2676 992 2716 sui
1006 2676 1205 2727 nominis,
1219 2689 1308 2717 non

285 2749 581 2804 appropriatur
606 2747 711 2788 Filio
738 2748 819 2787 nisi
852 2759 926 2800 per
954 2747 1236 2798 additionem3
1267 2752 1309 2789 et

281 2823 340 2863 sic
359 2822 403 2861 in
422 2821 634 2874 proposito
653 2852 662 2869 ,
684 2820 782 2872 quia
810 2819 1106 2872 appropriatur
1134 2833 1208 2872 per
1233 2833 1306 2861 ac—

280 2895 374 2934 tum
392 2891 532 2933 Verbi.
550 2890 644 2931 Non
661 2890 775 2931 enim
793 2891 898 2930 dixit
918 2891 1160 2943 simpliciter
1181 2904 1190 2932 ε
1214 2894 1307 2944 qu

283 2964 577 3018 principium,
608 2962 680 3003 sed
707 2977 715 3003 2
750 2963 838 3015 E90
855 2962 1139 3014 Principium,
1166 2964 1241 3016 qui
1270 2968 1310 3007 ec

284 3036 430 3089 loquor
451 3036 570 3078 vobis
594 3038 622 3075 ¹.

704 3109 794 3138 Duss.
824 3110 883 3138 vi.

283 3188 369 3220 Nam
387 3187 466 3219 licet
484 3187 585 3219 Filius
611 3187 654 3219 sit
673 3186 879 3228 principium
899 3187 939 3218 de
960 3187 1147 3228 principio,
1169 3196 1239 3219 non
1259 3190 1310 3219 est

299 3239 412 3268 tamen
429 3237 704 3276 concedendum,
722 3236 812 3277 quod
827 3236 927 3268 Filius
943 3236 1065 3268 haheat
1078 3236 1294 3277 principium.

339 3321 489 3363 Contra
523 3335 532 3363 ε
568 3322 744 3365 Videtur
778 3322 928 3362 dehere
961 3323 1163 3371 concedi,
1207 3322 1309 3375 quia

329 3406 461 3445 1.Ῑοαη.,
481 3413 564 3445 VIII,
584 3408 677 3438 25.-
698 3407 712 3427 2
732 3405 784 3446 Cf.
804 3405 896 3437 Alex.
916 3405 1058 3446 Alensis,
1079 3416 1113 3446 p.
1128 3407 1152 3445 Ι,
1174 3415 1206 3447 (1.
1226 3413 1306 3443 Lxx,

285 3453 413 3484 memb.
428 3455 465 3494 23
483 3454 690 3494 Sffhomas,
704 3463 739 3494 p.
761 3455 782 3493 Ι,
805 3461 980 3494 (1111111111,
995 3456 1056 3485 art.
1076 3456 1109 3494 13
1127 3456 1158 3484 ct
1174 3454 1183 3483 l
1202 3454 1306 3493 Seut.,

287 3501 364 3532 dist.
377 3509 474 3542 xx1x,
494 3511 528 3543 q.
541 3509 565 3541 1,
579 3504 642 3534 art.
660 3505 696 3542 23
714 3503 846 3541 Scotus,
867 3503 875 3532 ι
898 3502 1001 3540 Sent,
1016 3502 1092 3534 dist.
1110 3510 1207 3542 xxix,
1226 3510 1305 3542 q.1;

287 3548 398 3590 AEgid.
424 3550 536 3591 Rom„
558 3550 570 3581 l
601 3550 705 3589 Seni„
736 3549 813 3582 dist.
836 3557 930 3590 xxx,
955 3558 988 3590 q.
1015 3557 1066 3590 1v3
1091 3550 1261 3590 Richard„
1295 3549 1306 3579 1

2332 249 2409 288 1169

1392 343 1520 371 omne
1537 331 1762 372 relativum
1790 332 1911 372 debet
1935 332 2090 374 habere
2116 335 2412 376 correlativum

1391 401 1473 441 sibi
1494 401 1823 454 correspondens
1844 414 1854 441 :
1877 413 1981 453 ergo
2000 403 2035 441 si
2055 403 2206 455 Filius,
2228 418 2327 446 cum
2348 407 2414 446 di-

1391 472 1500 512 citur
1516 472 1773 524 principium
1804 472 1854 513 de
1880 472 2086 525 principio
2100 506 2110 523 ,
2129 475 2283 516 dicitur
2301 477 2413 517 rela-

1389 542 1489 593 tive,
1522 543 1642 583 debet
1670 543 1825 583 habere
1856 543 2176 595 correlativum,
2205 547 2317 598 quod
2349 550 2411 587 est

1388 614 1661 667 principium.

1443 685 1563 736 Resp.
1586 684 1819 725 Dicendum
1847 685 1960 737 (111οᾶ
1981 686 2137 726 habere
2155 686 2413 739 principium

1388 754 1544 794 dicitur
1575 755 1797 807 dupliciter
1821 759 1926 796 :aut
1957 756 2064 796 sicut
2094 758 2411 809 correlativum,

1387 825 1495 865 sicut
1512 825 1642 866 Filius
1668 826 1821 866 dicitur
1841 827 1995 867 habere
2011 826 2193 877 Patrem,
2213 830 2254 868 et
2272 828 2329 868 sic
2346 829 2413 869 Fi—

1386 895 1468 935 lius
1488 896 1615 936 habet
1634 896 1913 949 principium3
1946 900 2019 938 aut
2039 898 2147 938 sicut
2177 898 2415 951 dispositio—

1389 978 1488 1006 nem
1518 967 1604 1015 sui,
1638 970 1678 1007 et
1707 967 1764 1007 sic
1789 967 1945 1008 dicitur
1966 968 2122 1008 habere
2154 969 2413 1021 principium

1387 1037 1500 1088 quod
1520 1037 1671 1089 incipit
1695 1048 1783 1077 esse
1807 1049 1817 1077 :
1838 1040 1879 1077 et
1902 1039 1960 1078 sic
1988 1037 2119 1079 Filius
2150 1051 2238 1080 non
2268 1040 2416 1093 incipit

1391 1120 1493 1158 esse,
1516 1109 1617 1160 quia
1635 1121 1721 1149 non
1740 1110 1900 1162 incipit.
1918 1109 1991 1151 Vel
2012 1111 2154 1162 aliter,
2177 1114 2238 1152 est
2257 1113 2413 1153 habere

1386 1178 1644 1231 principium
1682 1180 1871 1228 essendi,
1911 1183 1984 1220 aut
2021 1181 2201 1223 durandi
2234 1198 2243 1223 ε
2272 1184 2412 1236 primo

1397 1251 1522 1290 modo
1558 1250 1688 1291 Filius
1730 1251 1857 1291 habet
1897 1252 2172 1305 principium3
2225 1255 2411 1296 secundo

1386 1321 1528 1371 modo,
1547 1333 1649 1362 non.

1702 1422 2023 1466 ARTIGULUS
2056 1424 2090 1467 I.

1438 1536 1502 1576 Ad
1521 1535 1775 1576 evidentiam
1809 1547 1983 1584 eorum,
2012 1549 2109 1589 quae
2140 1537 2338 1579 dicuntur
2366 1540 2410 1580 in

1385 1606 1582 1659 praesenti
1597 1606 1879 1657 distinctione,
1894 1607 1977 1647 (1110
1992 1611 2246 1659 quaeruntur
2263 1610 2314 1650 de
2332 1611 2413 1651 hoc

1384 1677 1579 1727 nomine,
1601 1676 1888 1728 Principium.
1939 1677 2081 1718 Primo
2118 1680 2328 1730 quaeritur
2361 1681 2412 1722 de

1384 1748 1488 1801 ipso,
1509 1752 1720 1801 quantum
1739 1748 1790 1788 ad
1811 1748 2187 1800 multiplicitate1n;
2208 1751 2409 1802 secundo,

1384 1822 1595 1871 quantum
1616 1819 1668 1859 ad
1687 1819 1911 1859 unitatem.
1936 1819 1986 1859 Et
2015 1823 2227 1872 quantum
2251 1821 2302 1861 ad
2323 1823 2412 1874 pri—

1385 1903 1521 1941 mum,
1560 1891 1644 1931 duo
1682 1893 1937 1943 quaeruntur
1971 1905 1979 1931 :
2011 1892 2172 1944 primo,
2199 1893 2413 1945 supposito

1384 1962 1498 2015 quod
1527 1962 1606 2002 hoc
1638 1974 1810 2013 nomen,
1844 1963 2141 2015 Principium,
2181 1965 2413 2017 accipiatur

1385 2035 1662 2076 essentialiter
1681 2067 1691 2085 ,
1739 2036 1946 2087 quaeritur
1986 2039 2134 2076 utrum
2171 2038 2300 2089 possit
2340 2050 2406 2078 ac-

1385 2106 1464 2158 cipi
1486 2106 1772 2158 personaliter,
1791 2106 1879 2148 sive
1892 2107 2184 2157 notionaliter3
2208 2108 2407 2157 secundo,

1384 2179 1480 2219 dato
1500 2179 1614 2231 quod
1629 2179 1903 2219 essentialiter
1923 2183 1963 2219 et
1982 2180 2266 2230 notionaliter,
2286 2192 2409 2233 quee—

1383 2250 1492 2290 ritur
1512 2252 1660 2290 utrum
1678 2250 1728 2290 de
1749 2250 1828 2289 illis
1847 2251 2012 2291 duobus
2029 2251 2163 2292 modis
2182 2252 2410 2304 accipiatur

1384 2322 1578 2371 univoce,
1600 2322 1669 2362 vel
1689 2321 1921 2374 aequivoce.

1746 2479 1981 2530 ouAEsrio
2013 2479 2043 2520 1.

1384 2582 1443 2618 An
1476 2593 1600 2618 nomen
1641 2584 1722 2625 (coc,
1763 2584 2007 2629 Principium,
2049 2583 2305 2629 personaliter,
2354 2585 2409 2619 vel

1525 2643 1762 2678 notionaltter
1781 2644 1899 2688 accipi
1913 2644 2028 2689 possit
2046 2644 2086 2677 z'n
2107 2642 2242 2677 cltvz‘nts
2264 2643 2288 2676 ¹.

1437 2749 1555 2798 Quod
1569 2750 1648 2790 hoc
1667 2762 1839 2799 nomen,
1865 2751 2154 2803 Principium,
2177 2750 2409 2803 accipiatur

1383 2820 1663 2869 notionaliter,
1680 2821 1849 2862 videtur
1872 2822 1930 2862 sic
1950 2834 2025 2874 per
2053 2822 2348 2873 Augustinum
2379 2828 2406 2871 ὅ,

1383 2890 1416 2932 V
1433 2890 1483 2933 de
1518 2892 1728 2934 T'rz‘nimce
1750 2906 1763 2931 .·
1798 2907 1817 2930 α
1842 2892 1963 2932 Pater
1989 2892 2042 2932 ad
2072 2892 2231 2932 Filium
2256 2894 2411 2945 princi-

1382 2963 1502 3016 pium
1522 2967 1597 3013 est,
1618 2965 1717 3016 quia
1729 2965 1879 3016 genuit
1898 2977 1997 3005 eum
2017 2977 2026 3005 :
2043 2979 2062 3001 n
2082 2977 2187 3017 ergo
2207 2965 2320 3005 idem
2335 2965 2410 3004 1111-

1383 3038 1575 3087 portatur
1591 3037 1763 3076 nomine
1782 3037 1992 3089 principii,
2004 3036 2117 3089 quod
2136 3037 2309 3076 nomine
2330 3048 2409 3088 ge—

1382 3107 1612 3147 nerationis
1641 3122 1649 3148 :
1683 3120 1787 3160 ergo
1812 3110 1981 3148 tenetur
2000 3107 2300 3160 personaliter,
2322 3108 2410 3148 sive

1387 3177 1669 3218 notionaliter.

1437 3247 1541 3288 Item
1561 3248 1642 3289 hoc
1660 3249 1826 3290 videtur
1845 3249 2021 3300 ratione,
2036 3248 2136 3301 quia
2151 3247 2409 3301 ubicumque

1383 3355 1488 3394 Seni„
1510 3354 1586 3386 dist.
1612 3363 1714 3396 xxm,
1736 3365 1769 3397 q.
1787 3363 1838 3396 1v3
1861 3355 2026 3395 Dumna,
2049 3355 2058 3384 1
2080 3354 2184 3392 Sene„
2207 3353 2282 3386 dist.
2306 3361 2408 3395 xxix,

1384 3412 1417 3443 q.
1434 3410 1466 3442 13
1489 3402 1609 3433 Thom.
1638 3405 1731 3444 Arg„
1755 3405 1763 3434 l
1797 3404 1904 3444 Sent.,
1924 3404 2000 3434 dist.
2027 3410 2131 3442 ΧΧΙΧ,
2159 3411 2192 3442 q.
2217 3410 2249 3441 1,
2276 3404 2338 3434 art.
2369 3405 2407 3441 r13

1385 3450 1502 3490 Steph.
1521 3451 1660 3490 Brulef.,
1680 3454 1689 3483 l
1708 3453 1812 3492 Seni„
1833 3453 1910 3483 dist.
1925 3459 2027 3489 XXIX,
2050 3460 2081 3491 q.
2101 3458 2131 3490 13
2153 3452 2270 3482 Petrus
2290 3451 2330 3482 de
2350 3452 2410 3482 Ta-

1383 3501 1484 3541 rant„
1498 3500 1620 3539 isam„
1635 3500 1711 3532 dist.
1727 3507 1830 3540 xxix,
1846 3509 1879 3541 q.
1898 3507 1921 3530 1.
1932 3498 2100 3539 -ssAug.,
2116 3497 2155 3529 cle
2174 3498 2276 3539 Tre'n„
2292 3497 2350 3530 lib.
2366 3499 2409 3538 V,

1384 3558 1414 3580 c.
1429 3556 1504 3589 xiv,
1520 3557 1555 3580 n.
1571 3550 1622 3580 15.

2454 2773 2568 2799 Funda-

2431 2817 2533 2840 incula.
