2570 3986
253 258 372 286 xxxn
879 239 944 280 DE
973 236 1204 280 SCRIPTIS
1235 234 1276 276 S.
1309 234 1731 286 BONAVENTURAE,

254 337 394 378 obitus
413 334 455 375 S.
473 333 646 374 Thomae
663 365 672 382 ‚
696 336 735 373 et
755 343 852 372 vere
869 330 999 370 sancti
1015 361 1025 378 ,
1048 332 1086 369 et
1108 326 1283 380 gloriosi
1302 324 1467 365 Domini
1485 324 1796 365 Bonaventurae
1814 356 1824 375 ,
1848 336 2033 377 quorum
2050 326 2214 378 primus
2230 327 2334 368 obiit
2351 331 2372 367 7

255 406 410 455 martii,
433 406 540 446 alius
563 404 764 457 idusjulii
786 402 1014 455 sequentis,
1038 403 1225 451 tempore
1247 396 1411 436 concilii
1431 396 1641 448 generalis
1661 396 1956 449 Lugdunensis
1976 409 2050 450 per
2070 397 2323 450 Gregorium
2340 398 2375 438 X

255 479 464 519 celebrati.
487 493 504 514 ›>
532 476 698 517 Accedit
723 474 786 514 Fr.
810 473 988 514 Jacobus
1011 471 1228 522 Philippus
1249 469 1501 519 cognomine
1523 466 1740 518 Forestus,
1764 469 1898 520 patria
1920 468 2215 520 Bergomensis
2230 501 2239 519 ,
2262 470 2375 510 ordi-

254 551 319 590 nis
339 549 620 590 Eremitarum
642 546 682 587 S.
707 544 961 597 Augustini,
987 543 1057 595 qni
1080 554 1178 582 cum
1195 552 1367 580 summa
1388 539 1574 578 nominis
1602 539 1839 581 celebritate
1863 541 2009 593 quinto
2030 540 2192 580 decimo
2211 540 2377 581 labente

256 622 397 663 seculo
417 621 628 661 inclaruit.
655 618 699 658 ln
721 616 1024 658 Chronicorum
1047 613 1348 665 Supplemcnto
1367 614 1376 634 ¹
1398 610 1658 662 apertissime
1677 615 1912 661 memorat,
1933 615 1972 652 et
1992 612 2136 651 asserit
2155 610 2375 652 Bonaven-

256 697 362 734 tura·
386 693 545 745 Scripta
560 725 569 737 ,
599 704 694 743 quae
718 702 813 729 curn
835 686 1021 727 maximo
1039 685 1181 724 labore
1206 683 1333 723 edidit
1354 682 1396 721 in
1417 685 1601 734 quatuor
1622 681 1939 722 Sententiarum
1958 682 2117 723 Libros.
2146 699 2164 721 α
2185 682 2257 722 His
2277 686 2380 723 tem-

256 762 432 815 poribus
450 794 459 811 ,
488 759 659 812 1’1211211'12
681 757 736 799 cul
764 767 925 798 annum
955 756 1072 800 1208,
1095 756 1247 805 praetcr
1275 753 1536 793 sanctitatem
1562 756 1819 805 maximam,
1842 755 1966 794 etiam
1993 754 2157 806 ingenii
2183 755 2320 806 gratia
2341 756 2381 794 et

256 833 502 875 auctoritate
530 830 734 884 praeditus
752 861 761 878 ,
790 826 1048 867 clarissimus
1067 824 1110 863 in
1130 827 1215 864 toto
1237 824 1343 864 Orbe
1362 824 1531 865 habitus
1550 827 1611 865 est
1631 840 1638 865 z
1670 825 1742 878 qui
1763 829 1851 878 prae
1873 825 2019 865 ceteris
2044 825 2289 866 Doctoribus
2310 825 2377 865 lu—

258 903 542 946 culentissime
558 901 775 954 etcopiose
791 913 836 939 su
844 911 916 952 per
931 902 1114 951 quatuor
1131 895 1447 937 Sententiarum
1466 896 1594 936 libros
1609 896 1785 949 scripsit.
1806 911 1823 934 »
1843 896 2008 937 Similia
2026 897 2154 938 habes
2168 897 2215 937 in
2230 895 2380 937 llarth-

258 988 384 1016 mano
406 973 579 1015 Schedel
593 1005 602 1023 ,
625 973 668 1012 in
689 971 994 1012 Chronicorum
1015 969 1147 1022 Opere
1163 1000 1173 1019 ,
1196 967 1247 1008 ad
1267 970 1431 1007 sextam
1451 967 1600 1008 mundi
1620 970 1802 1009 aetatem.

1083 1152 1230 1195 Testes
1261 1150 1396 1194 seculi
1427 1151 1550 1196 XVI.

312 1303 491 1343 Joannes
509 1313 532 1340 a
552 1298 782 1339 nativitatis
804 1297 895 1337 loco
920 1295 1182 1336 Trithemius
1208 1296 1484 1347 nuncupatus
1500 1326 1510 1343 ,
1539 1294 1711 1334 natione
1740 1293 1995 1345 Germanus,
2021 1295 2149 1335 abbas
2167 1294 2385 1349 Spanehe-

260 1373 439 1423 mensis,
472 1371 629 1412 ordinis
649 1370 690 1409 S.
714 1367 947 1417 Benedicti,
977 1367 1051 1419 qui
1073 1366 1369 1419 compluribus
1398 1365 1496 1416 otii,
1530 1365 1779 1418 ingeniique
1805 1366 1870 1406 sui
1895 1367 2184 1407 monumentis
2210 1367 2386 1418 relictis,

260 1445 433 1486 decessit
452 1444 516 1484 die
543 1445 588 1481 13
609 1441 798 1482 decemb.
823 1452 893 1479 an.
916 1440 1035 1488 1516,
1060 1438 1171 1478 inter
1191 1450 1240 1478 ea
1257 1469 1266 1486 ,
1288 1449 1385 1490 quae
1403 1436 1713 1478 Bonaventurae
1734 1438 1947 1488 attribuit,
1969 1438 2141 1478 collocat
2165 1438 2389 1479 Commen-

260 1517 364 1557 taria
384 1515 575 1567 ejusdcm
599 1529 617 1551 «
636 1523 759 1564 super
783 1511 1042 1561 Sementiua,
1064 1510 1139 1550 lib.
1162 1509 1229 1560 IV,
1255 1509 1389 1561 princ.
1415 1508 1637 1560 Profunda
1656 1509 1924 1551 Flzwz'orwn.
1945 1523 1962 1546 n
1988 1509 2108 1550 Hisce
2130 1522 2254 1562 porro
2275 1510 2392 1550 Com-

262 1587 478 1628 mentariis
505 1596 799 1637 saepenumero
820 1583 956 1622 utitur
982 1581 1163 1622 Joannes
1189 1580 1345 1621 Eckius
1360 1613 1369 1631 ,
1396 1581 1568 1621 natione
1590 1580 1756 1621 Suevus
1771 1612 1780 1629 ,
1808 1581 1987 1621 malleus
2008 1593 2055 1621 ac
2075 1581 2255 1622 domitor
2278 1581 2392 1621 Mar-

261 1659 341 1699 tini
364 1657 560 1707 Lutheri,
590 1655 770 1708 Philippi
792 1653 1152 1703 MelanchthoniS,
1182 1651 1407 1693 Pomerani
1422 1685 1431 1701 ,
1461 1655 1798 1704 caeterorumque
1827 1656 2098 1693 novatorum.
2124 1652 2192 1693 Sic
2212 1652 2327 1693 enim
2348 1652 2393 1692 in

262 1728 637 1783 praedestinationis
666 1726 838 1779 negotio
861 1738 903 1766 se
923 1724 1237 1766 Bonaventurae
1258 1724 1456 1772 credidit,
1481 1726 1530 1763 nt
1548 1724 1591 1763 in
1614 1724 1849 1776 perdifficili
1871 1728 1911 1764 et
1930 1724 2140 1765 salebrosa
2162 1724 2241 1764 hac
2259 1726 2394 1764 mate-

264 1802 350 1850 ria,
374 1803 464 1854 eJus
483 1798 675 1851 vestigiis
695 1798 889 1838 insistere
915 1796 1137 1846 maluerit,
1167 1808 1299 1849 quam
1325 1795 1535 1848 theologis
1556 1795 1718 1835 ceteris.
1746 1795 1956 1836 Audiatur
1975 1796 2044 1836 vel
2064 1796 2150 1848 ipse
2173 1795 2330 1836 Eckius
2350 1795 2396 1835 in

263 1873 380 1913 hunc
398 1871 576 1912 modum
596 1870 782 1910 scribens
796 1869 809 1890 Ι·
830 1884 838 1910 :
864 1885 882 1907 «
903 1868 1012 1909 Duos
1029 1867 1243 1921 praecipue
1261 1867 1512 1917 venerabor,
1538 1866 1692 1907 Divum
1711 1867 1865 1908 scilicet
1883 1866 2159 1908 Eustachium
2178 1866 2397 1908 Bonaven-

265 1948 404 1985 turam
422 1976 432 1994 ,
454 1947 494 1983 et
511 1942 718 1983 Joannem
746 1941 919 1981 Scotum
944 1942 1226 1992 cognomento
1247 1938 1456 1980 Subtilem
1478 1951 1488 1979 ε
1514 1951 1602 1979 non
1625 1942 1769 1979 tamen
1790 1951 1860 1980 eos
1885 1939 2058 1992 perinde
2080 1939 2243 1980 habebo
2261 1952 2309 1980 ac
2327 1939 2395 1992 ly-

266 2016 384 2057 dium
404 2015 587 2067 lapidem
601 2046 610 2064 ,
632 2016 679 2053 ut
699 2013 750 2052 ab
768 2024 918 2052 eorum
937 2011 1143 2052 sententia
1167 2011 1225 2063 tsi
1247 2010 1305 2051 ita
1323 2010 1464 2052 visum
1481 2010 1633 2064 suerit)
1657 2023 1744 2051 non
1762 2011 1885 2051 liceat
1901 2011 2113 2052 recedere.
2137 2026 2156 2048 »
2179 2010 2235 2051 De
2254 2011 2398 2051 indus-

266 2088 345 2127 tria
373 2086 553 2127 Eckium
581 2084 915 2138 appellavimus,
949 2086 997 2123 ut
1024 2095 1112 2123 non
1142 2082 1268 2123 modo
1299 2082 1404 2122 tanti
1427 2082 1560 2135 hujus
1591 2082 1672 2123 viri
1703 2082 1945 2123 testimonio
1976 2086 2213 2133 uteremur,
2250 2082 2321 2123 sed
2352 2084 2400 2122 ut

268 2159 394 2199 etiam
420 2157 647 2198 sciolorum
674 2155 959 2209 quorumdam
980 2155 1201 2195 audaciam
1224 2154 1546 2206 frangerenmS,
1575 2153 1650 2206 qui
1676 2153 1988 2194 Bonaventurae
2013 2153 2328 2194 Commentaria
2345 2152 2400 2192 ir-

266 2230 404 2270 rident
423 2232 463 2269 et
489 2231 720 2281 respuunt,
745 2240 793 2267 ea
814 2227 977 2267 ratione
1003 2225 1135 2274 ducti,
1160 2224 1272 2278 quod
1295 2225 1457 2265 nudam
1477 2228 1518 2266 et
1543 2225 1835 2265 scholasticam
1859 2225 2156 2277 garrulitatem
2180 2224 2399 2277 complecti

269 2301 455 2342 credant.
484 2300 673 2341 Ceterum
697 2311 783 2339 non
805 2298 925 2339 nobis
950 2298 1106 2339 desunt
1128 2299 1276 2347 testes,
1301 2297 1431 2349 hique
1450 2297 1567 2337 haud
1586 2297 1795 2349 ignobiles
1810 2330 1820 2348 ,
1847 2297 1923 2350 qui
1947 2296 2257 2338 Commentaria
2277 2299 2318 2336 et
2332 2308 2403 2348 ap-

270 2373 473 2425 probent‚
503 2375 542 2412 et
568 2371 732 2411 Doctori
756 2374 900 2411 nostro
924 2372 1137 2410 asserant:
1166 2368 1237 2409 sed
1262 2368 1388 2408 nimis
1410 2368 1592 2420 longum
1617 2368 1767 2409 afferre
1790 2381 1952 2409 omnes.
1974 2367 2065 2409 Jam
2091 2380 2194 2420 ergo
2217 2367 2402 2419 gradum

270 2444 472 2485 faciemus
496 2443 545 2484 ad
571 2443 770 2496 antiquas
796 2441 1210 2483 Commentariorum
1237 2440 1442 2481 editiones
1459 2472 1469 2490 ,
1497 2440 1779 2493 exemplaria,
1809 2442 1935 2492 atque
1960 2440 2266 2492 manuscripta.

859 2613 1057 2674 Antiqua
1075 2612 1502 2658 Commentariorum
1520 2612 1800 2672 exemplaria.

330 2766 530 2820 Princeps
564 2767 758 2808 omnium
778 2799 788 2818 ,
827 2770 877 2807 ut
909 2767 1186 2818 arbitramur,
1227 2765 1640 2806 Commentariorum
1685 2764 1811 2806 editio
1850 2763 2030 2804 Tarvisii
2077 2763 2288 2804 elaborata
2326 2763 2406 2804 fuit

277 2851 389 2880 anno
416 2842 534 2888 1477,
570 2851 698 2892 opera
722 2838 913 2891 Magistri
941 2838 1145 2879 Hermani
1174 2837 1461 2878 Lichtenstein
1485 2837 1530 2877 in
1557 2837 1626 2877 fol.
1655 2836 1784 2890 Cujus
1809 2847 1908 2876 sane
1933 2835 2137 2876 Editionis
2167 2847 2306 2876 unum
2332 2846 2404 2875 so-

276 2910 453 2962 lumque
476 2911 520 2950 in
546 2909 579 2949 II
611 2910 927 2950 Sententiarum
962 2910 1179 2963 exemplar
1212 2909 1340 2950 Nobis
1370 2908 1600 2962 superfuit,
1638 2907 1751 2960 quad
1777 2908 1889 2960 apud
1920 2906 2138 2947 Nostrates
2166 2905 2328 2948 Patavii
2357 2906 2404 2946 in

277 2981 534 3022 Bibliotheca
570 2981 612 3022 S.
649 2981 883 3032 francisci,
909 2985 1002 3021 tum
1035 2982 1148 3034 apud
1182 2981 1398 3022 Minoritas
1429 2979 1656 3021 Strictioris
1692 2979 1980 3020 Observantiae
2009 2978 2194 3019 Tridenti
2226 2978 2272 3018 in
2295 2976 2399 3017 Bibl.

279 3052 322 3094 S.
352 3052 552 3093 Bernardi
576 3056 782 3093 servatur.
809 3052 1036 3105 Exemplar
1066 3053 1176 3104 hoc,
1204 3052 1316 3105 quod
1338 3052 1471 3092 nitido
1497 3051 1736 3091 charactere
1758 3053 1981 3091 exaratum
2008 3053 2091 3101 est,
2121 3048 2204 3090 Nos
2230 3049 2404 3102 quidem

279 3128 446 3173 movet,
475 3126 524 3164 ut
548 3124 728 3164 aliorum
756 3125 1167 3165 Commentariorum
1194 3125 1411 3178 ploremus
1428 3125 1655 3176 Jacturam.

333 3195 523 3248 Itemque
542 3195 583 3234 in
599 3199 927 3237 commemorata
941 3195 1185 3237 Tridentina
1204 3195 1475 3245 Bibliotheca,
1493 3193 1856 3235 Commentarium
1873 3196 1988 3234 extat
2007 3193 2051 3233 in
2065 3192 2100 3232 ΙΙ
2120 3192 2280 3233 librum
2300 3192 2405 3234 Sen-

279 3268 525 3317 tentiarum,
542 3266 653 3319 quod
669 3279 767 3306 cum
781 3267 871 3307 aliis
887 3267 1068 3308 Venetiis
1079 3268 1250 3308 fortasse
1266 3267 1432 3308 edidere
1445 3265 1729 3307 Theodericus
1740 3265 1790 3306 de
1806 3264 2095 3318 Reynsburch,
2114 3267 2154 3304 et
2167 3264 2407 3318 Raynaldus

280 3339 330 3380 de
349 3337 603 3390 Novimagio
623 3336 744 3388 Socii,
768 3351 836 3377 an.
863 3342 980 3387 1477,
1002 3339 1133 3380 in—sol.
1161 3352 1170 3379 :
1194 3351 1300 3392 opus
1326 3338 1818 3392 perexcellentissimum.
1845 3336 1886 3378 S.
1916 3335 2159 3388 Theologiae
2188 3335 2407 3377 Doctorem

282 3410 448 3463 Magist.
468 3409 676 3450 Thomam
699 3408 888 3449 Penketh
910 3410 1139 3462 Anglicum
1162 3410 1258 3452 Ord.
1281 3410 1359 3451 FF.
1382 3409 1555 3450 Eremit.
1579 3409 1622 3450 S.
1644 3408 1904 3461 Augustini,
1931 3409 1980 3450 in
1998 3408 2286 3460 famosissimo
2309 3407 2408 3451 Scu-

326 3521 336 3543 ²
352 3520 423 3552 Lib.
442 3521 528 3553 Xlll.
543 3538 583 3543 —
598 3520 611 3540 ²
623 3521 706 3561 Pag.
719 3521 793 3551 ΞΗ.
808 3536 848 3542 -
861 3520 874 3541 ³
889 3520 1012 3561 script.
1033 3521 1228 3561 ecclesiast„
1246 3522 1303 3555 t'ol.
1322 3530 1381 3554 c11.

324 3568 336 3589 ¹·
351 3568 385 3598 tn
405 3567 638 3609 Chrysopasso,
659 3575 719 3598 seu
732 3566 771 3598 de
787 3566 1031 3607 Praedestinat„
1050 3568 1130 3600 edit.
1147 3571 1288 3610 August.
1310 3568 1457 3606 Vindel„
1482 3569 1572 3609 1514,
1594 3570 1684 3600 cent.
1699 3576 1724 3608 1,
1747 3570 1810 3599 art.
1827 3570 1857 3608 1,
1878 3575 1914 3598 n.
1928 3575 1991 3599 xri.
