2613 3990
687 250 815 292 DIST.
848 250 919 290 III.
948 247 1100 290 PART.
1134 247 1184 288 ΙΙ.
1216 247 1335 289 ART.
1364 247 1395 289 1.
1426 246 1624 297 QUAEST.
1657 247 1707 288 ΙΙ.
2221 255 2270 292 79

145 342 244 383 ralis
267 345 309 383 et
328 341 548 393 sensibilis,
570 344 610 383 et
628 341 739 391 haec,
762 340 862 393 quia
889 338 1012 379 offert
1033 350 1076 378 se
1101 349 1172 378 co-

148 413 330 466 gnitioni
351 424 425 465 per
445 412 654 453 exteriora
669 443 680 462 ‚
702 411 828 451 habet
852 409 1085 461 imaginem
1106 419 1172 448 re-

149 487 477 537 praesentantem
494 483 728 524 secundum
756 481 1007 522 exteriorem
1035 479 1173 531 dispo-

150 555 344 596 sitionem
365 568 375 606 3
396 558 458 596 est
480 555 634 595 iterum
660 553 804 605 imago
832 552 893 592 rei
918 550 1147 603 spiritualis
1161 582 1171 601 ,

149 638 247 679 quae
265 630 327 667 est
350 626 500 667 intima
522 624 694 666 cuilibet
711 624 772 665 rei
789 655 799 674 ,
822 626 863 663 et
879 633 976 675 quae
996 633 1175 672 cognos-

143 697 254 737 citur
273 697 507 738 secundum
527 695 640 748 quod
667 694 805 735 virtus
833 691 1097 744 recolligitur
1124 691 1176 731 ad

143 767 314 819 intima,
335 771 373 809 et
396 767 448 820 (α)
477 766 606 807 habet
621 766 855 817 imaginem
872 765 1177 816 repraesentan-

145 841 233 880 tem
256 841 469 893 quantum
487 837 540 879 ad
559 837 730 877 intimas
749 835 1055 889 dispositiones.

199 914 238 952 3.
267 911 330 951 Ad
352 910 456 950 illud
477 921 581 961 ergo
595 908 710 961 quod
727 907 939 960 objicitur,
960 905 1072 959 quod
1088 917 1176 946 me-

145 981 281 1023 moria
302 984 364 1022 est
382 980 670 1030 sensibilium;
693 979 934 1029 dicendum,
956 978 1068 1030 quod
1088 989 1177 1018 me-

146 1053 281 1094 moria
297 1052 506 1105 accipitur
521 1051 739 1105 tripliciter
757 1067 766 1092 2
789 1062 876 1091 uno
897 1049 1037 1100 modo,
1054 1052 1179 1102 prout

144 1126 206 1165 est
222 1123 434 1176 receptiva
449 1126 490 1163 et
510 1122 722 1163 retentiva
743 1121 1003 1162 sensibilium
1019 1123 1059 1161 et
1073 1132 1177 1173 prae-

143 1195 392 1245 teritorum;
415 1194 499 1235 alio
535 1194 690 1243 modo,
721 1196 849 1246 prout
883 1196 943 1233 est
973 1192 1180 1233 retentiva

146 1266 482 1319 praeteritorum,
504 1265 594 1307 sive
617 1265 896 1316 sensibilium,
918 1264 1007 1305 sive
1025 1263 1177 1304 intelli-

144 1337 341 1389 gibilium
362 1341 396 1388 ²3
422 1340 463 1378 et
486 1337 609 1378 tertio
627 1337 769 1386 modo,
798 1338 924 1389 prout
951 1338 1012 1376 est
1046 1338 1181 1376 reten-

144 1409 232 1450 tiva
257 1409 518 1462 specierum,
539 1408 822 1449 abstrahendo
843 1408 895 1448 ab
921 1407 1039 1448 omni
1058 1406 1181 1448 diffe-

146 1480 281 1521 rentia
315 1481 542 1533 temporis,
571 1483 718 1533 utpote
747 1479 985 1532 specierum
1009 1478 1181 1518 innata-

152 1563 271 1600 rum,
293 1554 334 1592 et
351 1551 432 1593 1100
458 1552 581 1593 tertio
601 1551 727 1592 modo
749 1554 810 1591 est
834 1562 931 1604 pars
951 1548 1177 1600 imaginis:

147 1622 218 1663 sed
250 1623 432 1676 objectio
464 1623 600 1664 currit
630 1623 681 1664 de
712 1622 806 1663 aliis
834 1620 982 1674 primis
1014 1620 1182 1661 duobus

146 1693 297 1735 modis.
325 1693 470 1735 Primo
489 1694 630 1745 modo,
646 1693 851 1735 memoria
869 1692 1062 1745 sequitur
1081 1703 1180 1731 sen—

149 1778 242 1807 sum
262 1781 272 1817 3
295 1767 478 1808 secundo
498 1767 624 1807 modo
641 1798 652 1816 ,
674 1765 867 1818 sequitur
891 1764 1027 1817 ipsam
1055 1762 1181 1804 intel-

147 1835 372 1888 ligentiam
395 1840 434 1877 et
461 1837 753 1887 voluntatem3
774 1836 897 1877 tertio
916 1835 1042 1876 modo
1063 1837 1181 1875 ante-

146 1907 268 1958 cedit,
289 1909 330 1948 et
348 1908 572 1961 respondet
590 1907 719 1949 Patri.

198 1983 238 2021 4.
260 1980 325 2021 Ad
343 1980 448 2021 illud
464 1980 576 2033 quod
592 1979 805 2033 objicitur,
828 1978 943 2031 quod
970 1976 1183 2018 memoria

145 2063 232 2092 non
269 2052 549 2102 reformatur;
590 2050 817 2092 dicendum
839 2051 853 2072 ²
874 2082 885 2101 ,
926 2050 1040 2102 quod
1089 2049 1176 2090 imo

146 2121 352 2162 memoria
367 2122 641 2172 reformatur,
661 2125 702 2162 et
720 2123 932 2174 quantum
953 2121 1006 2162 ad
1026 2123 1183 2162 statum

146 2192 245 2243 viae,
263 2196 304 2234 et
315 2196 525 2247 quantum
538 2193 591 2235 ad
601 2196 758 2235 statum
772 2194 921 2247 patriae
940 2206 950 2234 ε
968 2194 1014 2234 111
1027 2194 1180 2248 primo,

145 2277 222 2318 per
249 2277 368 2319 spem
393 2279 404 2317 3
438 2269 479 2307 et
509 2266 590 2307 hoc
620 2268 734 2319 patet
765 2279 841 2320 per
876 2267 1183 2320 expositionem

146 2336 379 2388 Augustini
403 2341 417 2363 ³
447 2350 576 2391 super
609 2338 717 2379 illud
745 2338 930 2380 verbum
964 2337 1153 2379 Matthaei
1170 2371 1181 2390 ,

147 2408 310 2462 Diliges
329 2410 556 2452 Dominum
574 2411 703 2452 Deum
721 2414 843 2454 tuum
867 2422 923 2453 eoe
942 2414 1024 2454 toto
1054 2411 1183 2454 corde

151 2483 246 2532 tuo,
280 2481 321 2522 id
353 2484 415 2522 est
444 2481 660 2523 intellectu
693 2482 784 2523 sine
815 2495 985 2534 errore3
1015 2494 1070 2525 ex·
1100 2487 1186 2526 tota

149 2553 324 2600 anima,
347 2553 390 2594 id
410 2556 472 2594 est
498 2565 552 2594 ex
577 2553 795 2595 voluntate
827 2554 918 2595 sine
949 2555 1185 2595 contradic-

151 2623 290 2675 tione3
316 2635 370 2668 ex·
401 2628 487 2668 tota
517 2629 678 2675 mente,
707 2625 750 2666 id
770 2629 832 2666 est
863 2625 1070 2666 memoria
1096 2625 1187 2666 sine

151 2695 380 2739 oblivione.
431 2697 480 2738 In
526 2696 712 2738 secundo
759 2699 871 2738 statu
887 2729 898 2748 ,
937 2696 1188 2737 reformatur

150 2771 358 2819 quantum
379 2768 432 2809 ad
450 2769 683 2819 tentionem
711 2769 787 2822 (b),
813 2768 922 2809 unde
949 2767 1188 2809 Bernartius

152 2837 270 2891 dicit,
293 2840 394 2892 quia
419 2840 570 2882 «Deus
601 2842 663 2881 051
692 2840 865 2880 futurus
892 2839 1186 2892 intelligentia-3

152 2908 369 2962 plenitudo
397 2911 530 2963 lucis,
551 2912 764 2954 voluntati
792 2912 1022 2953 multitudo
1048 2911 1185 2965 pacis,

153 2982 194 3020 01
224 2982 444 3024 memoriae
482 2983 743 3024 continuatio
775 2983 1077 3025 aeternitatis.»
1103 2983 1189 3024 Nec

153 3053 215 3092 051
248 3053 377 3094 etiam
417 3053 724 3096 inconveniens
749 3085 760 3104 ,
801 3054 915 3108 quod
951 3054 1186 3104 memoria,

153 3124 352 3175 quamvis
381 3125 434 3166 sit
468 3125 633 3178 prima,
662 3126 918 3167 reformetur
944 3139 1020 3179 per
1048 3127 1187 3167 dotem

154 3194 351 3236 ultimam
370 3210 380 3247 ;
407 3197 507 3249 quia
531 3197 634 3238 ordo
660 3197 971 3238 reformationis
991 3202 1032 3239 et
1050 3198 1190 3239 defor-

155 3266 352 3308 mationis
381 3267 529 3321 incipit
559 3281 585 3309 a
612 3268 868 3322 posteriori3
903 3269 1006 3310 ordo
1041 3272 1188 3310 autem

200 3383 211 3404 ¹
226 3383 334 3416 Solvit
352 3386 561 3428 Augustinus
580 3388 698 3420 dicens
717 3388 809 3429 quod
829 3389 996 3421 memoria
1017 3389 1059 3421 sit
1086 3390 1188 3422 ctiam

155 3431 387 3470 praesentium.
409 3434 464 3466 Sic
485 3435 659 3477 distinguit
682 3435 803 3468 Alban.
825 3438 859 3468 et
881 3437 970 3468 Petr.
990 3438 1125 3469 Tarant.
1145 3447 1189 3469 ex

156 3477 343 3520 Dionysio,
364 3489 398 3521 q.
414 3488 490 3513 v111.
502 3500 543 3505 —
562 3484 576 3505 ²
594 3484 644 3515 lta
661 3484 774 3524 Alex„
790 3493 823 3524 p.
841 3484 888 3524 11,
909 3493 943 3525 q.
958 3491 1043 3525 an,
1059 3485 1188 3516 memb.

158 3526 189 3564 5,
205 3529 268 3557 art.
289 3527 320 3558 7.
335 3545 375 3550 —
388 3527 462 3560 ³De
478 3530 571 3562 Doct.
589 3530 731 3572 Christ„
745 3531 804 3562 lib.
822 3531 856 3572 I,
877 3540 907 3562 c.
928 3539 1016 3572 xxii,
1034 3541 1070 3564 n.
1093 3534 1190 3564 21.—

158 3585 170 3605 1
190 3572 300 3615 Alex„
318 3583 353 3614 p.
369 3575 416 3615 ll,
436 3584 471 3617 q.
484 3584 570 3618 Lini,
582 3578 711 3611 memb.
730 3580 761 3620 5,
779 3581 842 3612 art.
859 3580 890 3611 4.
906 3595 946 3602 —
961 3580 974 3599 ⁵
989 3579 1037 3611 De
1053 3580 1191 3621 Trz'nz't„

1247 337 1512 378 formationis
1542 336 1690 388 incipit
1713 348 1739 376 a
1770 337 1979 389 superiori
1999 350 2009 378 τ
2034 338 2127 380 11100
2147 352 2171 380 a
2193 353 2273 381 vo-

1248 408 1410 448 luntate
1445 407 1590 460 incipit
1617 407 1882 458 reformatio,
1912 410 1952 448 et
1977 409 2111 449 tendit
2142 423 2274 463 usque

1249 478 1294 518 in
1316 478 1581 518 memoriam.

1303 552 1342 590 5.
1364 549 1427 590 Ad
1447 549 1552 589 illud
1569 549 1582 571 '⁶
1611 549 1725 602 quod
1755 549 1973 602 objicitur,
1995 550 2108 602 quod
2133 550 2277 604 imago

1251 624 1311 661 est
1324 621 1369 660 in
1382 620 1569 673 potentia
1583 620 1867 672 cognoscendi
1880 633 1889 671 3
1909 620 2148 670 dicendum,
2166 623 2278 674 quod

1251 691 1484 732 similitudo
1505 691 1603 732 dicit
1630 692 1732 744 quid
1756 692 2015 744 gratuitum,
2036 695 2076 732 et
2095 693 2189 734 ideo
2214 693 2279 734 di-

1252 764 1360 804 citur
1380 775 1468 804 esse
1482 776 1558 816 per
1576 764 1963 816 appropriationem
1982 763 2027 804 in
2046 764 2276 815 voluntate,

1252 835 1340 876 sive
1362 834 1408 874 in
1424 833 1660 874 dilectione.
1682 833 1830 886 Imago
1850 846 1952 876 vero
1969 847 2054 875 non
2070 835 2168 875 dicit
2184 847 2280 887 gra-

1251 906 1409 946 tuitum
1429 920 1438 946 2
1457 905 1550 946 ideo
1563 906 1719 946 dicitur
1733 918 1822 946 esse
1841 906 1887 946 in
1900 907 2087 959 potentia
2102 919 2281 960 cognos-

1253 977 1387 1018 cendi.
1406 976 1480 1018 Vel
1507 978 1628 1018 aliter
1654 978 1705 1018 110
1729 977 1918 1029 imagine
1947 990 1957 1018 ι
1978 979 2078 1031 quia
2103 979 2151 1019 in
2177 978 2282 1019 Filio

1253 1051 1314 1088 est
1333 1047 1470 1101 prima
1495 1047 1662 1100 imago,
1685 1051 1725 1089 et
1750 1047 1854 1089 Filio
1882 1050 2182 1103 appropriatur
2211 1050 2281 1091 in-

1252 1120 1507 1172 telligentia,
1527 1132 1623 1172 quae
1653 1122 1714 1161 est
1737 1120 1782 1160 in
1812 1121 1999 1173 potentia
2029 1121 2248 1173 cognitiva
2269 1135 2279 1172 3

1253 1190 1346 1231 11100
1372 1190 1526 1232 dicitur
1545 1191 1690 1243 imago
1711 1203 1800 1232 esse
1830 1191 1874 1231 in
1893 1192 2080 1244 potentia
2100 1204 2282 1244 cognos-

1254 1262 1389 1303 cendi.

1308 1334 1347 1372 (3.
1370 1331 1433 1372 Ad
1459 1332 1565 1373 illud
1577 1364 1589 1384 ,
1610 1332 1815 1374 Voluntas
1835 1346 1923 1375 non
1944 1338 2141 1388 aequatur
2160 1335 2285 1377 intel-

1253 1399 1466 1452 ligentiae3
1488 1400 1735 1452 dicendum,
1763 1402 1876 1454 quod
1905 1403 2125 1454 voluntas,
2158 1407 2286 1456 prout

1255 1472 1542 1512 communiter
1559 1472 1763 1525 accipitur
1782 1473 1835 1514 ad
1850 1473 1957 1514 velle
1974 1477 2015 1514 et
2033 1474 2161 1525 nolle,
2182 1487 2287 1527 quo-

1254 1553 1353 1582 rum
1373 1545 1608 1595 utrumque
1625 1546 1686 1583 est
1701 1546 1820 1583 actus
1840 1544 2084 1595 voluntatis,
2098 1545 2205 1585 bene
2227 1557 2288 1586 aa-

1255 1617 1426 1666 quatur,
1443 1615 1677 1655 secundum
1697 1615 1810 1668 quod
1828 1615 1982 1656 dicitur
2000 1615 2069 1658 Uti
2077 1628 2165 1657 esse
2177 1629 2289 1657 com-

1255 1698 1386 1726 mune
1406 1685 1458 1726 ad
1475 1688 1723 1738 utrumque,
1741 1685 1850 1728 sicut
1868 1686 1966 1727 dicit
1987 1687 2256 1739 Augustinus
2273 1687 2286 1708 ⁵

1256 1760 1296 1798 et
1322 1757 1502 1797 habetur
1527 1757 1574 1797 in
1601 1756 1739 1797 littera
1757 1758 1789 1809 ³,
1812 1758 1927 1810 quod
1954 1758 2154 1798 voluntas
2181 1758 2291 1811 capit

1255 1829 1370 1869 illam
1394 1828 1459 1882 (0),
1481 1828 1584 1869 dum
1604 1833 1716 1880 utor,
1739 1832 1817 1870 etc.
1840 1828 2051 1882 Quidquid
2078 1830 2194 1870 enim
2222 1842 2289 1871 re-

1256 1900 1483 1941 cordamur
1514 1900 1583 1941 vel
1612 1899 1892 1952 intelligimus
1913 1933 1926 1952 ,
1960 1901 2012 1942 ad
2044 1902 2287 1942 facultatem

1255 1971 1487 2012 voluntatis
1513 1970 1744 2024 accipimus
1772 1972 1824 2012 ad
1855 1971 2129 2024 eligendum,
2149 1972 2218 2013 vel
2237 1972 2290 2013 ad

1256 2042 1559 2096 respuendum.
1588 2041 1639 2082 Et
1673 2042 1785 2084 istud
1819 2045 1881 2084 est
1910 2043 2144 2084 secundum
2175 2042 2289 2096 quod

1256 2113 1355 2154 dicit
1375 2116 1517 2154 actum
1540 2125 1815 2155 communem
1846 2113 2097 2164 voluntatis;
2123 2113 2194 2155 sed
2223 2127 2289 2156 50-

1256 2185 1444 2226 cundum
1464 2187 1607 2226 actum
1624 2185 1850 2238 specialem
1862 2217 1872 2235 ,
1896 2185 1970 2238 qui
1988 2189 2050 2226 est
2069 2185 2177 2227 velle
2193 2189 2287 2227 tan-

1256 2259 1371 2306 tum,
1398 2269 1485 2297 non
1511 2260 1708 2310 aequatur
1737 2269 1747 2298 :
1782 2257 1832 2298 de
1867 2256 1946 2298 isto
1971 2260 2033 2298 est
2064 2258 2286 2311 oppositio,

1257 2328 1470 2380 quomodo
1496 2328 1555 2369 sic
1573 2328 1682 2371 velle
1710 2340 1797 2369 non
1819 2329 2139 2382 comprehendit
2157 2332 2288 2370 totam

1257 2399 1522 2441 voluntatem
1536 2432 1547 2450 ,
1569 2400 1676 2441 sicut
1701 2399 1946 2441 meminisse
1966 2403 2098 2441 totam
2125 2414 2289 2442 memo-

1257 2471 1381 2524 riam,
1399 2475 1439 2513 et
1454 2472 1694 2525 intelligere
1709 2475 1842 2513 totam
1862 2472 2204 2525 intelligentiam.

1586 2643 1861 2694 QUAESTIO
1899 2643 1958 2686 II.

1260 2747 1322 2783 An
1342 2749 1461 2795 imayo
1488 2748 1699 2785 attendatur
1729 2751 1769 2785 z'n
1801 2750 1856 2785 his
1881 2749 2008 2786 iisdem
2030 2752 2208 2796 potentiis
2222 2760 2289 2798 per

1415 2810 1716 2855 comparationem
1736 2811 1896 2857 ipsarum
1916 2810 1964 2845 ad
1981 2811 2091 2845 Deum
2110 2811 2136 2844 ⁷.

1314 2904 1370 2946 De
1381 2906 1577 2959 potentiis
1595 2906 1641 2947 in
1661 2907 1973 2960 comparatione
1992 2906 2044 2948 ad
2057 2907 2286 2961 objectum,

1261 2979 1409 3018 utrum
1435 2978 1628 3019 videlicet
1645 2978 1885 3019 attendatur
1904 2979 2048 3031 imago
2066 2979 2111 3019 in
2130 2979 2190 3020 015
2214 2992 2290 3033 per

1261 3052 1621 3105 comparationem
1641 3053 1830 3106 ipsarum
1849 3053 1901 3093 ad
1922 3053 2058 3094 Deum
2081 3068 2089 3095 :
2110 3057 2150 3095 et
2167 3055 2288 3095 vide-

1261 3125 1332 3163 tur
1353 3123 1465 3176 quod
1484 3123 1570 3174 sic;
1595 3124 1696 3176 quia
1714 3136 1764 3164 00
1784 3127 1846 3164 051
1861 3124 2004 3165 anima
2023 3125 2181 3178 imago,
2204 3138 2289 3179 quo

1261 3207 1397 3247 capax
1416 3194 1491 3235 Dei
1518 3198 1601 3244 est,
1634 3197 1675 3235 et
1702 3195 1908 3249 particeps
1939 3208 2028 3237 esse
2058 3199 2214 3249 potest,
2242 3200 2291 3238 ut

1261 3317 1321 3348 lib.
1336 3318 1363 3348 X
1376 3341 1385 3357 ,
1408 3326 1438 3348 0.
1456 3325 1503 3357 xl,
1524 3326 1559 3349 n.
1580 3318 1629 3348 18.
1644 3334 1684 3339 —
1700 3317 1713 3338 ὃ
1731 3317 1903 3358 1111111010,
1924 3328 1955 3350 0.
1977 3317 2145 3350 Voluntas.
2158 3319 2221 3341 —7
2236 3318 2289 3358 Cf.

1261 3365 1427 3397 Doctores
1447 3365 1482 3395 in
1506 3364 1626 3395 iisdem
1645 3364 1752 3406 libris,
1769 3365 2017 3405 quaestionibus
2038 3369 2071 3398 et
2088 3365 2238 3398 articulis
2257 3366 2292 3396 in

1262 3412 1429 3453 superiori
1448 3412 1636 3453 quaestione
1653 3412 1776 3445 citatis.

1306 3483 1350 3525 ((1)
1381 3482 1504 3524 Supple
1531 3482 1614 3516 haec.
1634 3501 1676 3506 —
1704 3483 1744 3525 (h)
1768 3483 1863 3515 Edit.
1886 3483 1963 3515 Ven.
1994 3486 2071 3516 1753
2102 3484 2198 3516 habet
2219 3486 2293 3516 ten—

1261 3530 1430 3562 tationem
1449 3554 1460 3570 ,
1488 3530 1547 3562 sed
1585 3530 1746 3564 mendose.
1776 3549 1812 3554 —
1850 3531 1891 3572 (c)
1933 3531 2068 3563 Scilicet
2104 3531 2296 3573 intelligen-

1261 3578 1362 3611 tiam.

2332 2942 2446 2970 Funda-

2307 2988 2411 3012 menta.
