2613 3990
108 1638 187 1671 Quod

98 1681 190 1714 imago

87 1722 216 1755 aliquan-

72 1763 107 1789 do
135 1762 214 1788 dica-

89 1807 133 1829 tur
159 1811 201 1828 sc-

83 1845 207 1871 cundum

98 1893 190 1912 essen-

107 1928 183 1954 tiam.

94 2508 209 2537 Divisio.

222 243 299 280 454

979 235 1394 278 SENTENTIARUM
1422 237 1519 278 ΜΒ.
1551 237 1583 280 l.

219 344 262 372 se
286 328 458 372 dicitur.
479 327 629 386 Seipsa
647 328 764 371 enim
780 332 842 370 est
862 327 1052 385 sapiens,
1083 332 1124 370 et
1143 326 1223 370 1166
1243 332 1305 370 6ε1
1324 327 1417 386 ejus
1434 342 1522 372 esse
1537 329 1653 388 quod
1669 344 1815 389 sapere
1833 330 1974 374 :unde
1987 330 2114 374 Pater
2132 337 2172 375 et
2189 333 2330 377 Filius

221 407 351 449 simul
374 421 462 449 una
482 405 711 465 sapientia,
736 405 842 464 quia
862 418 951 447 una
978 404 1175 447 essentia.
1201 420 1222 444 »
1244 404 1381 458 Cave,
1406 405 1554 461 lector,
1581 407 1767 466 qualiter
1787 407 1866 450 1166
1891 407 2109 465 intelligas
2126 409 2243 468 quod
2263 410 2332 454 hic

219 483 322 527 dicit
342 483 633 539 Augustinus,
658 482 844 526 Videtur
864 481 979 525 enim
1009 481 1149 525 dicere
1169 481 1284 540 quod
1301 517 1311 536 ,
1336 497 1435 525 cum
1464 482 1622 527 dicitur
1640 493 1749 527 nata
1771 484 2009 543 sapientia,
2034 485 2095 528 ibi
2113 487 2333 545 sapientia

220 559 447 604 essentiam
469 559 697 617 significet,
725 563 765 601 et
783 566 892 600 nata
913 558 1167 602 relationem
1189 564 1321 602 notet.
1345 559 1468 610 Quod
1493 560 1527 602 si
1547 560 1607 603 ita
1626 567 1702 616 est,
1727 561 1923 618 cogimur
1943 561 2082 605 (licere
2104 564 2335 606 essentiam

219 637 414 681 divinam
435 653 523 681 esse
543 642 689 680 natam
713 653 722 678 ε
745 636 861 694 quod
877 636 1173 694 superioribus
1194 642 1420 696 repugnat.
1449 637 1529 680 Sed
1548 638 1600 681 ad
1621 638 1700 682 1166
1719 639 1903 682 dicimus
1924 640 2039 698 quod
2061 640 2105 683 in
2124 640 2276 695 altero,
2294 641 2336 683 id

221 721 306 771 est,
329 715 374 758 in
395 730 444 758 eo
463 715 580 774 quod
606 722 715 757 nata
737 719 820 768 est,
843 713 993 756 cadem
1017 714 1135 757 notio
1162 713 1452 771 intelligatur,
1475 730 1573 773 quae
1599 721 1774 760 notatur
1797 732 1896 760 cum
1924 717 2083 760 dicitur
2102 717 2277 761 verbum
2298 724 2339 761 et

221 793 384 850 imaqo.
417 793 467 835 In
489 792 623 835 altero
644 806 772 846 vero,
801 791 961 835 scilicet
983 791 1225 851 sapientia,
1254 790 1578 835 demonstratur
1604 794 1880 849 assentimid
1907 800 1990 849 est,
2017 795 2340 838 demonstratur

221 870 339 929 quod
357 869 494 912 Filius
515 869 569 911 sit
588 869 785 925 essentia,
809 869 912 928 quia
933 869 1143 928 sapientia
1162 868 1401 912 secundum
1423 869 1650 912 essentiam
1671 869 1843 914 dicitur,
1872 872 1925 915 Et
1945 871 2040 915 ideo
2059 887 2158 914 cum
2184 871 2342 915 dicitur

220 956 332 991 nata
351 947 586 1006 sapientia,
606 946 869 1003 intelligitur
885 946 1002 1005 quod
1024 947 1130 1004 ipse,
1148 946 1224 1005 qui
1239 951 1370 989 natus
1384 951 1461 1000 est,
1479 946 1665 989 essentia
1684 952 1760 990 est.
1779 947 1845 990 Ibi
1866 954 2008 992 tamen
2024 949 2235 1007 sapientia
2256 965 2343 993 non

222 1040 300 1084 pro
321 1024 520 1078 essentia,
547 1024 619 1067 sed
640 1039 717 1082 pro
738 1024 957 1082 hypostasi
976 1023 1077 1066 facit
1096 1023 1450 1079 intelligentiam,
1474 1029 1538 1078 ut,
1561 1024 1670 1067 sicut
1691 1025 1867 1083 quando
1887 1026 2044 1069 dicitur
2074 1027 2254 1070 Verbum
2276 1028 2344 1070 vel

223 1102 378 1155 Filius,
395 1101 657 1158 intelligitur
676 1100 918 1160 hypostasis
935 1115 1034 1144 611111
1054 1116 1133 1143 sua
1151 1100 1412 1159 proprietate
1429 1117 1437 1155 ;
1457 1101 1532 1158 116,
1555 1116 1654 1143 611111
1674 1101 1831 1145 dicitur
1849 1111 1959 1146 nata
1973 1104 2206 1163 sapientia,
2231 1104 2344 1147 idem

226 1178 502 1236 intelligitur,
526 1178 569 1221 id
590 1183 672 1232 est,
696 1179 842 1236 genita
867 1178 1124 1237 hypostasis
1153 1178 1254 1221 Ideo
1283 1178 1517 1235 vigilanter
1547 1178 1607 1221 ait
1635 1179 1747 1221 idem
1771 1195 1859 1223 esse
1890 1181 2226 1239 intelligendum
2247 1197 2345 1226 cum

226 1256 384 1300 dicitur
403 1256 595 1310 verbum,
611 1262 762 1301 etcum
776 1257 936 1300 dicitur
948 1265 1058 1300 nata
1074 1256 1309 1315 sapientia,
1328 1256 1372 1299 id
1390 1261 1467 1311 est,
1485 1256 1634 1299 eadem
1650 1256 1819 1311 relatio,
1837 1257 2074 1317 eademque
2088 1259 2345 1318 hypostasiS,

227 1334 297 1377 6111
317 1335 428 1378 inest
455 1334 533 1378 illa
561 1335 813 1394 proprietas,
844 1335 899 1378 Et
925 1349 978 1378 ex
1004 1334 1083 1378 1166
1111 1334 1345 1393 adjuvatur
1370 1333 1483 1377 illud
1512 1334 1630 1392 quod
1657 1334 1888 1393 superius¹
1915 1334 2130 1391 diximus,
2153 1337 2314 1381 scilicet
2338 1355 2346 1380 :

228 1413 339 1457 Cum
374 1412 533 1456 dicitur
561 1412 705 1468 Pater,
739 1413 808 1456 vel
845 1412 985 1456 Filius
1003 1447 1012 1467 ‚
1048 1412 1117 1455 vel
1149 1411 1338 1471 Spiritus
1373 1416 1546 1454 sanctus
1562 1446 1572 1466 ,
1608 1426 1696 1454 non
1735 1417 1905 1455 tantum
1942 1412 2029 1456 illae
2071 1415 2352 1472 proprietates

230 1491 548 1548 significantur,
576 1496 625 1533 ut
642 1505 742 1534 611111
762 1490 922 1534 dicitur
942 1490 1200 1548 paternitas,
1223 1488 1394 1544 filiatio,
1418 1489 1490 1533 sed
1511 1489 1641 1532 etiam
1664 1488 1913 1548 hypostases
1932 1505 2032 1533 611111
2054 1490 2143 1533 ε111ε
2162 1492 2354 1551 proprie-

231 1569 408 1613 tatibus.

291 1646 407 1689 Illud
428 1646 545 1690 enim
565 1645 662 1689 sciri
686 1650 869 1705 oportet,
893 1645 1019 1704 quia,
1042 1660 1142 1688 cum
1172 1660 1304 1704 supra
1324 1645 1487 1688 dictum
1507 1645 1561 1688 sit
1585 1645 1819 1702 imaginem
1841 1645 2021 1688 relative
2045 1645 2128 1688 dici
2149 1645 2201 1689 de
2224 1646 2353 1702 Filio,

235 1725 344 1769 sicut
364 1724 560 1768 Verbum
574 1758 585 1778 ,
607 1723 677 1766 vel
701 1723 863 1776 Filius,
892 1722 1114 1766 interdum
1136 1727 1281 1766 tamen
1302 1723 1516 1781 reperitur
1536 1722 1776 1766 secundum
1797 1722 2082 1766 substantiam
2108 1723 2207 1766 dici.
2232 1724 2357 1767 Unde

236 1801 511 1859 Augustinus
526 1808 538 1829 ²
551 1800 598 1844 in
617 1800 729 1844 libro
750 1800 802 1843 (le
816 1799 924 1843 Fide
938 1799 998 1842 ad
1013 1802 1194 1842 Petrum
1208 1800 1326 1855 dicit,
1344 1800 1461 1858 quod
1483 1815 1570 1842 una
1589 1805 1650 1843 est
1667 1807 1822 1842 sanctae
1835 1799 2060 1842 Trinitatis
2076 1800 2358 1845 essentialiter

238 1879 460 1933 divinitas,
483 1883 524 1921 et
543 1878 687 1935 imago
708 1877 761 1921 ad
781 1893 913 1936 quam
933 1877 1070 1920 factus
1090 1883 1152 1920 est
1171 1877 1316 1921 homo.
1340 1877 1536 1920 Hilarius
1557 1877 1686 1920 etiam
1707 1877 1753 1919 in
1768 1877 1920 1935 quinto
1939 1877 2050 1920 libro
2071 1877 2122 1921 (le
2146 1878 2360 1922 Trinitate

236 1957 296 2000 ait
316 1959 328 1979 ³
354 1972 362 1998 :
392 1955 574 1999 «Homo
594 1955 644 1999 fit
662 1955 716 1998 ad
741 1969 1020 1998 communem
1049 1955 1302 2012 imaginem.
1325 1954 1495 1998 Nomen
1522 1970 1610 1998 non
1637 1955 1872 2013 discrepat,
1900 1960 2057 1998 natura
2083 1970 2171 1999 non
2196 1955 2354 1999 differt.

241 2033 334 2077 Una
353 2040 416 2076 est
435 2033 569 2088 enim,
591 2033 645 2076 ad
659 2048 792 2092 quam
813 2033 943 2076 homo
964 2037 1133 2076 creatus
1153 2037 1230 2088 est,
1249 2032 1423 2092 species.
1447 2050 1468 2074 >³
1495 2033 1559 2076 Ex
1575 2032 1642 2075 his
1658 2032 1802 2075 verbis
1820 2032 2064 2075 ostenditur
2077 2033 2194 2091 quod
2215 2033 2358 2092 imago

237 2111 473 2171 aliquando
493 2111 686 2155 essentiae
705 2111 1042 2168 intelligentiam
1062 2111 1163 2154 facit
1187 2127 1195 2154 :
1220 2116 1260 2154 et
1281 2117 1383 2154 111116
1404 2111 1457 2155 6(1
1477 2126 1520 2155 se
1539 2111 1714 2166 dicitur,
1737 2116 1777 2154 et
1795 2126 1883 2154 non
1904 2110 2097 2154 relative.

490 2260 763 2303 EXPOSITIO
793 2260 1008 2302 TEXTUS.

238 2382 407 2412 Praeterea
426 2380 635 2413 considerari
655 2383 805 2422 oportet,
827 2381 917 2422 quod
938 2390 1007 2413 11611
1026 2383 1176 2423 tantum,
1199 2384 1263 2413 etc.

293 2480 431 2534 Supra
441 2481 531 2533 egit
547 2480 744 2533 Magister
761 2480 810 2521 de
825 2480 1152 2533 proprietatibus
1167 2492 1264 2533 quae

240 2559 339 2598 sunt
355 2565 633 2610 personarum
651 2585 661 2604 ,
683 2554 723 2593 et
742 2551 1005 2605 personales3
1027 2551 1096 2592 hic
1115 2551 1266 2605 incipit

240 2627 423 2670 secunda
443 2638 555 2680 parS,
571 2625 615 2664 in
633 2636 719 2678 qua
738 2624 827 2676 agit
845 2623 895 2664 de
914 2623 1239 2677 proprietatibus
1255 2656 1265 2674 ‚

241 2701 329 2741 sive
349 2697 636 2747 relationibus,
660 2708 748 2736 non
767 2695 1072 2748 personalibus.
1094 2695 1144 2736 Et
1160 2695 1266 2737 divi-

242 2772 353 2814 ditur
370 2771 463 2811 haec
483 2781 579 2822 pars
600 2768 645 2808 in
665 2767 783 2818 duas,
805 2767 905 2820 quia
922 2766 1155 2819 proprietas
1174 2779 1262 2807 non

243 2841 474 2898 personalis
493 2843 554 2881 est
569 2839 739 2892 duplex,
763 2838 918 2878 scilicet
937 2837 1240 2879 innascibilitas
1254 2871 1264 2890 ,

244 2918 285 2957 et
315 2912 554 2955 communis
586 2911 759 2964 spiratio
789 2925 797 2951 ε
835 2923 932 2963 quae
971 2910 1270 2962 significantur

245 3000 320 3042 per
332 2987 413 3027 1166
427 2997 598 3033 116111611,
610 2984 892 3037 principium.
916 2983 1011 3024 Ideo
1026 2985 1162 3036 primo
1179 2985 1270 3037 agit

247 3061 297 3102 de
312 3057 632 3099 innascibilitate
646 3070 655 3107 3
672 3055 869 3106 secundo,
884 3055 934 3096 de
949 3056 1166 3096 communi
1181 3056 1269 3109 spi-

247 3131 424 3179 ratione,
446 3129 580 3179 insra,
602 3128 782 3169 distinct.
802 3140 908 3168 xxm
933 3142 942 3168 ε
973 3128 1048 3169 Est
1066 3132 1273 3180 prseterea

250 3202 371 3246 aliud
388 3212 554 3251 nomen,
575 3203 651 3241 ete.
671 3200 813 3240 Prima
831 3212 928 3253 pars
945 3199 1071 3240 habet
1083 3200 1188 3241 duas
1203 3214 1210 3240 :
1228 3200 1273 3240 in

251 3274 389 3328 prima
407 3271 658 3314 determinat.
676 3271 726 3311 de
740 3271 991 3323 proprietate
1010 3271 1273 3311 innascibili-

252 3347 371 3396 tatis3
395 3346 438 3385 in
457 3342 654 3393 secunda,
676 3343 778 3394 quia
798 3343 987 3395 opposita
1005 3343 1116 3383 circa
1139 3355 1274 3396 oppo-

254 3419 331 3459 sita
345 3417 500 3458 clarius
519 3415 781 3463 elucescunt,
805 3414 941 3466 tangit
965 3414 1196 3455 incidenter
1225 3415 1275 3455 (16

255 3489 508 3544 proprietate
526 3485 858 3527 innascibilitatis
871 3518 881 3532 ,
899 3488 939 3526 et
957 3486 1168 3526 nascibilis
1185 3518 1194 3537 ,
1212 3486 1278 3526 in·-

302 3575 310 3596 ¹
327 3573 409 3605 Dist.
429 3579 539 3605 xxvii.
556 3589 596 3595 —-
616 3572 630 3593 2
647 3572 801 3613 August„
815 3570 884 3602 imo
903 3569 1070 3611 Fulgent„
1085 3570 1123 3602 cle
1138 3570 1220 3602 Fide
1236 3571 1281 3602 acl

1339 2262 1415 2313 fra,
1450 2262 1713 2303 distinctione
1742 2263 1919 2303 eadem:
1950 2261 2174 2304 Sciendum
2203 2273 2362 2316 quoque

1341 2338 1400 2378 est
1420 2336 1545 2388 quod,
1562 2337 1672 2378 Sicut
1686 2334 1837 2378 Filius.
1852 2334 1955 2375 Item
1975 2334 2114 2388 prima
2131 2348 2226 2388 pars
2238 2335 2365 2377 habet

1342 2411 1524 2462 quatuor
1555 2410 1708 2461 partes.
1735 2407 1783 2448 In
1809 2408 1946 2461 prima
1970 2407 2149 2448 ostendit
2181 2408 2282 2460 quid
2313 2409 2367 2449 sit

1343 2480 1630 2533 significatum
1661 2480 1791 2533 hujus
1816 2480 2024 2531 nominis,
2045 2481 2288 2532 inqenitus,
2320 2479 2366 2519 in

1343 2566 1385 2593 se
1396 2567 1405 2602 ;
1430 2552 1651 2593 ostendens
1680 2552 1794 2605 quod
1823 2552 1874 2592 sit
1917 2551 2140 2605 proprium
2175 2562 2365 2604 personae

1343 2624 1492 2674 Patris,
1514 2627 1553 2664 61
1572 2623 1767 2664 differens
1796 2636 1820 2664 a
1844 2624 2092 2677 paternitate
2107 2655 2116 2673 ‚
2140 2626 2181 2663 et
2207 2623 2365 2664 dictum

1344 2695 1579 2737 secundum
1606 2695 1867 2736 relationem.
1899 2694 2092 2736 Secundo
2117 2693 2369 2735 determinat

1345 2769 1375 2808 si
1382 2767 1698 2821 gnificationem
1718 2767 1762 2807 in
1783 2767 2085 2820 aequipollenti,
2106 2766 2212 2807 sicut
2228 2766 2271 2805 in
2288 2765 2370 2806 1166

1345 2840 1531 2891 1161111116,
1553 2851 1638 2882 non
1652 2840 1838 2893 96711163,
1860 2842 1899 2879 61
1918 2839 1961 2879 111
1980 2839 2060 2880 1166
2079 2838 2266 2888 1161111116,
2293 2839 2369 2879 in·-

1345 2912 1583 2962 mtscibz'lz's,
1604 2911 1661 2950 ibi
1680 2926 1688 2951 :
1712 2910 1806 2953 [cleo
1820 2911 1921 2953 solet
1936 2911 2072 2964 quseri‘
2088 2913 2245 2959 utrum,
2260 2910 2371 2951 sicut

1346 2984 1475 3035 solus,
1493 2986 1588 3034 etc.;
1614 2983 1853 3036 adjungens
1872 2994 1968 3036 quas
1989 2981 2041 3022 sit
2058 2980 2290 3035 proprietas
2311 2993 2372 3021 se-

1347 3056 1535 3097 cundum
1555 3067 1685 3108 quam
1706 3055 1826 3095 Pater
1845 3055 1995 3095 dicitur
2016 3053 2232 3105 ingenitus
2247 3084 2256 3101 ,
2275 3052 2331 3092 ibi
2359 3066 2368 3093 :

1348 3129 1395 3169 Si·
1414 3132 1552 3169 autem
1571 3127 1638 3168 vis·
1660 3127 1781 3168 scire.
1805 3125 1942 3166 Tertio
1963 3123 2215 3166 determinat
2240 3123 2373 3176 hujus

1349 3199 1531 3241 nominis
1544 3211 1685 3247 usum,
1696 3198 1918 3239 ostendens
1934 3196 2060 3250 quod,
2072 3196 2270 3248 quamvis
2284 3207 2372 3236 non

1349 3272 1501 3312 habeat
1517 3273 1658 3311 ortum
1672 3283 1725 3311 ex
1746 3269 1975 3322 Scriptura,
1991 3267 2105 3320 quod
2122 3269 2264 3307 tamen
2275 3267 2374 3307 licet

1351 3356 1400 3384 eo
1432 3343 1508 3393 uti,
1531 3342 1726 3394 quamvis
1746 3339 1994 3382 Ambrosius
2011 3339 2205 3379 videatur
2234 3338 2374 3378 dicere

1352 3414 1629 3464 eontrarium;
1650 3413 1730 3454 1166
1747 3412 1860 3454 6111111
1878 3410 1974 3452 facit
1993 3410 2044 3451 ad
2063 3409 2374 3463 reprehenden-

1353 3524 1498 3563 Petrum,
1520 3532 1549 3553 6.
1577 3529 1609 3563 1,
1625 3522 1736 3563 quoad
1762 3529 1910 3553 sensum.
1934 3537 1967 3541 —
1995 3519 2008 3540 3
2030 3518 2147 3560 111161.,
2175 3517 2213 3549 cle
2241 3516 2375 3556 Trinit„

1353 3571 1409 3602 lib.
1437 3571 1478 3611 V,
1507 3570 1595 3602 eirea
1614 3569 1757 3611 princip.
