<?xml version="1.0" encoding="UTF-8"?>
<!DOCTYPE html PUBLIC "-//W3C//DTD XHTML 1.0 Transitional//EN"
    "http://www.w3.org/TR/xhtml1/DTD/xhtml1-transitional.dtd">
<html xmlns="http://www.w3.org/1999/xhtml" xml:lang="en" lang="en">
 <head>
  <title>
</title>
<meta http-equiv="Content-Type" content="text/html;charset=utf-8" />
  <meta name='ocr-system' content='tesseract 3.04.00' />
  <meta name='ocr-capabilities' content='ocr_page ocr_carea ocr_par ocr_line ocrx_word'/>
</head>
<body>
  <div class='ocr_page' id='page_1' title='image "./operaomniasixtiv01bonauoft/operaomniasixtiv01bonauoft_0180.png"; bbox 0 0 2613 3990; ppageno 0'>
   <div class='ocr_carea' id='block_1_1' title="bbox 254 239 1619 286">
    <p class='ocr_par' dir='ltr' id='par_1_1' title="bbox 254 239 1619 286">
     <span class='ocr_line' id='line_1_1' title="bbox 254 239 1619 286; baseline -0.001 -2"><span class='ocrx_word' id='word_1_1' title='bbox 254 248 307 286; x_wconf 58' lang='lat'>8¹4</span> <span class='ocrx_word' id='word_1_2' title='bbox 1017 239 1430 283; x_wconf 71' lang='lat' dir='ltr'>SENTENTIARUM</span> <span class='ocrx_word' id='word_1_3' title='bbox 1457 242 1555 284; x_wconf 90' lang='lat' dir='ltr'>LlB.</span> <span class='ocrx_word' id='word_1_4' title='bbox 1590 243 1619 283; x_wconf 93' lang='grc'>1.</span> 
     </span>
    </p>
   </div>
   <div class='ocr_carea' id='block_1_2' title="bbox 251 330 1290 3385">
    <p class='ocr_par' dir='ltr' id='par_1_2' title="bbox 251 330 1280 943">
     <span class='ocr_line' id='line_1_2' title="bbox 253 330 1277 387; baseline -0.005 -12"><span class='ocrx_word' id='word_1_5' title='bbox 253 336 354 375; x_wconf 81' lang='lat' dir='ltr'>nino</span> <span class='ocrx_word' id='word_1_6' title='bbox 374 336 481 375; x_wconf 87' lang='lat' dir='ltr'>esset</span> <span class='ocrx_word' id='word_1_7' title='bbox 494 333 747 387; x_wconf 82' lang='lat' dir='ltr'>principium</span> <span class='ocrx_word' id='word_1_8' title='bbox 766 331 1024 385; x_wconf 79' lang='lat' dir='ltr'>proximum,</span> <span class='ocrx_word' id='word_1_9' title='bbox 1048 335 1147 372; x_wconf 79' lang='lat' dir='ltr'>tunc</span> <span class='ocrx_word' id='word_1_10' title='bbox 1167 330 1277 370; x_wconf 81' lang='lat' dir='ltr'>idem</span> 
     </span>
     <span class='ocr_line' id='line_1_3' title="bbox 253 401 1278 457; baseline -0.006 -11"><span class='ocrx_word' id='word_1_11' title='bbox 253 409 360 446; x_wconf 85' lang='lat' dir='ltr'>esset</span> <span class='ocrx_word' id='word_1_12' title='bbox 378 405 422 446; x_wconf 91' lang='lat' dir='ltr'>in</span> <span class='ocrx_word' id='word_1_13' title='bbox 442 418 484 446; x_wconf 88' lang='lat' dir='ltr'>re</span> <span class='ocrx_word' id='word_1_14' title='bbox 504 417 591 447; x_wconf 89' lang='lat' dir='ltr'>esse</span> <span class='ocrx_word' id='word_1_15' title='bbox 610 408 650 445; x_wconf 86' lang='lat' dir='ltr'>et</span> <span class='ocrx_word' id='word_1_16' title='bbox 668 403 845 457; x_wconf 83' lang='lat' dir='ltr'>operari.</span> <span class='ocrx_word' id='word_1_17' title='bbox 875 402 1089 450; x_wconf 78' lang='lat' dir='ltr'>Similiter,</span> <span class='ocrx_word' id='word_1_18' title='bbox 1111 402 1143 441; x_wconf 92' lang='lat' dir='ltr'>si</span> <span class='ocrx_word' id='word_1_19' title='bbox 1166 401 1278 441; x_wconf 79' lang='lat' dir='ltr'>idem</span> 
     </span>
     <span class='ocr_line' id='line_1_4' title="bbox 252 474 1278 530; baseline -0.006 -13"><span class='ocrx_word' id='word_1_20' title='bbox 252 480 359 518; x_wconf 85' lang='lat' dir='ltr'>esset</span> <span class='ocrx_word' id='word_1_21' title='bbox 379 476 635 530; x_wconf 84' lang='lat' dir='ltr'>principium</span> <span class='ocrx_word' id='word_1_22' title='bbox 654 474 914 528; x_wconf 78' lang='lat' dir='ltr'>proximum,</span> <span class='ocrx_word' id='word_1_23' title='bbox 943 486 1042 514; x_wconf 89' lang='lat' dir='ltr'>cum</span> <span class='ocrx_word' id='word_1_24' title='bbox 1072 486 1137 513; x_wconf 89' lang='lat' dir='ltr'>res</span> <span class='ocrx_word' id='word_1_25' title='bbox 1165 484 1278 512; x_wconf 89' lang='lat' dir='ltr'>sem-</span> 
     </span>
     <span class='ocr_line' id='line_1_5' title="bbox 252 542 1275 600; baseline -0.006 -12"><span class='ocrx_word' id='word_1_26' title='bbox 252 560 328 600; x_wconf 92' lang='lat' dir='ltr'>per</span> <span class='ocrx_word' id='word_1_27' title='bbox 354 548 505 588; x_wconf 83' lang='lat' dir='ltr'>habeat</span> <span class='ocrx_word' id='word_1_28' title='bbox 539 558 626 587; x_wconf 80' lang='lat' dir='ltr'>esse</span> <span class='ocrx_word' id='word_1_29' title='bbox 642 578 652 596; x_wconf 81' lang='lat'>,</span> <span class='ocrx_word' id='word_1_30' title='bbox 687 556 852 597; x_wconf 76' lang='lat' dir='ltr'>semper</span> <span class='ocrx_word' id='word_1_31' title='bbox 883 544 1056 585; x_wconf 86' lang='lat' dir='ltr'>haberet</span> <span class='ocrx_word' id='word_1_32' title='bbox 1096 542 1275 595; x_wconf 84' lang='lat' dir='ltr'>operari.</span> 
     </span>
     <span class='ocr_line' id='line_1_6' title="bbox 253 615 1279 670; baseline -0.007 -10"><span class='ocrx_word' id='word_1_33' title='bbox 253 618 362 668; x_wconf 81' lang='lat' dir='ltr'>Quia</span> <span class='ocrx_word' id='word_1_34' title='bbox 381 631 483 670; x_wconf 87' lang='lat' dir='ltr'>ergo</span> <span class='ocrx_word' id='word_1_35' title='bbox 504 618 639 658; x_wconf 81' lang='lat' dir='ltr'>forma</span> <span class='ocrx_word' id='word_1_36' title='bbox 662 616 760 657; x_wconf 84' lang='lat' dir='ltr'>dicit</span> <span class='ocrx_word' id='word_1_37' title='bbox 791 615 1037 668; x_wconf 75' lang='lat' dir='ltr'>proximum</span> <span class='ocrx_word' id='word_1_38' title='bbox 1068 618 1108 655; x_wconf 91' lang='lat' dir='ltr'>et</span> <span class='ocrx_word' id='word_1_39' title='bbox 1126 615 1279 654; x_wconf 90' lang='lat' dir='ltr'>imme-</span> 
     </span>
     <span class='ocr_line' id='line_1_7' title="bbox 251 686 1279 741; baseline -0.006 -11"><span class='ocrx_word' id='word_1_40' title='bbox 251 689 413 730; x_wconf 88' lang='lat' dir='ltr'>diatum</span> <span class='ocrx_word' id='word_1_41' title='bbox 448 687 704 741; x_wconf 75' lang='lat' dir='ltr'>principium</span> <span class='ocrx_word' id='word_1_42' title='bbox 738 686 916 734; x_wconf 85' lang='lat' dir='ltr'>essendi,</span> <span class='ocrx_word' id='word_1_43' title='bbox 953 686 1138 739; x_wconf 82' lang='lat' dir='ltr'>potentia</span> <span class='ocrx_word' id='word_1_44' title='bbox 1177 695 1279 726; x_wconf 89' lang='lat' dir='ltr'>vero</span> 
     </span>
     <span class='ocr_line' id='line_1_8' title="bbox 251 756 1279 813; baseline -0.005 -13"><span class='ocrx_word' id='word_1_45' title='bbox 251 760 496 813; x_wconf 79' lang='lat' dir='ltr'>proximum</span> <span class='ocrx_word' id='word_1_46' title='bbox 516 762 556 799; x_wconf 87' lang='lat' dir='ltr'>et</span> <span class='ocrx_word' id='word_1_47' title='bbox 571 757 864 798; x_wconf 81' lang='lat' dir='ltr'>immediatum</span> <span class='ocrx_word' id='word_1_48' title='bbox 892 756 1148 809; x_wconf 87' lang='lat' dir='ltr'>principium</span> <span class='ocrx_word' id='word_1_49' title='bbox 1176 768 1279 809; x_wconf 87' lang='lat' dir='ltr'>ope-</span> 
     </span>
     <span class='ocr_line' id='line_1_9' title="bbox 252 828 1280 883; baseline -0.002 -13"><span class='ocrx_word' id='word_1_50' title='bbox 252 831 388 879; x_wconf 87' lang='lat' dir='ltr'>randi,</span> <span class='ocrx_word' id='word_1_51' title='bbox 416 833 527 883; x_wconf 85' lang='lat' dir='ltr'>patet</span> <span class='ocrx_word' id='word_1_52' title='bbox 551 829 665 882; x_wconf 84' lang='lat' dir='ltr'>quod</span> <span class='ocrx_word' id='word_1_53' title='bbox 695 828 950 881; x_wconf 89' lang='lat' dir='ltr'>impossibile</span> <span class='ocrx_word' id='word_1_54' title='bbox 981 832 1041 868; x_wconf 91' lang='lat' dir='ltr'>est</span> <span class='ocrx_word' id='word_1_55' title='bbox 1070 840 1158 869; x_wconf 81' lang='lat' dir='ltr'>esse</span> <span class='ocrx_word' id='word_1_56' title='bbox 1188 839 1280 869; x_wconf 86' lang='lat' dir='ltr'>om-</span> 
     </span>
     <span class='ocr_line' id='line_1_10' title="bbox 252 901 499 943; baseline -0.004 -1"><span class='ocrx_word' id='word_1_57' title='bbox 252 903 353 943; x_wconf 91' lang='lat' dir='ltr'>nino</span> <span class='ocrx_word' id='word_1_58' title='bbox 373 901 499 942; x_wconf 89' lang='lat' dir='ltr'>idem.</span> 
     </span>
    </p>

    <p class='ocr_par' dir='ltr' id='par_1_3' title="bbox 251 971 1286 2096">
     <span class='ocr_line' id='line_1_11' title="bbox 305 971 1281 1025; baseline -0.002 -13"><span class='ocrx_word' id='word_1_59' title='bbox 305 976 345 1013; x_wconf 73' lang='lat'>4.</span> <span class='ocrx_word' id='word_1_60' title='bbox 364 972 428 1013; x_wconf 88' lang='lat' dir='ltr'>Ad</span> <span class='ocrx_word' id='word_1_61' title='bbox 448 972 562 1013; x_wconf 87' lang='lat' dir='ltr'>aliud</span> <span class='ocrx_word' id='word_1_62' title='bbox 582 972 695 1025; x_wconf 90' lang='lat' dir='ltr'>quod</span> <span class='ocrx_word' id='word_1_63' title='bbox 708 972 904 1025; x_wconf 87' lang='lat' dir='ltr'>objicitur</span> <span class='ocrx_word' id='word_1_64' title='bbox 924 971 974 1012; x_wconf 87' lang='lat' dir='ltr'>de</span> <span class='ocrx_word' id='word_1_65' title='bbox 989 971 1174 1024; x_wconf 87' lang='lat' dir='ltr'>potentia</span> <span class='ocrx_word' id='word_1_66' title='bbox 1193 982 1281 1011; x_wconf 89' lang='lat' dir='ltr'>ma-</span> 
     </span>
     <span class='ocr_line' id='line_1_12' title="bbox 252 1042 1283 1096; baseline -0.003 -12"><span class='ocrx_word' id='word_1_67' title='bbox 252 1044 395 1093; x_wconf 76' lang='lat' dir='ltr'>teriae3</span> <span class='ocrx_word' id='word_1_68' title='bbox 418 1043 660 1094; x_wconf 89' lang='lat' dir='ltr'>dicendum,</span> <span class='ocrx_word' id='word_1_69' title='bbox 683 1043 793 1096; x_wconf 88' lang='lat' dir='ltr'>quod</span> <span class='ocrx_word' id='word_1_70' title='bbox 817 1042 994 1083; x_wconf 83' lang='lat' dir='ltr'>materia</span> <span class='ocrx_word' id='word_1_71' title='bbox 1013 1054 1099 1082; x_wconf 87' lang='lat' dir='ltr'>non</span> <span class='ocrx_word' id='word_1_72' title='bbox 1125 1044 1186 1082; x_wconf 91' lang='lat' dir='ltr'>est</span> <span class='ocrx_word' id='word_1_73' title='bbox 1205 1054 1283 1082; x_wconf 87' lang='lat' dir='ltr'>sua</span> 
     </span>
     <span class='ocr_line' id='line_1_13' title="bbox 252 1114 1281 1168; baseline -0.002 -12"><span class='ocrx_word' id='word_1_74' title='bbox 252 1115 436 1168; x_wconf 83' lang='lat' dir='ltr'>potentia</span> <span class='ocrx_word' id='word_1_75' title='bbox 456 1127 530 1168; x_wconf 88' lang='lat' dir='ltr'>per</span> <span class='ocrx_word' id='word_1_76' title='bbox 541 1115 779 1165; x_wconf 75' lang='lat' dir='ltr'>essentiam,</span> <span class='ocrx_word' id='word_1_77' title='bbox 796 1114 997 1168; x_wconf 87' lang='lat' dir='ltr'>quoniam</span> <span class='ocrx_word' id='word_1_78' title='bbox 1012 1126 1096 1154; x_wconf 85' lang='lat' dir='ltr'>non</span> <span class='ocrx_word' id='word_1_79' title='bbox 1115 1116 1177 1154; x_wconf 91' lang='lat' dir='ltr'>est</span> <span class='ocrx_word' id='word_1_80' title='bbox 1193 1114 1281 1166; x_wconf 82' lang='lat' dir='ltr'>ipsa</span> 
     </span>
     <span class='ocr_line' id='line_1_14' title="bbox 251 1185 1283 1238; baseline -0.005 -9"><span class='ocrx_word' id='word_1_81' title='bbox 251 1187 459 1229; x_wconf 87' lang='lat' dir='ltr'>ordinatio</span> <span class='ocrx_word' id='word_1_82' title='bbox 478 1187 530 1228; x_wconf 85' lang='lat' dir='ltr'>ad</span> <span class='ocrx_word' id='word_1_83' title='bbox 550 1188 731 1228; x_wconf 87' lang='lat' dir='ltr'>formam</span> <span class='ocrx_word' id='word_1_84' title='bbox 754 1201 762 1227; x_wconf 90' lang='lat'>:</span> <span class='ocrx_word' id='word_1_85' title='bbox 788 1190 849 1227; x_wconf 90' lang='lat' dir='ltr'>est</span> <span class='ocrx_word' id='word_1_86' title='bbox 866 1190 1006 1226; x_wconf 88' lang='lat' dir='ltr'>tamen</span> <span class='ocrx_word' id='word_1_87' title='bbox 1026 1185 1116 1237; x_wconf 89' lang='lat' dir='ltr'>ipsa</span> <span class='ocrx_word' id='word_1_88' title='bbox 1133 1187 1283 1238; x_wconf 84' lang='lat' dir='ltr'>poten-</span> 
     </span>
     <span class='ocr_line' id='line_1_15' title="bbox 251 1256 1284 1311; baseline -0.004 -12"><span class='ocrx_word' id='word_1_89' title='bbox 251 1260 310 1300; x_wconf 88' lang='lat' dir='ltr'>tia</span> <span class='ocrx_word' id='word_1_90' title='bbox 335 1259 523 1299; x_wconf 62' lang='lat' dir='ltr'>materiae</span> <span class='ocrx_word' id='word_1_91' title='bbox 558 1258 788 1299; x_wconf 87' lang='lat' dir='ltr'>essentialis</span> <span class='ocrx_word' id='word_1_92' title='bbox 822 1258 901 1311; x_wconf 91' lang='lat' dir='ltr'>ipsi</span> <span class='ocrx_word' id='word_1_93' title='bbox 936 1256 1139 1308; x_wconf 62' lang='lat' dir='ltr'>materiae,</span> <span class='ocrx_word' id='word_1_94' title='bbox 1175 1257 1284 1296; x_wconf 86' lang='lat' dir='ltr'>sicut</span> 
     </span>
     <span class='ocr_line' id='line_1_16' title="bbox 251 1328 1283 1384; baseline -0.003 -13"><span class='ocrx_word' id='word_1_95' title='bbox 251 1331 438 1384; x_wconf 86' lang='lat' dir='ltr'>potentia</span> <span class='ocrx_word' id='word_1_96' title='bbox 475 1330 613 1370; x_wconf 86' lang='lat' dir='ltr'>activa</span> <span class='ocrx_word' id='word_1_97' title='bbox 649 1329 729 1382; x_wconf 88' lang='lat' dir='ltr'>ipsi</span> <span class='ocrx_word' id='word_1_98' title='bbox 765 1329 1035 1379; x_wconf 72' lang='lat' dir='ltr'>substantia-33</span> <span class='ocrx_word' id='word_1_99' title='bbox 1067 1331 1108 1368; x_wconf 82' lang='lat' dir='ltr'>et</span> <span class='ocrx_word' id='word_1_100' title='bbox 1139 1328 1283 1368; x_wconf 90' lang='lat' dir='ltr'>minus</span> 
     </span>
     <span class='ocr_line' id='line_1_17' title="bbox 252 1400 1284 1455; baseline -0.002 -13"><span class='ocrx_word' id='word_1_101' title='bbox 252 1402 424 1455; x_wconf 89' lang='lat' dir='ltr'>quidem</span> <span class='ocrx_word' id='word_1_102' title='bbox 439 1401 664 1453; x_wconf 79' lang='lat' dir='ltr'>elongatur</span> <span class='ocrx_word' id='word_1_103' title='bbox 684 1401 871 1454; x_wconf 86' lang='lat' dir='ltr'>potentia</span> <span class='ocrx_word' id='word_1_104' title='bbox 890 1400 1078 1441; x_wconf 78' lang='lat' dir='ltr'>materiae</span> <span class='ocrx_word' id='word_1_105' title='bbox 1103 1412 1128 1440; x_wconf 92' lang='lat' dir='ltr'>a</span> <span class='ocrx_word' id='word_1_106' title='bbox 1149 1402 1284 1440; x_wconf 86' lang='lat' dir='ltr'>mate-</span> 
     </span>
     <span class='ocr_line' id='line_1_18' title="bbox 252 1472 1284 1526; baseline -0.003 -12"><span class='ocrx_word' id='word_1_107' title='bbox 252 1473 329 1522; x_wconf 85' lang='lat' dir='ltr'>ria,</span> <span class='ocrx_word' id='word_1_108' title='bbox 345 1485 476 1526; x_wconf 87' lang='lat' dir='ltr'>quam</span> <span class='ocrx_word' id='word_1_109' title='bbox 499 1473 685 1526; x_wconf 86' lang='lat' dir='ltr'>potentia</span> <span class='ocrx_word' id='word_1_110' title='bbox 702 1473 839 1513; x_wconf 86' lang='lat' dir='ltr'>activa</span> <span class='ocrx_word' id='word_1_111' title='bbox 857 1485 882 1513; x_wconf 93' lang='lat' dir='ltr'>a</span> <span class='ocrx_word' id='word_1_112' title='bbox 900 1472 1136 1513; x_wconf 84' lang='lat' dir='ltr'>substantia</span> <span class='ocrx_word' id='word_1_113' title='bbox 1154 1487 1161 1512; x_wconf 92' lang='lat'><strong>:</strong></span> <span class='ocrx_word' id='word_1_114' title='bbox 1180 1483 1284 1524; x_wconf 88' lang='lat' dir='ltr'>quo-</span> 
     </span>
     <span class='ocr_line' id='line_1_19' title="bbox 251 1543 1278 1598; baseline 0 -14"><span class='ocrx_word' id='word_1_115' title='bbox 251 1545 369 1584; x_wconf 87' lang='lat' dir='ltr'>niam</span> <span class='ocrx_word' id='word_1_116' title='bbox 388 1544 575 1598; x_wconf 86' lang='lat' dir='ltr'>potentia</span> <span class='ocrx_word' id='word_1_117' title='bbox 594 1545 784 1585; x_wconf 65' lang='lat' dir='ltr'>materiae</span> <span class='ocrx_word' id='word_1_118' title='bbox 804 1547 865 1585; x_wconf 89' lang='lat' dir='ltr'>est</span> <span class='ocrx_word' id='word_1_119' title='bbox 890 1543 1077 1597; x_wconf 86' lang='lat' dir='ltr'>potentia</span> <span class='ocrx_word' id='word_1_120' title='bbox 1096 1544 1278 1596; x_wconf 81' lang='lat' dir='ltr'>passiva,</span> 
     </span>
     <span class='ocr_line' id='line_1_20' title="bbox 252 1615 1279 1669; baseline 0 -13"><span class='ocrx_word' id='word_1_121' title='bbox 252 1627 349 1668; x_wconf 81' lang='lat' dir='ltr'>quae</span> <span class='ocrx_word' id='word_1_122' title='bbox 370 1615 469 1656; x_wconf 87' lang='lat' dir='ltr'>dicit</span> <span class='ocrx_word' id='word_1_123' title='bbox 487 1616 679 1657; x_wconf 81' lang='lat' dir='ltr'>ordinem</span> <span class='ocrx_word' id='word_1_124' title='bbox 698 1617 751 1657; x_wconf 85' lang='lat' dir='ltr'>ad</span> <span class='ocrx_word' id='word_1_125' title='bbox 767 1616 883 1657; x_wconf 88' lang='lat' dir='ltr'>aliud</span> <span class='ocrx_word' id='word_1_126' title='bbox 900 1628 999 1656; x_wconf 87' lang='lat' dir='ltr'>cum</span> <span class='ocrx_word' id='word_1_127' title='bbox 1020 1616 1279 1669; x_wconf 87' lang='lat' dir='ltr'>privatione;</span> 
     </span>
     <span class='ocr_line' id='line_1_21' title="bbox 252 1687 1283 1740; baseline -0.002 -12"><span class='ocrx_word' id='word_1_128' title='bbox 252 1687 324 1728; x_wconf 87' lang='lat' dir='ltr'>sed</span> <span class='ocrx_word' id='word_1_129' title='bbox 341 1688 528 1740; x_wconf 86' lang='lat' dir='ltr'>potentia</span> <span class='ocrx_word' id='word_1_130' title='bbox 545 1688 682 1728; x_wconf 84' lang='lat' dir='ltr'>activa</span> <span class='ocrx_word' id='word_1_131' title='bbox 706 1688 805 1728; x_wconf 85' lang='lat' dir='ltr'>dicit</span> <span class='ocrx_word' id='word_1_132' title='bbox 826 1688 1017 1729; x_wconf 85' lang='lat' dir='ltr'>ordinem</span> <span class='ocrx_word' id='word_1_133' title='bbox 1042 1699 1141 1727; x_wconf 90' lang='lat' dir='ltr'>cum</span> <span class='ocrx_word' id='word_1_134' title='bbox 1168 1687 1283 1740; x_wconf 89' lang='lat' dir='ltr'>posi-</span> 
     </span>
     <span class='ocr_line' id='line_1_22' title="bbox 251 1759 1283 1813; baseline -0.002 -12"><span class='ocrx_word' id='word_1_135' title='bbox 251 1761 366 1802; x_wconf 86' lang='lat' dir='ltr'>tione</span> <span class='ocrx_word' id='word_1_136' title='bbox 386 1775 394 1801; x_wconf 94' lang='lat'>:</span> <span class='ocrx_word' id='word_1_137' title='bbox 411 1764 451 1801; x_wconf 90' lang='lat' dir='ltr'>et</span> <span class='ocrx_word' id='word_1_138' title='bbox 467 1760 561 1801; x_wconf 90' lang='lat' dir='ltr'>ideo</span> <span class='ocrx_word' id='word_1_139' title='bbox 580 1762 723 1801; x_wconf 91' lang='lat' dir='ltr'>minus</span> <span class='ocrx_word' id='word_1_140' title='bbox 750 1760 863 1801; x_wconf 80' lang='lat' dir='ltr'>addit</span> <span class='ocrx_word' id='word_1_141' title='bbox 882 1760 1072 1813; x_wconf 84' lang='lat' dir='ltr'>potentia</span> <span class='ocrx_word' id='word_1_142' title='bbox 1091 1759 1283 1800; x_wconf 60' lang='lat' dir='ltr'>materiae</span> 
     </span>
     <span class='ocr_line' id='line_1_23' title="bbox 253 1831 1286 1885; baseline 0 -13"><span class='ocrx_word' id='word_1_143' title='bbox 253 1845 381 1885; x_wconf 85' lang='lat' dir='ltr'>supra</span> <span class='ocrx_word' id='word_1_144' title='bbox 397 1832 633 1881; x_wconf 77' lang='lat' dir='ltr'>materiam,</span> <span class='ocrx_word' id='word_1_145' title='bbox 650 1844 779 1884; x_wconf 85' lang='lat' dir='ltr'>quam</span> <span class='ocrx_word' id='word_1_146' title='bbox 799 1832 984 1885; x_wconf 85' lang='lat' dir='ltr'>potentia</span> <span class='ocrx_word' id='word_1_147' title='bbox 1002 1831 1140 1872; x_wconf 86' lang='lat' dir='ltr'>activa</span> <span class='ocrx_word' id='word_1_148' title='bbox 1156 1844 1286 1884; x_wconf 86' lang='lat' dir='ltr'>supra</span> 
     </span>
     <span class='ocr_line' id='line_1_24' title="bbox 253 1902 1284 1955; baseline -0.002 -11"><span class='ocrx_word' id='word_1_149' title='bbox 253 1904 531 1944; x_wconf 85' lang='lat' dir='ltr'>substantiam</span> <span class='ocrx_word' id='word_1_150' title='bbox 555 1918 563 1944; x_wconf 90' lang='lat'>:</span> <span class='ocrx_word' id='word_1_151' title='bbox 583 1906 624 1944; x_wconf 92' lang='lat' dir='ltr'>et</span> <span class='ocrx_word' id='word_1_152' title='bbox 642 1903 741 1943; x_wconf 85' lang='lat' dir='ltr'>hinc</span> <span class='ocrx_word' id='word_1_153' title='bbox 760 1905 820 1943; x_wconf 88' lang='lat' dir='ltr'>est</span> <span class='ocrx_word' id='word_1_154' title='bbox 833 1902 946 1955; x_wconf 88' lang='lat' dir='ltr'>quod</span> <span class='ocrx_word' id='word_1_155' title='bbox 964 1902 1123 1943; x_wconf 89' lang='lat' dir='ltr'>nonita</span> <span class='ocrx_word' id='word_1_156' title='bbox 1138 1902 1284 1943; x_wconf 89' lang='lat' dir='ltr'>distin-</span> 
     </span>
     <span class='ocr_line' id='line_1_25' title="bbox 253 1973 1284 2027; baseline 0 -11"><span class='ocrx_word' id='word_1_157' title='bbox 253 1978 450 2027; x_wconf 90' lang='lat' dir='ltr'>guuntur</span> <span class='ocrx_word' id='word_1_158' title='bbox 468 1975 646 2016; x_wconf 82' lang='lat' dir='ltr'>diversae</span> <span class='ocrx_word' id='word_1_159' title='bbox 679 1975 878 2027; x_wconf 83' lang='lat' dir='ltr'>potentiae</span> <span class='ocrx_word' id='word_1_160' title='bbox 909 1975 953 2014; x_wconf 87' lang='lat' dir='ltr'>in</span> <span class='ocrx_word' id='word_1_161' title='bbox 973 1973 1119 2015; x_wconf 88' lang='lat' dir='ltr'>eadem</span> <span class='ocrx_word' id='word_1_162' title='bbox 1146 1977 1284 2016; x_wconf 87' lang='lat' dir='ltr'>mate-</span> 
     </span>
     <span class='ocr_line' id='line_1_26' title="bbox 253 2045 957 2096; baseline -0.001 -10"><span class='ocrx_word' id='word_1_163' title='bbox 253 2046 332 2096; x_wconf 87' lang='lat' dir='ltr'>ria,</span> <span class='ocrx_word' id='word_1_164' title='bbox 352 2046 460 2087; x_wconf 88' lang='lat' dir='ltr'>sicut</span> <span class='ocrx_word' id='word_1_165' title='bbox 478 2046 523 2086; x_wconf 90' lang='lat' dir='ltr'>in</span> <span class='ocrx_word' id='word_1_166' title='bbox 537 2047 684 2087; x_wconf 88' lang='lat' dir='ltr'>eadem</span> <span class='ocrx_word' id='word_1_167' title='bbox 710 2045 957 2086; x_wconf 81' lang='lat' dir='ltr'>substantia.</span> 
     </span>
    </p>

    <p class='ocr_par' dir='ltr' id='par_1_4' title="bbox 253 2117 1287 2959">
     <span class='ocr_line' id='line_1_27' title="bbox 308 2117 1285 2171; baseline 0 -14"><span class='ocrx_word' id='word_1_168' title='bbox 308 2119 347 2158; x_wconf 84' lang='lat'>5.</span> <span class='ocrx_word' id='word_1_169' title='bbox 367 2117 431 2158; x_wconf 91' lang='lat' dir='ltr'>Ad</span> <span class='ocrx_word' id='word_1_170' title='bbox 453 2117 558 2158; x_wconf 91' lang='lat' dir='ltr'>illud</span> <span class='ocrx_word' id='word_1_171' title='bbox 577 2118 690 2171; x_wconf 89' lang='lat' dir='ltr'>quod</span> <span class='ocrx_word' id='word_1_172' title='bbox 720 2117 918 2169; x_wconf 66' lang='lat' dir='ltr'>oIJJicitui·</span> <span class='ocrx_word' id='word_1_173' title='bbox 946 2117 997 2157; x_wconf 91' lang='lat' dir='ltr'>de</span> <span class='ocrx_word' id='word_1_174' title='bbox 1016 2117 1153 2158; x_wconf 85' lang='lat' dir='ltr'>forma</span> <span class='ocrx_word' id='word_1_175' title='bbox 1174 2118 1285 2158; x_wconf 84' lang='lat' dir='ltr'>acei-</span> 
     </span>
     <span class='ocr_line' id='line_1_28' title="bbox 255 2189 1285 2241; baseline -0.001 -11"><span class='ocrx_word' id='word_1_176' title='bbox 255 2189 436 2239; x_wconf 82' lang='lat' dir='ltr'>dentali3</span> <span class='ocrx_word' id='word_1_177' title='bbox 463 2189 709 2237; x_wconf 88' lang='lat' dir='ltr'>dicendum,</span> <span class='ocrx_word' id='word_1_178' title='bbox 726 2189 841 2241; x_wconf 89' lang='lat' dir='ltr'>quod</span> <span class='ocrx_word' id='word_1_179' title='bbox 860 2189 997 2229; x_wconf 78' lang='lat' dir='ltr'>forma</span> <span class='ocrx_word' id='word_1_180' title='bbox 1015 2189 1285 2229; x_wconf 87' lang='lat' dir='ltr'>accidentalis</span> 
     </span>
     <span class='ocr_line' id='line_1_29' title="bbox 254 2261 1282 2315; baseline 0 -13"><span class='ocrx_word' id='word_1_181' title='bbox 254 2274 342 2302; x_wconf 91' lang='lat' dir='ltr'>non</span> <span class='ocrx_word' id='word_1_182' title='bbox 360 2264 422 2302; x_wconf 92' lang='lat' dir='ltr'>est</span> <span class='ocrx_word' id='word_1_183' title='bbox 441 2274 517 2302; x_wconf 85' lang='lat' dir='ltr'>sua</span> <span class='ocrx_word' id='word_1_184' title='bbox 535 2263 745 2315; x_wconf 71' lang='lat' dir='ltr'>potentia,</span> <span class='ocrx_word' id='word_1_185' title='bbox 767 2274 869 2302; x_wconf 87' lang='lat' dir='ltr'>nam</span> <span class='ocrx_word' id='word_1_186' title='bbox 886 2261 1075 2314; x_wconf 79' lang='lat' dir='ltr'>potentia</span> <span class='ocrx_word' id='word_1_187' title='bbox 1095 2263 1189 2314; x_wconf 76' lang='lat' dir='ltr'>eJus</span> <span class='ocrx_word' id='word_1_188' title='bbox 1205 2265 1282 2313; x_wconf 83' lang='lat' dir='ltr'>est,</span> 
     </span>
     <span class='ocr_line' id='line_1_30' title="bbox 254 2333 1285 2386; baseline -0.002 -12"><span class='ocrx_word' id='word_1_189' title='bbox 254 2334 300 2374; x_wconf 91' lang='lat' dir='ltr'>in</span> <span class='ocrx_word' id='word_1_190' title='bbox 320 2337 530 2386; x_wconf 87' lang='lat' dir='ltr'>quantum</span> <span class='ocrx_word' id='word_1_191' title='bbox 550 2333 689 2374; x_wconf 84' lang='lat' dir='ltr'>influit</span> <span class='ocrx_word' id='word_1_192' title='bbox 708 2334 753 2373; x_wconf 89' lang='lat' dir='ltr'>in</span> <span class='ocrx_word' id='word_1_193' title='bbox 771 2333 968 2373; x_wconf 85' lang='lat' dir='ltr'>alterum.</span> <span class='ocrx_word' id='word_1_194' title='bbox 989 2333 1186 2373; x_wconf 78' lang='lat' dir='ltr'>Attamen</span> <span class='ocrx_word' id='word_1_195' title='bbox 1208 2345 1285 2386; x_wconf 85' lang='lat' dir='ltr'>po-</span> 
     </span>
     <span class='ocr_line' id='line_1_31' title="bbox 255 2405 1285 2457; baseline -0.003 -11"><span class='ocrx_word' id='word_1_196' title='bbox 255 2406 386 2446; x_wconf 80' lang='lat' dir='ltr'>tentia</span> <span class='ocrx_word' id='word_1_197' title='bbox 405 2405 476 2446; x_wconf 88' lang='lat' dir='ltr'>illa</span> <span class='ocrx_word' id='word_1_198' title='bbox 496 2418 581 2446; x_wconf 91' lang='lat' dir='ltr'>non</span> <span class='ocrx_word' id='word_1_199' title='bbox 609 2408 777 2446; x_wconf 86' lang='lat' dir='ltr'>tantum</span> <span class='ocrx_word' id='word_1_200' title='bbox 803 2405 943 2454; x_wconf 86' lang='lat' dir='ltr'>addit,</span> <span class='ocrx_word' id='word_1_201' title='bbox 966 2407 1177 2456; x_wconf 79' lang='lat' dir='ltr'>quantum</span> <span class='ocrx_word' id='word_1_202' title='bbox 1205 2416 1285 2457; x_wconf 91' lang='lat' dir='ltr'>po-</span> 
     </span>
     <span class='ocr_line' id='line_1_32' title="bbox 253 2475 1284 2528; baseline -0.001 -12"><span class='ocrx_word' id='word_1_203' title='bbox 253 2477 386 2517; x_wconf 91' lang='lat' dir='ltr'>tentia</span> <span class='ocrx_word' id='word_1_204' title='bbox 402 2477 551 2518; x_wconf 60' lang='lat' dir='ltr'>formae</span> <span class='ocrx_word' id='word_1_205' title='bbox 568 2477 857 2518; x_wconf 83' lang='lat' dir='ltr'>substantialis</span> <span class='ocrx_word' id='word_1_206' title='bbox 879 2489 888 2516; x_wconf 92' lang='lat'>:</span> <span class='ocrx_word' id='word_1_207' title='bbox 906 2475 1110 2528; x_wconf 84' lang='lat' dir='ltr'>quoniam</span> <span class='ocrx_word' id='word_1_208' title='bbox 1131 2479 1284 2528; x_wconf 79' lang='lat' dir='ltr'>poten-</span> 
     </span>
     <span class='ocr_line' id='line_1_33' title="bbox 254 2547 1285 2589; baseline -0.001 -1"><span class='ocrx_word' id='word_1_209' title='bbox 254 2548 312 2588; x_wconf 87' lang='lat' dir='ltr'>tia</span> <span class='ocrx_word' id='word_1_210' title='bbox 330 2547 479 2588; x_wconf 80' lang='lat' dir='ltr'>formae</span> <span class='ocrx_word' id='word_1_211' title='bbox 499 2548 766 2589; x_wconf 83' lang='lat' dir='ltr'>accidentalis</span> <span class='ocrx_word' id='word_1_212' title='bbox 783 2548 883 2588; x_wconf 79' lang='lat' dir='ltr'>dicit</span> <span class='ocrx_word' id='word_1_213' title='bbox 900 2547 1213 2588; x_wconf 81' lang='lat' dir='ltr'>ordinationem</span> <span class='ocrx_word' id='word_1_214' title='bbox 1230 2547 1285 2587; x_wconf 88' lang='lat' dir='ltr'>ad</span> 
     </span>
     <span class='ocr_line' id='line_1_34' title="bbox 254 2618 1286 2672; baseline -0.001 -13"><span class='ocrx_word' id='word_1_215' title='bbox 254 2622 418 2669; x_wconf 88' lang='lat' dir='ltr'>actum,</span> <span class='ocrx_word' id='word_1_216' title='bbox 438 2619 509 2661; x_wconf 91' lang='lat' dir='ltr'>sed</span> <span class='ocrx_word' id='word_1_217' title='bbox 525 2632 611 2660; x_wconf 91' lang='lat' dir='ltr'>non</span> <span class='ocrx_word' id='word_1_218' title='bbox 633 2619 914 2660; x_wconf 81' lang='lat' dir='ltr'>sufficientem</span> <span class='ocrx_word' id='word_1_219' title='bbox 934 2630 1008 2672; x_wconf 84' lang='lat' dir='ltr'>per</span> <span class='ocrx_word' id='word_1_220' title='bbox 1026 2631 1070 2659; x_wconf 88' lang='lat' dir='ltr'>se</span> <span class='ocrx_word' id='word_1_221' title='bbox 1087 2650 1096 2668; x_wconf 94' lang='lat'>,</span> <span class='ocrx_word' id='word_1_222' title='bbox 1119 2618 1190 2659; x_wconf 89' lang='lat' dir='ltr'>sed</span> <span class='ocrx_word' id='word_1_223' title='bbox 1209 2630 1286 2672; x_wconf 88' lang='lat' dir='ltr'>per</span> 
     </span>
     <span class='ocr_line' id='line_1_35' title="bbox 255 2690 1287 2732; baseline 0.001 -2"><span class='ocrx_word' id='word_1_224' title='bbox 255 2690 458 2732; x_wconf 88' lang='lat' dir='ltr'>virtutem</span> <span class='ocrx_word' id='word_1_225' title='bbox 496 2690 757 2732; x_wconf 67' lang='lat' dir='ltr'>substantize.</span> <span class='ocrx_word' id='word_1_226' title='bbox 796 2690 912 2731; x_wconf 76' lang='lat' dir='ltr'>Sicut</span> <span class='ocrx_word' id='word_1_227' title='bbox 943 2690 1061 2732; x_wconf 88' lang='lat' dir='ltr'>enim</span> <span class='ocrx_word' id='word_1_228' title='bbox 1096 2691 1287 2732; x_wconf 82' lang='lat' dir='ltr'>accidens</span> 
     </span>
     <span class='ocr_line' id='line_1_36' title="bbox 256 2762 1286 2817; baseline 0.001 -15"><span class='ocrx_word' id='word_1_229' title='bbox 256 2774 343 2803; x_wconf 89' lang='lat' dir='ltr'>non</span> <span class='ocrx_word' id='word_1_230' title='bbox 362 2766 424 2804; x_wconf 85' lang='lat' dir='ltr'>est</span> <span class='ocrx_word' id='word_1_231' title='bbox 439 2775 514 2817; x_wconf 85' lang='lat' dir='ltr'>per</span> <span class='ocrx_word' id='word_1_232' title='bbox 533 2775 577 2804; x_wconf 93' lang='lat' dir='ltr'>se</span> <span class='ocrx_word' id='word_1_233' title='bbox 593 2776 603 2814; x_wconf 81' lang='lat'><em>3</em></span> <span class='ocrx_word' id='word_1_234' title='bbox 626 2763 684 2803; x_wconf 87' lang='lat' dir='ltr'>ita</span> <span class='ocrx_word' id='word_1_235' title='bbox 702 2775 790 2803; x_wconf 91' lang='lat' dir='ltr'>non</span> <span class='ocrx_word' id='word_1_236' title='bbox 809 2762 938 2803; x_wconf 86' lang='lat' dir='ltr'>habet</span> <span class='ocrx_word' id='word_1_237' title='bbox 958 2762 1164 2803; x_wconf 84' lang='lat' dir='ltr'>virtutem</span> <span class='ocrx_word' id='word_1_238' title='bbox 1184 2774 1286 2816; x_wconf 85' lang='lat' dir='ltr'>ope-</span> 
     </span>
     <span class='ocr_line' id='line_1_37' title="bbox 257 2833 1284 2887; baseline 0 -13"><span class='ocrx_word' id='word_1_239' title='bbox 257 2834 379 2874; x_wconf 88' lang='lat' dir='ltr'>randi</span> <span class='ocrx_word' id='word_1_240' title='bbox 404 2847 479 2887; x_wconf 87' lang='lat' dir='ltr'>per</span> <span class='ocrx_word' id='word_1_241' title='bbox 499 2847 541 2876; x_wconf 91' lang='lat' dir='ltr'>se</span> <span class='ocrx_word' id='word_1_242' title='bbox 556 2866 567 2884; x_wconf 95' lang='lat'>,</span> <span class='ocrx_word' id='word_1_243' title='bbox 592 2834 663 2875; x_wconf 85' lang='lat' dir='ltr'>sed</span> <span class='ocrx_word' id='word_1_244' title='bbox 686 2846 762 2887; x_wconf 87' lang='lat' dir='ltr'>per</span> <span class='ocrx_word' id='word_1_245' title='bbox 780 2834 985 2887; x_wconf 81' lang='lat' dir='ltr'>virtutem</span> <span class='ocrx_word' id='word_1_246' title='bbox 1014 2833 1284 2875; x_wconf 67' lang='lat' dir='ltr'>substantiae:</span> 
     </span>
     <span class='ocr_line' id='line_1_38' title="bbox 258 2904 617 2959; baseline 0.008 -15"><span class='ocrx_word' id='word_1_247' title='bbox 258 2906 299 2944; x_wconf 91' lang='lat' dir='ltr'>et</span> <span class='ocrx_word' id='word_1_248' title='bbox 317 2904 373 2945; x_wconf 89' lang='lat' dir='ltr'>ita</span> <span class='ocrx_word' id='word_1_249' title='bbox 389 2904 469 2946; x_wconf 89' lang='lat' dir='ltr'>hoc</span> <span class='ocrx_word' id='word_1_250' title='bbox 488 2908 617 2959; x_wconf 85' lang='lat' dir='ltr'>patet.</span> 
     </span>
    </p>

    <p class='ocr_par' dir='ltr' id='par_1_5' title="bbox 259 2977 1290 3385">
     <span class='ocr_line' id='line_1_39' title="bbox 314 2977 1287 3031; baseline 0.003 -15"><span class='ocrx_word' id='word_1_251' title='bbox 314 2980 353 3016; x_wconf 78' lang='grc'>6.</span> <span class='ocrx_word' id='word_1_252' title='bbox 374 2977 438 3018; x_wconf 84' lang='lat' dir='ltr'>Ad</span> <span class='ocrx_word' id='word_1_253' title='bbox 459 2977 565 3019; x_wconf 84' lang='lat' dir='ltr'>illud</span> <span class='ocrx_word' id='word_1_254' title='bbox 588 2977 702 3031; x_wconf 88' lang='lat' dir='ltr'>quod</span> <span class='ocrx_word' id='word_1_255' title='bbox 725 2977 925 3031; x_wconf 82' lang='lat' dir='ltr'>objicitur</span> <span class='ocrx_word' id='word_1_256' title='bbox 944 2978 1118 3028; x_wconf 86' lang='lat' dir='ltr'>ultimo;</span> <span class='ocrx_word' id='word_1_257' title='bbox 1140 2978 1287 3019; x_wconf 89' lang='lat' dir='ltr'>dicen-</span> 
     </span>
     <span class='ocr_line' id='line_1_40' title="bbox 260 3047 1289 3102; baseline 0.003 -15"><span class='ocrx_word' id='word_1_258' title='bbox 260 3047 364 3087; x_wconf 92' lang='lat' dir='ltr'>dum</span> <span class='ocrx_word' id='word_1_259' title='bbox 377 3080 387 3099; x_wconf 92' lang='lat'>,</span> <span class='ocrx_word' id='word_1_260' title='bbox 418 3050 533 3101; x_wconf 89' lang='lat' dir='ltr'>quod</span> <span class='ocrx_word' id='word_1_261' title='bbox 561 3049 761 3102; x_wconf 75' lang='lat' dir='ltr'>potentiae</span> <span class='ocrx_word' id='word_1_262' title='bbox 780 3050 936 3090; x_wconf 57' lang='lat' dir='ltr'>animae</span> <span class='ocrx_word' id='word_1_263' title='bbox 957 3061 1045 3090; x_wconf 89' lang='lat' dir='ltr'>non</span> <span class='ocrx_word' id='word_1_264' title='bbox 1062 3052 1161 3090; x_wconf 89' lang='lat' dir='ltr'>sunt</span> <span class='ocrx_word' id='word_1_265' title='bbox 1178 3050 1289 3090; x_wconf 81' lang='lat' dir='ltr'>acci-</span> 
     </span>
     <span class='ocr_line' id='line_1_41' title="bbox 260 3119 1286 3174; baseline 0.002 -14"><span class='ocrx_word' id='word_1_266' title='bbox 260 3119 471 3169; x_wconf 87' lang='lat' dir='ltr'>dentales;</span> <span class='ocrx_word' id='word_1_267' title='bbox 505 3123 648 3161; x_wconf 86' lang='lat' dir='ltr'>tamen</span> <span class='ocrx_word' id='word_1_268' title='bbox 687 3124 996 3174; x_wconf 82' lang='lat' dir='ltr'>argumentum</span> <span class='ocrx_word' id='word_1_269' title='bbox 1028 3133 1115 3162; x_wconf 89' lang='lat' dir='ltr'>non</span> <span class='ocrx_word' id='word_1_270' title='bbox 1147 3122 1286 3173; x_wconf 84' lang='lat' dir='ltr'>valet,</span> 
     </span>
     <span class='ocr_line' id='line_1_42' title="bbox 259 3190 1289 3245; baseline 0.003 -15"><span class='ocrx_word' id='word_1_271' title='bbox 259 3190 362 3243; x_wconf 88' lang='lat' dir='ltr'>quia</span> <span class='ocrx_word' id='word_1_272' title='bbox 391 3191 575 3231; x_wconf 82' lang='lat' dir='ltr'>fortassis</span> <span class='ocrx_word' id='word_1_273' title='bbox 606 3192 835 3242; x_wconf 80' lang='lat' dir='ltr'>rationale,</span> <span class='ocrx_word' id='word_1_274' title='bbox 867 3192 1086 3243; x_wconf 77' lang='lat' dir='ltr'>sensibile,</span> <span class='ocrx_word' id='word_1_275' title='bbox 1114 3195 1289 3245; x_wconf 83' lang='lat' dir='ltr'>vegeta-</span> 
     </span>
     <span class='ocr_line' id='line_1_43' title="bbox 260 3262 1290 3318; baseline 0.001 -16"><span class='ocrx_word' id='word_1_276' title='bbox 260 3262 344 3303; x_wconf 88' lang='lat' dir='ltr'>bile</span> <span class='ocrx_word' id='word_1_277' title='bbox 371 3274 457 3303; x_wconf 91' lang='lat' dir='ltr'>non</span> <span class='ocrx_word' id='word_1_278' title='bbox 486 3263 752 3316; x_wconf 80' lang='lat' dir='ltr'>accipiuntur</span> <span class='ocrx_word' id='word_1_279' title='bbox 779 3278 804 3305; x_wconf 89' lang='lat' dir='ltr'>a</span> <span class='ocrx_word' id='word_1_280' title='bbox 832 3264 1052 3318; x_wconf 88' lang='lat' dir='ltr'>potentiis,</span> <span class='ocrx_word' id='word_1_281' title='bbox 1074 3264 1145 3305; x_wconf 89' lang='lat' dir='ltr'>sed</span> <span class='ocrx_word' id='word_1_282' title='bbox 1170 3276 1195 3304; x_wconf 86' lang='lat' dir='ltr'>a</span> <span class='ocrx_word' id='word_1_283' title='bbox 1224 3264 1290 3305; x_wconf 92' lang='lat' dir='ltr'>di-</span> 
     </span>
     <span class='ocr_line' id='line_1_44' title="bbox 260 3333 1006 3385; baseline 0.004 -12"><span class='ocrx_word' id='word_1_284' title='bbox 260 3333 394 3374; x_wconf 87' lang='lat' dir='ltr'>versis</span> <span class='ocrx_word' id='word_1_285' title='bbox 409 3333 573 3374; x_wconf 88' lang='lat' dir='ltr'>naturis</span> <span class='ocrx_word' id='word_1_286' title='bbox 591 3337 766 3385; x_wconf 77' lang='lat' dir='ltr'>repertis</span> <span class='ocrx_word' id='word_1_287' title='bbox 785 3336 829 3375; x_wconf 89' lang='grc'>111</span> <span class='ocrx_word' id='word_1_288' title='bbox 849 3336 1006 3376; x_wconf 88' lang='lat' dir='ltr'>anima.</span> 
     </span>
    </p>
   </div>
   <div class='ocr_carea' id='block_1_3' title="bbox 263 3447 1289 3539">
    <p class='ocr_par' dir='ltr' id='par_1_6' title="bbox 263 3447 1289 3539">
     <span class='ocr_line' id='line_1_45' title="bbox 304 3447 1287 3491; baseline -0.002 -10"><span class='ocrx_word' id='word_1_289' title='bbox 304 3449 316 3471; x_wconf 91' lang='lat'><strong>¹</strong></span> <span class='ocrx_word' id='word_1_290' title='bbox 331 3449 384 3490; x_wconf 87' lang='lat' dir='ltr'>Cf.</span> <span class='ocrx_word' id='word_1_291' title='bbox 407 3448 571 3480; x_wconf 86' lang='lat' dir='ltr'>Doctores</span> <span class='ocrx_word' id='word_1_292' title='bbox 590 3447 624 3479; x_wconf 89' lang='lat' dir='ltr'>in</span> <span class='ocrx_word' id='word_1_293' title='bbox 639 3450 757 3489; x_wconf 67' lang='lat' dir='ltr'>quznst.</span> <span class='ocrx_word' id='word_1_294' title='bbox 774 3456 812 3480; x_wconf 88' lang='lat'>111</span> <span class='ocrx_word' id='word_1_295' title='bbox 831 3449 951 3489; x_wconf 67' lang='lat' dir='ltr'>primse</span> <span class='ocrx_word' id='word_1_296' title='bbox 969 3449 1073 3491; x_wconf 86' lang='lat' dir='ltr'>partis</span> <span class='ocrx_word' id='word_1_297' title='bbox 1093 3448 1193 3490; x_wconf 86' lang='lat' dir='ltr'>hujus</span> <span class='ocrx_word' id='word_1_298' title='bbox 1209 3447 1287 3480; x_wconf 79' lang='lat' dir='ltr'>dist.</span> 
     </span>
     <span class='ocr_line' id='line_1_46' title="bbox 263 3496 1289 3539; baseline -0.002 -10"><span class='ocrx_word' id='word_1_299' title='bbox 263 3497 372 3537; x_wconf 83' lang='lat' dir='ltr'>citati3</span> <span class='ocrx_word' id='word_1_300' title='bbox 395 3496 507 3538; x_wconf 83' lang='lat' dir='ltr'>AEgid.</span> <span class='ocrx_word' id='word_1_301' title='bbox 523 3505 606 3528; x_wconf 85' lang='lat' dir='ltr'>vero</span> <span class='ocrx_word' id='word_1_302' title='bbox 626 3497 738 3537; x_wconf 66' lang='lat' dir='ltr'>Rom„</span> <span class='ocrx_word' id='word_1_303' title='bbox 759 3497 770 3527; x_wconf 95' lang='lat' dir='ltr'>l</span> <span class='ocrx_word' id='word_1_304' title='bbox 793 3497 898 3538; x_wconf 65' lang='lat' dir='ltr'>Sent„</span> <span class='ocrx_word' id='word_1_305' title='bbox 917 3498 993 3529; x_wconf 74' lang='lat' dir='ltr'>dist.</span> <span class='ocrx_word' id='word_1_306' title='bbox 1010 3506 1061 3539; x_wconf 86' lang='grc'><strong>111,</strong></span> <span class='ocrx_word' id='word_1_307' title='bbox 1082 3507 1116 3539; x_wconf 84' lang='lat' dir='ltr'>p.</span> <span class='ocrx_word' id='word_1_308' title='bbox 1134 3498 1179 3538; x_wconf 88' lang='grc' dir='ltr'>ΙΙ,</span> <span class='ocrx_word' id='word_1_309' title='bbox 1201 3506 1234 3538; x_wconf 83' lang='lat' dir='ltr'>q.</span> <span class='ocrx_word' id='word_1_310' title='bbox 1251 3504 1289 3538; x_wconf 86' lang='lat'>11,</span> 
     </span>
    </p>
   </div>
   <div class='ocr_carea' id='block_1_4' title="bbox 306 3566 1289 3611">
    <p class='ocr_par' dir='ltr' id='par_1_7' title="bbox 306 3566 1289 3611">
     <span class='ocr_line' id='line_1_47' title="bbox 306 3566 1289 3611; baseline 0 -11"><span class='ocrx_word' id='word_1_311' title='bbox 306 3568 347 3610; x_wconf 72' lang='lat' dir='ltr'>(a)</span> <span class='ocrx_word' id='word_1_312' title='bbox 369 3568 491 3610; x_wconf 65' lang='lat' dir='ltr'>Sumne</span> <span class='ocrx_word' id='word_1_313' title='bbox 511 3566 670 3608; x_wconf 62' lang='grc' dir='ltr'><strong>111-(ὸ)</strong></span> <span class='ocrx_word' id='word_1_314' title='bbox 693 3567 740 3601; x_wconf 72' lang='grc' dir='ltr'>ιιι.</span> <span class='ocrx_word' id='word_1_315' title='bbox 755 3586 793 3592; x_wconf 84' lang='grc'>-</span> <span class='ocrx_word' id='word_1_316' title='bbox 809 3568 845 3608; x_wconf 64' lang='lat' dir='ltr'>(c)</span> <span class='ocrx_word' id='word_1_317' title='bbox 867 3568 916 3601; x_wconf 76' lang='lat' dir='ltr'>m.</span> <span class='ocrx_word' id='word_1_318' title='bbox 931 3586 971 3592; x_wconf 84' lang='lat'><em>-</em></span> <span class='ocrx_word' id='word_1_319' title='bbox 991 3569 1039 3610; x_wconf 71' lang='grc' dir='ltr'>(α)</span> <span class='ocrx_word' id='word_1_320' title='bbox 1059 3569 1162 3603; x_wconf 76' lang='grc' dir='ltr'><strong>1α.-</strong></span> <span class='ocrx_word' id='word_1_321' title='bbox 1180 3569 1217 3611; x_wconf 82' lang='lat' dir='ltr'>(e)</span> <span class='ocrx_word' id='word_1_322' title='bbox 1240 3568 1289 3601; x_wconf 73' lang='lat' dir='ltr'><em>[cl.</em></span> 
     </span>
    </p>
   </div>
   <div class='ocr_carea' id='block_1_5' title="bbox 1353 332 2380 599">
    <p class='ocr_par' dir='ltr' id='par_1_8' title="bbox 1353 332 2380 599">
     <span class='ocr_line' id='line_1_48' title="bbox 1408 332 2376 387; baseline 0.004 -15"><span class='ocrx_word' id='word_1_323' title='bbox 1408 332 1514 373; x_wconf 87' lang='lat' dir='ltr'>lllud</span> <span class='ocrx_word' id='word_1_324' title='bbox 1551 336 1695 374; x_wconf 85' lang='lat' dir='ltr'>autem</span> <span class='ocrx_word' id='word_1_325' title='bbox 1731 334 2039 386; x_wconf 83' lang='lat' dir='ltr'>argumentum</span> <span class='ocrx_word' id='word_1_326' title='bbox 2072 334 2185 387; x_wconf 88' lang='lat' dir='ltr'>quod</span> <span class='ocrx_word' id='word_1_327' title='bbox 2219 335 2376 376; x_wconf 86' lang='lat' dir='ltr'>sactum</span> 
     </span>
     <span class='ocr_line' id='line_1_49' title="bbox 1353 403 2379 459; baseline 0.002 -17"><span class='ocrx_word' id='word_1_328' title='bbox 1353 405 1415 442; x_wconf 89' lang='lat' dir='ltr'>est</span> <span class='ocrx_word' id='word_1_329' title='bbox 1433 403 1486 443; x_wconf 85' lang='lat' dir='ltr'>ad</span> <span class='ocrx_word' id='word_1_330' title='bbox 1505 404 1763 457; x_wconf 89' lang='lat' dir='ltr'>oppositum,</span> <span class='ocrx_word' id='word_1_331' title='bbox 1783 404 1894 456; x_wconf 76' lang='lat' dir='ltr'>quod</span> <span class='ocrx_word' id='word_1_332' title='bbox 1917 404 2134 454; x_wconf 83' lang='lat' dir='ltr'>differunt,</span> <span class='ocrx_word' id='word_1_333' title='bbox 2159 405 2260 459; x_wconf 90' lang='lat' dir='ltr'>quia</span> <span class='ocrx_word' id='word_1_334' title='bbox 2280 408 2379 446; x_wconf 88' lang='lat' dir='ltr'>sunt</span> 
     </span>
     <span class='ocr_line' id='line_1_50' title="bbox 1355 473 2380 529; baseline 0.004 -16"><span class='ocrx_word' id='word_1_335' title='bbox 1355 473 1400 513; x_wconf 93' lang='lat' dir='ltr'>in</span> <span class='ocrx_word' id='word_1_336' title='bbox 1429 473 1606 514; x_wconf 89' lang='lat' dir='ltr'>diversis</span> <span class='ocrx_word' id='word_1_337' title='bbox 1634 475 1865 526; x_wconf 87' lang='lat' dir='ltr'>generibus</span> <span class='ocrx_word' id='word_1_338' title='bbox 1883 507 1893 525; x_wconf 91' lang='lat'>,</span> <span class='ocrx_word' id='word_1_339' title='bbox 1927 475 2178 516; x_wconf 90' lang='lat' dir='ltr'>solvendum</span> <span class='ocrx_word' id='word_1_340' title='bbox 2214 479 2276 517; x_wconf 90' lang='lat' dir='ltr'>est</span> <span class='ocrx_word' id='word_1_341' title='bbox 2304 488 2380 529; x_wconf 88' lang='lat' dir='ltr'>per</span> 
     </span>
     <span class='ocr_line' id='line_1_51' title="bbox 1354 543 2379 599; baseline 0.006 -16"><span class='ocrx_word' id='word_1_342' title='bbox 1354 543 1748 598; x_wconf 86' lang='lat' dir='ltr'>interemptionem;</span> <span class='ocrx_word' id='word_1_343' title='bbox 1784 546 1884 599; x_wconf 86' lang='lat' dir='ltr'>quia</span> <span class='ocrx_word' id='word_1_344' title='bbox 1913 558 2001 587; x_wconf 88' lang='lat' dir='ltr'>non</span> <span class='ocrx_word' id='word_1_345' title='bbox 2032 549 2132 587; x_wconf 90' lang='lat' dir='ltr'>sunt</span> <span class='ocrx_word' id='word_1_346' title='bbox 2160 547 2204 587; x_wconf 89' lang='lat' dir='ltr'>in</span> <span class='ocrx_word' id='word_1_347' title='bbox 2235 547 2379 589; x_wconf 86' lang='lat' dir='ltr'>diver-</span> 
     </span>
    </p>
   </div>
   <div class='ocr_carea' id='block_1_6' title="bbox 1355 615 2378 736">
    <p class='ocr_par' dir='ltr' id='par_1_9' title="bbox 1355 615 2378 736">
     <span class='ocr_line' id='line_1_52' title="bbox 1355 615 2378 671; baseline 0.005 -16"><span class='ocrx_word' id='word_1_348' title='bbox 1355 615 1410 655; x_wconf 87' lang='lat' dir='ltr'>sis</span> <span class='ocrx_word' id='word_1_349' title='bbox 1439 616 1690 669; x_wconf 86' lang='lat' dir='ltr'>generibus,</span> <span class='ocrx_word' id='word_1_350' title='bbox 1717 618 1789 659; x_wconf 90' lang='lat' dir='ltr'>sed</span> <span class='ocrx_word' id='word_1_351' title='bbox 1815 618 1860 658; x_wconf 91' lang='lat' dir='ltr'>in</span> <span class='ocrx_word' id='word_1_352' title='bbox 1885 618 2032 660; x_wconf 90' lang='lat' dir='ltr'>eodem</span> <span class='ocrx_word' id='word_1_353' title='bbox 2063 629 2138 671; x_wconf 90' lang='lat' dir='ltr'>per</span> <span class='ocrx_word' id='word_1_354' title='bbox 2165 618 2378 660; x_wconf 87' lang='lat' dir='ltr'>reductio-</span> 
     </span>
     <span class='ocr_line' id='line_1_53' title="bbox 1355 689 1573 736; baseline 0.009 -10"><span class='ocrx_word' id='word_1_355' title='bbox 1355 698 1474 736; x_wconf 87' lang='lat' dir='ltr'>nem,</span> <span class='ocrx_word' id='word_1_356' title='bbox 1495 689 1573 728; x_wconf 85' lang='lat' dir='ltr'>etc.</span> 
     </span>
    </p>
   </div>
   <div class='ocr_carea' id='block_1_7' title="bbox 1622 787 2085 833">
    <p class='ocr_par' dir='ltr' id='par_1_10' title="bbox 1622 787 2085 833">
     <span class='ocr_line' id='line_1_54' title="bbox 1622 787 2085 833; baseline 0.002 -3"><span class='ocrx_word' id='word_1_357' title='bbox 1622 787 1993 833; x_wconf 84' lang='lat' dir='ltr'>ARTICULUS</span> <span class='ocrx_word' id='word_1_358' title='bbox 2025 788 2085 832; x_wconf 95' lang='grc' dir='ltr'>ΙΙ.</span> 
     </span>
    </p>
   </div>
   <div class='ocr_carea' id='block_1_8' title="bbox 1357 903 2389 1676">
    <p class='ocr_par' dir='ltr' id='par_1_11' title="bbox 1357 903 2389 1676">
     <span class='ocr_line' id='line_1_55' title="bbox 1411 903 2385 960; baseline 0.005 -17"><span class='ocrx_word' id='word_1_359' title='bbox 1411 903 1725 957; x_wconf 73' lang='lat' dir='ltr'>consequenter</span> <span class='ocrx_word' id='word_1_360' title='bbox 1739 910 1801 947; x_wconf 91' lang='lat' dir='ltr'>est</span> <span class='ocrx_word' id='word_1_361' title='bbox 1813 908 1991 960; x_wconf 72' lang='lat' dir='ltr'>quaestio</span> <span class='ocrx_word' id='word_1_362' title='bbox 2005 907 2055 948; x_wconf 89' lang='lat' dir='ltr'>de</span> <span class='ocrx_word' id='word_1_363' title='bbox 2072 907 2257 948; x_wconf 87' lang='lat' dir='ltr'>secunda</span> <span class='ocrx_word' id='word_1_364' title='bbox 2274 906 2385 948; x_wconf 89' lang='lat' dir='ltr'>assi-</span> 
     </span>
     <span class='ocr_line' id='line_1_56' title="bbox 1358 975 2386 1032; baseline 0.004 -17"><span class='ocrx_word' id='word_1_365' title='bbox 1358 975 1560 1027; x_wconf 84' lang='lat' dir='ltr'>gnatione</span> <span class='ocrx_word' id='word_1_366' title='bbox 1581 976 1782 1030; x_wconf 81' lang='lat' dir='ltr'>imaginis</span> <span class='ocrx_word' id='word_1_367' title='bbox 1803 991 1877 1032; x_wconf 91' lang='lat' dir='ltr'>per</span> <span class='ocrx_word' id='word_1_368' title='bbox 1896 979 2100 1030; x_wconf 85' lang='lat' dir='ltr'>Mentem,</span> <span class='ocrx_word' id='word_1_369' title='bbox 2123 978 2324 1020; x_wconf 83' lang='lat' dir='ltr'>Notitiam</span> <span class='ocrx_word' id='word_1_370' title='bbox 2345 981 2386 1020; x_wconf 88' lang='lat' dir='ltr'>et</span> 
     </span>
     <span class='ocr_line' id='line_1_57' title="bbox 1357 1046 2386 1104; baseline 0.002 -17"><span class='ocrx_word' id='word_1_371' title='bbox 1357 1046 1575 1089; x_wconf 90' lang='lat' dir='ltr'>Amorem.</span> <span class='ocrx_word' id='word_1_372' title='bbox 1598 1048 1714 1090; x_wconf 89' lang='lat' dir='ltr'>Circa</span> <span class='ocrx_word' id='word_1_373' title='bbox 1738 1049 1848 1091; x_wconf 85' lang='lat' dir='ltr'>hanc</span> <span class='ocrx_word' id='word_1_374' title='bbox 1878 1054 2131 1104; x_wconf 81' lang='lat' dir='ltr'>quaeruntur</span> <span class='ocrx_word' id='word_1_375' title='bbox 2158 1050 2239 1091; x_wconf 87' lang='lat' dir='ltr'>tria</span> <span class='ocrx_word' id='word_1_376' title='bbox 2261 1062 2271 1090; x_wconf 88' lang='lat'><strong>:</strong></span> <span class='ocrx_word' id='word_1_377' title='bbox 2296 1049 2386 1103; x_wconf 88' lang='lat' dir='ltr'>pri-</span> 
     </span>
     <span class='ocr_line' id='line_1_58' title="bbox 1358 1121 2388 1172; baseline 0.002 -12"><span class='ocrx_word' id='word_1_378' title='bbox 1358 1131 1479 1161; x_wconf 89' lang='lat' dir='ltr'>mum</span> <span class='ocrx_word' id='word_1_379' title='bbox 1500 1124 1562 1161; x_wconf 91' lang='lat' dir='ltr'>est</span> <span class='ocrx_word' id='word_1_380' title='bbox 1581 1121 1632 1161; x_wconf 91' lang='lat' dir='ltr'>de</span> <span class='ocrx_word' id='word_1_381' title='bbox 1664 1121 1754 1161; x_wconf 91' lang='lat' dir='ltr'>istis</span> <span class='ocrx_word' id='word_1_382' title='bbox 1781 1122 1969 1164; x_wconf 86' lang='lat' dir='ltr'>absolute</span> <span class='ocrx_word' id='word_1_383' title='bbox 1987 1154 1997 1172; x_wconf 93' lang='lat'>,</span> <span class='ocrx_word' id='word_1_384' title='bbox 2025 1126 2173 1163; x_wconf 91' lang='lat' dir='ltr'>utrum</span> <span class='ocrx_word' id='word_1_385' title='bbox 2192 1121 2388 1163; x_wconf 85' lang='lat' dir='ltr'>videlicet</span> 
     </span>
     <span class='ocr_line' id='line_1_59' title="bbox 1358 1191 2384 1247; baseline 0.003 -16"><span class='ocrx_word' id='word_1_386' title='bbox 1358 1191 1502 1244; x_wconf 86' lang='lat' dir='ltr'>imago</span> <span class='ocrx_word' id='word_1_387' title='bbox 1534 1193 1775 1234; x_wconf 87' lang='lat' dir='ltr'>attendatur</span> <span class='ocrx_word' id='word_1_388' title='bbox 1807 1193 1851 1233; x_wconf 90' lang='lat' dir='ltr'>in</span> <span class='ocrx_word' id='word_1_389' title='bbox 1882 1193 1972 1234; x_wconf 89' lang='lat' dir='ltr'>istis</span> <span class='ocrx_word' id='word_1_390' title='bbox 2004 1197 2053 1235; x_wconf 91' lang='lat' dir='ltr'>ut</span> <span class='ocrx_word' id='word_1_391' title='bbox 2081 1195 2128 1234; x_wconf 91' lang='lat' dir='ltr'>in</span> <span class='ocrx_word' id='word_1_392' title='bbox 2158 1193 2384 1247; x_wconf 89' lang='lat' dir='ltr'>potentiis,</span> 
     </span>
     <span class='ocr_line' id='line_1_60' title="bbox 1358 1263 2386 1319; baseline 0.001 -16"><span class='ocrx_word' id='word_1_393' title='bbox 1358 1266 1432 1303; x_wconf 86' lang='lat' dir='ltr'>aut</span> <span class='ocrx_word' id='word_1_394' title='bbox 1451 1264 1506 1314; x_wconf 81' lang='lat' dir='ltr'>(a)</span> <span class='ocrx_word' id='word_1_395' title='bbox 1536 1264 1580 1303; x_wconf 92' lang='lat' dir='ltr'>in</span> <span class='ocrx_word' id='word_1_396' title='bbox 1608 1264 1848 1314; x_wconf 85' lang='lat' dir='ltr'>habitibus,</span> <span class='ocrx_word' id='word_1_397' title='bbox 1871 1267 1946 1305; x_wconf 83' lang='lat' dir='ltr'>aut</span> <span class='ocrx_word' id='word_1_398' title='bbox 1972 1265 2020 1318; x_wconf 82' lang='lat' dir='ltr'>(b)</span> <span class='ocrx_word' id='word_1_399' title='bbox 2041 1265 2086 1305; x_wconf 93' lang='lat' dir='ltr'>in</span> <span class='ocrx_word' id='word_1_400' title='bbox 2105 1264 2304 1319; x_wconf 90' lang='lat' dir='ltr'>potentiis</span> <span class='ocrx_word' id='word_1_401' title='bbox 2323 1263 2386 1305; x_wconf 92' lang='lat' dir='ltr'>si-</span> 
     </span>
     <span class='ocr_line' id='line_1_61' title="bbox 1359 1335 2387 1389; baseline 0.003 -15"><span class='ocrx_word' id='word_1_402' title='bbox 1359 1335 1451 1375; x_wconf 89' lang='lat' dir='ltr'>mul</span> <span class='ocrx_word' id='word_1_403' title='bbox 1471 1337 1512 1375; x_wconf 87' lang='lat' dir='ltr'>et</span> <span class='ocrx_word' id='word_1_404' title='bbox 1528 1335 1743 1376; x_wconf 86' lang='lat' dir='ltr'>habitibus</span> <span class='ocrx_word' id='word_1_405' title='bbox 1754 1368 1764 1387; x_wconf 92' lang='lat'>,</span> <span class='ocrx_word' id='word_1_406' title='bbox 1787 1339 1860 1376; x_wconf 86' lang='lat' dir='ltr'>aut</span> <span class='ocrx_word' id='word_1_407' title='bbox 1882 1336 1927 1389; x_wconf 80' lang='lat' dir='ltr'>(c)</span> <span class='ocrx_word' id='word_1_408' title='bbox 1943 1336 1986 1376; x_wconf 91' lang='lat' dir='ltr'>in</span> <span class='ocrx_word' id='word_1_409' title='bbox 2001 1337 2234 1378; x_wconf 85' lang='lat' dir='ltr'>substantia</span> <span class='ocrx_word' id='word_1_410' title='bbox 2251 1339 2292 1377; x_wconf 86' lang='lat' dir='ltr'>et</span> <span class='ocrx_word' id='word_1_411' title='bbox 2307 1336 2387 1377; x_wconf 88' lang='lat' dir='ltr'>ha-</span> 
     </span>
     <span class='ocr_line' id='line_1_62' title="bbox 1359 1405 2387 1460; baseline 0.003 -15"><span class='ocrx_word' id='word_1_412' title='bbox 1359 1405 1543 1457; x_wconf 80' lang='lat' dir='ltr'>bitihus3</span> <span class='ocrx_word' id='word_1_413' title='bbox 1567 1407 1803 1447; x_wconf 87' lang='lat' dir='ltr'>secundum</span> <span class='ocrx_word' id='word_1_414' title='bbox 1824 1410 1885 1448; x_wconf 89' lang='lat' dir='ltr'>est</span> <span class='ocrx_word' id='word_1_415' title='bbox 1909 1407 1960 1448; x_wconf 90' lang='lat' dir='ltr'>de</span> <span class='ocrx_word' id='word_1_416' title='bbox 1985 1407 2072 1448; x_wconf 89' lang='lat' dir='ltr'>istis</span> <span class='ocrx_word' id='word_1_417' title='bbox 2092 1408 2135 1448; x_wconf 89' lang='lat' dir='ltr'>in</span> <span class='ocrx_word' id='word_1_418' title='bbox 2165 1419 2387 1460; x_wconf 86' lang='lat' dir='ltr'>compara-</span> 
     </span>
     <span class='ocr_line' id='line_1_63' title="bbox 1358 1477 2386 1530; baseline 0.002 -14"><span class='ocrx_word' id='word_1_419' title='bbox 1358 1477 1472 1518; x_wconf 78' lang='lat' dir='ltr'>tione</span> <span class='ocrx_word' id='word_1_420' title='bbox 1493 1478 1545 1519; x_wconf 88' lang='lat' dir='ltr'>ad</span> <span class='ocrx_word' id='word_1_421' title='bbox 1564 1477 1774 1529; x_wconf 82' lang='lat' dir='ltr'>invicem3</span> <span class='ocrx_word' id='word_1_422' title='bbox 1798 1478 1993 1530; x_wconf 89' lang='lat' dir='ltr'>tertium,</span> <span class='ocrx_word' id='word_1_423' title='bbox 2014 1481 2163 1519; x_wconf 91' lang='lat' dir='ltr'>utrum</span> <span class='ocrx_word' id='word_1_424' title='bbox 2188 1479 2281 1520; x_wconf 65' lang='lat' dir='ltr'>haee</span> <span class='ocrx_word' id='word_1_425' title='bbox 2306 1479 2386 1518; x_wconf 89' lang='lat' dir='ltr'>tri-</span> 
     </span>
     <span class='ocr_line' id='line_1_64' title="bbox 1359 1549 2389 1603; baseline 0.002 -15"><span class='ocrx_word' id='word_1_426' title='bbox 1359 1549 1467 1589; x_wconf 84' lang='lat' dir='ltr'>nitas</span> <span class='ocrx_word' id='word_1_427' title='bbox 1485 1549 1686 1602; x_wconf 87' lang='lat' dir='ltr'>imaginis</span> <span class='ocrx_word' id='word_1_428' title='bbox 1712 1550 1838 1591; x_wconf 85' lang='lat' dir='ltr'>ducat</span> <span class='ocrx_word' id='word_1_429' title='bbox 1857 1550 2092 1591; x_wconf 86' lang='lat' dir='ltr'>necessario</span> <span class='ocrx_word' id='word_1_430' title='bbox 2111 1550 2157 1590; x_wconf 88' lang='lat' dir='ltr'>in</span> <span class='ocrx_word' id='word_1_431' title='bbox 2175 1550 2389 1603; x_wconf 77' lang='lat' dir='ltr'>cognitio-</span> 
     </span>
     <span class='ocr_line' id='line_1_65' title="bbox 1359 1621 2245 1676; baseline 0.002 -15"><span class='ocrx_word' id='word_1_432' title='bbox 1359 1633 1458 1662; x_wconf 86' lang='lat' dir='ltr'>nem</span> <span class='ocrx_word' id='word_1_433' title='bbox 1480 1621 1709 1672; x_wconf 84' lang='lat' dir='ltr'>Trinitatis,</span> <span class='ocrx_word' id='word_1_434' title='bbox 1726 1625 1937 1676; x_wconf 87' lang='lat' dir='ltr'>quantum</span> <span class='ocrx_word' id='word_1_435' title='bbox 1956 1622 2008 1664; x_wconf 87' lang='lat' dir='ltr'>ad</span> <span class='ocrx_word' id='word_1_436' title='bbox 2029 1634 2245 1676; x_wconf 85' lang='lat' dir='ltr'>personas.</span> 
     </span>
    </p>
   </div>
   <div class='ocr_carea' id='block_1_9' title="bbox 1724 1751 2024 1802">
    <p class='ocr_par' dir='ltr' id='par_1_12' title="bbox 1724 1751 2024 1802">
     <span class='ocr_line' id='line_1_66' title="bbox 1724 1751 2024 1802; baseline 0.003 -10"><span class='ocrx_word' id='word_1_437' title='bbox 1724 1751 1961 1802; x_wconf 83' lang='lat' dir='ltr'>QUAESTIO</span> <span class='ocrx_word' id='word_1_438' title='bbox 1992 1752 2024 1793; x_wconf 89' lang='lat'>1.</span> 
     </span>
    </p>
   </div>
   <div class='ocr_carea' id='block_1_10' title="bbox 1358 1847 2398 3611">
    <p class='ocr_par' dir='ltr' id='par_1_13' title="bbox 1358 1847 2388 2064">
     <span class='ocr_line' id='line_1_67' title="bbox 1358 1847 2386 1895; baseline 0 -11"><span class='ocrx_word' id='word_1_439' title='bbox 1358 1849 1420 1884; x_wconf 79' lang='lat' dir='ltr'>An</span> <span class='ocrx_word' id='word_1_440' title='bbox 1437 1850 1557 1895; x_wconf 74' lang='lat' dir='ltr'>imaqo</span> <span class='ocrx_word' id='word_1_441' title='bbox 1576 1848 1786 1885; x_wconf 74' lang='lat' dir='ltr'>attendatur</span> <span class='ocrx_word' id='word_1_442' title='bbox 1802 1851 1842 1885; x_wconf 74' lang='lat' dir='ltr'>in</span> <span class='ocrx_word' id='word_1_443' title='bbox 1860 1850 1999 1894; x_wconf 80' lang='lat' dir='ltr'>Mente,</span> <span class='ocrx_word' id='word_1_444' title='bbox 2020 1849 2164 1886; x_wconf 72' lang='lat' dir='ltr'>Notitia</span> <span class='ocrx_word' id='word_1_445' title='bbox 2189 1850 2224 1884; x_wconf 81' lang='lat' dir='ltr'>et</span> <span class='ocrx_word' id='word_1_446' title='bbox 2239 1847 2386 1891; x_wconf 79' lang='lat' dir='ltr'>Amore,</span> 
     </span>
     <span class='ocr_line' id='line_1_68' title="bbox 1406 1907 2388 1956; baseline -0.002 -12"><span class='ocrx_word' id='word_1_447' title='bbox 1406 1912 1447 1945; x_wconf 81' lang='lat' dir='ltr'>ut</span> <span class='ocrx_word' id='word_1_448' title='bbox 1466 1911 1506 1944; x_wconf 78' lang='lat' dir='ltr'>in</span> <span class='ocrx_word' id='word_1_449' title='bbox 1521 1911 1722 1956; x_wconf 75' lang='lat' dir='ltr'>potentiis,</span> <span class='ocrx_word' id='word_1_450' title='bbox 1744 1912 1807 1946; x_wconf 77' lang='lat' dir='ltr'>aut</span> <span class='ocrx_word' id='word_1_451' title='bbox 1826 1912 1866 1945; x_wconf 78' lang='lat' dir='ltr'>ut</span> <span class='ocrx_word' id='word_1_452' title='bbox 1891 1911 1932 1945; x_wconf 77' lang='lat' dir='ltr'>in</span> <span class='ocrx_word' id='word_1_453' title='bbox 1956 1909 2158 1955; x_wconf 76' lang='lat' dir='ltr'>habitibus,</span> <span class='ocrx_word' id='word_1_454' title='bbox 2180 1911 2246 1944; x_wconf 75' lang='lat' dir='ltr'>aut</span> <span class='ocrx_word' id='word_1_455' title='bbox 2274 1907 2325 1956; x_wconf 84' lang='lat' dir='ltr'>(d)</span> <span class='ocrx_word' id='word_1_456' title='bbox 2347 1908 2388 1942; x_wconf 77' lang='lat' dir='ltr'>in</span> 
     </span>
     <span class='ocr_line' id='line_1_69' title="bbox 1405 1965 2385 2015; baseline -0.002 -12"><span class='ocrx_word' id='word_1_457' title='bbox 1405 1970 1590 2014; x_wconf 73' lang='lat' dir='ltr'>utriusque</span> <span class='ocrx_word' id='word_1_458' title='bbox 1618 1970 1750 2011; x_wconf 70' lang='lat' dir='ltr'>simul,</span> <span class='ocrx_word' id='word_1_459' title='bbox 1776 1969 1832 2005; x_wconf 81' lang='lat' dir='ltr'>vel</span> <span class='ocrx_word' id='word_1_460' title='bbox 1863 1967 1902 2015; x_wconf 82' lang='lat' dir='ltr'>(e)</span> <span class='ocrx_word' id='word_1_461' title='bbox 1931 1970 1972 2004; x_wconf 74' lang='lat' dir='ltr'>in</span> <span class='ocrx_word' id='word_1_462' title='bbox 1994 1968 2200 2005; x_wconf 67' lang='lat' dir='ltr'>substantia</span> <span class='ocrx_word' id='word_1_463' title='bbox 2221 1968 2256 2003; x_wconf 78' lang='lat' dir='ltr'>et</span> <span class='ocrx_word' id='word_1_464' title='bbox 2278 1965 2385 2002; x_wconf 64' lang='lat' dir='ltr'>habi-</span> 
     </span>
     <span class='ocr_line' id='line_1_70' title="bbox 1408 2028 1546 2064; baseline 0.007 -1"><span class='ocrx_word' id='word_1_465' title='bbox 1408 2028 1503 2064; x_wconf 64' lang='lat' dir='ltr'>tibus</span> <span class='ocrx_word' id='word_1_466' title='bbox 1522 2028 1546 2064; x_wconf 91' lang='lat'>¹.</span> 
     </span>
    </p>

    <p class='ocr_par' dir='ltr' id='par_1_14' title="bbox 1358 2121 2395 2757">
     <span class='ocr_line' id='line_1_71' title="bbox 1413 2121 2389 2178; baseline -0.004 -13"><span class='ocrx_word' id='word_1_467' title='bbox 1413 2124 1530 2165; x_wconf 85' lang='lat' dir='ltr'>Circa</span> <span class='ocrx_word' id='word_1_468' title='bbox 1562 2124 1673 2165; x_wconf 83' lang='lat' dir='ltr'>hane</span> <span class='ocrx_word' id='word_1_469' title='bbox 1703 2124 1762 2165; x_wconf 88' lang='lat' dir='ltr'>sic</span> <span class='ocrx_word' id='word_1_470' title='bbox 1792 2124 2056 2178; x_wconf 84' lang='lat' dir='ltr'>proceditur,</span> <span class='ocrx_word' id='word_1_471' title='bbox 2080 2125 2122 2164; x_wconf 86' lang='lat' dir='ltr'>et</span> <span class='ocrx_word' id='word_1_472' title='bbox 2153 2121 2389 2163; x_wconf 84' lang='lat' dir='ltr'>ostenditur</span> 
     </span>
     <span class='ocr_line' id='line_1_72' title="bbox 1358 2194 2390 2250; baseline -0.005 -12"><span class='ocrx_word' id='word_1_473' title='bbox 1358 2197 1512 2250; x_wconf 86' lang='lat' dir='ltr'>primo,</span> <span class='ocrx_word' id='word_1_474' title='bbox 1532 2197 1645 2250; x_wconf 84' lang='lat' dir='ltr'>quod</span> <span class='ocrx_word' id='word_1_475' title='bbox 1665 2209 1753 2238; x_wconf 92' lang='lat' dir='ltr'>non</span> <span class='ocrx_word' id='word_1_476' title='bbox 1773 2196 1819 2236; x_wconf 92' lang='lat' dir='ltr'>in</span> <span class='ocrx_word' id='word_1_477' title='bbox 1837 2196 1903 2236; x_wconf 90' lang='lat' dir='ltr'>his</span> <span class='ocrx_word' id='word_1_478' title='bbox 1916 2199 1965 2236; x_wconf 90' lang='lat' dir='ltr'>ut</span> <span class='ocrx_word' id='word_1_479' title='bbox 1984 2196 2028 2235; x_wconf 91' lang='lat' dir='ltr'>in</span> <span class='ocrx_word' id='word_1_480' title='bbox 2043 2194 2241 2249; x_wconf 88' lang='lat' dir='ltr'>potentiis</span> <span class='ocrx_word' id='word_1_481' title='bbox 2257 2195 2390 2234; x_wconf 90' lang='lat' dir='ltr'>atten-</span> 
     </span>
     <span class='ocr_line' id='line_1_73' title="bbox 1359 2267 2392 2324; baseline -0.005 -11"><span class='ocrx_word' id='word_1_482' title='bbox 1359 2272 1482 2313; x_wconf 87' lang='lat' dir='ltr'>datur</span> <span class='ocrx_word' id='word_1_483' title='bbox 1501 2272 1670 2324; x_wconf 81' lang='lat' dir='ltr'>imago3</span> <span class='ocrx_word' id='word_1_484' title='bbox 1690 2271 1791 2324; x_wconf 85' lang='lat' dir='ltr'>quia</span> <span class='ocrx_word' id='word_1_485' title='bbox 1820 2270 2023 2324; x_wconf 83' lang='lat' dir='ltr'>praedicta</span> <span class='ocrx_word' id='word_1_486' title='bbox 2054 2269 2282 2322; x_wconf 88' lang='lat' dir='ltr'>assignatio</span> <span class='ocrx_word' id='word_1_487' title='bbox 2311 2267 2392 2308; x_wconf 87' lang='lat' dir='ltr'>fuit</span> 
     </span>
     <span class='ocr_line' id='line_1_74' title="bbox 1358 2339 2391 2397; baseline -0.004 -13"><span class='ocrx_word' id='word_1_488' title='bbox 1358 2343 1404 2384; x_wconf 89' lang='lat' dir='ltr'>in</span> <span class='ocrx_word' id='word_1_489' title='bbox 1439 2344 1640 2397; x_wconf 86' lang='lat' dir='ltr'>potentiis</span> <span class='ocrx_word' id='word_1_490' title='bbox 1667 2358 1676 2384; x_wconf 90' lang='lat'><strong>:</strong></span> <span class='ocrx_word' id='word_1_491' title='bbox 1711 2355 1836 2395; x_wconf 89' lang='lat' dir='ltr'>ergo,</span> <span class='ocrx_word' id='word_1_492' title='bbox 1865 2342 1899 2383; x_wconf 91' lang='lat' dir='ltr'>si</span> <span class='ocrx_word' id='word_1_493' title='bbox 1930 2342 2000 2383; x_wconf 85' lang='lat' dir='ltr'>hio</span> <span class='ocrx_word' id='word_1_494' title='bbox 2034 2341 2164 2382; x_wconf 89' lang='lat' dir='ltr'>etiam</span> <span class='ocrx_word' id='word_1_495' title='bbox 2203 2341 2311 2381; x_wconf 89' lang='lat' dir='ltr'>esset</span> <span class='ocrx_word' id='word_1_496' title='bbox 2344 2339 2391 2380; x_wconf 93' lang='grc'>111</span> 
     </span>
     <span class='ocr_line' id='line_1_75' title="bbox 1359 2411 2392 2469; baseline -0.005 -12"><span class='ocrx_word' id='word_1_497' title='bbox 1359 2416 1576 2469; x_wconf 90' lang='lat' dir='ltr'>potentiis,</span> <span class='ocrx_word' id='word_1_498' title='bbox 1607 2428 1696 2456; x_wconf 91' lang='lat' dir='ltr'>non</span> <span class='ocrx_word' id='word_1_499' title='bbox 1727 2417 1834 2456; x_wconf 86' lang='lat' dir='ltr'>esset</span> <span class='ocrx_word' id='word_1_500' title='bbox 1871 2414 1952 2454; x_wconf 86' lang='lat' dir='ltr'>nisi</span> <span class='ocrx_word' id='word_1_501' title='bbox 1984 2412 2209 2454; x_wconf 82' lang='lat' dir='ltr'>inculcatio</span> <span class='ocrx_word' id='word_1_502' title='bbox 2240 2411 2392 2453; x_wconf 89' lang='lat' dir='ltr'>verbo-</span> 
     </span>
     <span class='ocr_line' id='line_1_76' title="bbox 1359 2483 2394 2537; baseline -0.006 -9"><span class='ocrx_word' id='word_1_503' title='bbox 1359 2499 1472 2528; x_wconf 87' lang='lat' dir='ltr'>rum.</span> <span class='ocrx_word' id='word_1_504' title='bbox 1501 2486 1709 2528; x_wconf 57' lang='lat' dir='ltr'>Praeterea</span> <span class='ocrx_word' id='word_1_505' title='bbox 1723 2519 1734 2537; x_wconf 91' lang='lat'>,</span> <span class='ocrx_word' id='word_1_506' title='bbox 1755 2485 1904 2527; x_wconf 86' lang='lat' dir='ltr'>notitia</span> <span class='ocrx_word' id='word_1_507' title='bbox 1929 2487 1970 2526; x_wconf 81' lang='lat' dir='ltr'>et</span> <span class='ocrx_word' id='word_1_508' title='bbox 1989 2496 2109 2525; x_wconf 89' lang='lat' dir='ltr'>amor</span> <span class='ocrx_word' id='word_1_509' title='bbox 2127 2496 2215 2525; x_wconf 91' lang='lat' dir='ltr'>non</span> <span class='ocrx_word' id='word_1_510' title='bbox 2245 2483 2394 2524; x_wconf 86' lang='lat' dir='ltr'>dicunt</span> 
     </span>
     <span class='ocr_line' id='line_1_77' title="bbox 1359 2553 2395 2611; baseline -0.006 -12"><span class='ocrx_word' id='word_1_511' title='bbox 1359 2558 1591 2611; x_wconf 86' lang='lat' dir='ltr'>potentiam</span> <span class='ocrx_word' id='word_1_512' title='bbox 1609 2591 1619 2609; x_wconf 95' lang='lat'>,</span> <span class='ocrx_word' id='word_1_513' title='bbox 1654 2557 1723 2599; x_wconf 88' lang='lat' dir='ltr'>sed</span> <span class='ocrx_word' id='word_1_514' title='bbox 1754 2557 1926 2598; x_wconf 86' lang='lat' dir='ltr'>habitus</span> <span class='ocrx_word' id='word_1_515' title='bbox 1944 2588 1954 2606; x_wconf 92' lang='lat'>,</span> <span class='ocrx_word' id='word_1_516' title='bbox 1985 2556 2080 2596; x_wconf 87' lang='lat' dir='ltr'>licet</span> <span class='ocrx_word' id='word_1_517' title='bbox 2111 2566 2233 2596; x_wconf 90' lang='lat' dir='ltr'>mens</span> <span class='ocrx_word' id='word_1_518' title='bbox 2262 2553 2395 2607; x_wconf 84' lang='lat' dir='ltr'>possit</span> 
     </span>
     <span class='ocr_line' id='line_1_78' title="bbox 1360 2627 2394 2685; baseline -0.005 -13"><span class='ocrx_word' id='word_1_519' title='bbox 1360 2631 1496 2673; x_wconf 86' lang='lat' dir='ltr'>dicere</span> <span class='ocrx_word' id='word_1_520' title='bbox 1528 2630 1758 2685; x_wconf 85' lang='lat' dir='ltr'>potentiam</span> <span class='ocrx_word' id='word_1_521' title='bbox 1787 2644 1796 2670; x_wconf 89' lang='lat'>:</span> <span class='ocrx_word' id='word_1_522' title='bbox 1831 2641 1935 2682; x_wconf 88' lang='lat' dir='ltr'>ergo</span> <span class='ocrx_word' id='word_1_523' title='bbox 1964 2628 2168 2682; x_wconf 85' lang='lat' dir='ltr'>praedicta</span> <span class='ocrx_word' id='word_1_524' title='bbox 2196 2627 2278 2669; x_wconf 86' lang='lat' dir='ltr'>tria</span> <span class='ocrx_word' id='word_1_525' title='bbox 2306 2638 2394 2668; x_wconf 91' lang='lat' dir='ltr'>non</span> 
     </span>
     <span class='ocr_line' id='line_1_79' title="bbox 1360 2699 2270 2757; baseline -0.005 -12"><span class='ocrx_word' id='word_1_526' title='bbox 1360 2706 1538 2757; x_wconf 84' lang='lat' dir='ltr'>possunt</span> <span class='ocrx_word' id='word_1_527' title='bbox 1556 2703 1658 2757; x_wconf 89' lang='lat' dir='ltr'>poni</span> <span class='ocrx_word' id='word_1_528' title='bbox 1678 2702 1757 2743; x_wconf 86' lang='lat' dir='ltr'>sub</span> <span class='ocrx_word' id='word_1_529' title='bbox 1780 2701 1944 2742; x_wconf 88' lang='lat' dir='ltr'>ratione</span> <span class='ocrx_word' id='word_1_530' title='bbox 1965 2699 2270 2754; x_wconf 86' lang='lat' dir='ltr'>potentiarum.</span> 
     </span>
    </p>

    <p class='ocr_par' dir='ltr' id='par_1_15' title="bbox 1361 2771 2396 3039">
     <span class='ocr_line' id='line_1_80' title="bbox 1416 2771 2390 2826; baseline -0.006 -9"><span class='ocrx_word' id='word_1_531' title='bbox 1416 2776 1520 2817; x_wconf 86' lang='lat' dir='ltr'>Item</span> <span class='ocrx_word' id='word_1_532' title='bbox 1540 2775 1774 2817; x_wconf 84' lang='lat' dir='ltr'>ostenditur</span> <span class='ocrx_word' id='word_1_533' title='bbox 1792 2773 1905 2826; x_wconf 88' lang='lat' dir='ltr'>quod</span> <span class='ocrx_word' id='word_1_534' title='bbox 1921 2784 2008 2813; x_wconf 90' lang='lat' dir='ltr'>non</span> <span class='ocrx_word' id='word_1_535' title='bbox 2026 2772 2135 2813; x_wconf 86' lang='lat' dir='ltr'>utin</span> <span class='ocrx_word' id='word_1_536' title='bbox 2153 2771 2390 2821; x_wconf 80' lang='lat' dir='ltr'>habitibu53</span> 
     </span>
     <span class='ocr_line' id='line_1_81' title="bbox 1361 2843 2394 2901; baseline -0.007 -12"><span class='ocrx_word' id='word_1_537' title='bbox 1361 2848 1464 2901; x_wconf 85' lang='lat' dir='ltr'>quia</span> <span class='ocrx_word' id='word_1_538' title='bbox 1480 2846 1754 2900; x_wconf 85' lang='lat' dir='ltr'>Augustinus</span> <span class='ocrx_word' id='word_1_539' title='bbox 1770 2845 1870 2886; x_wconf 78' lang='lat' dir='ltr'>dicit</span> <span class='ocrx_word' id='word_1_540' title='bbox 1882 2845 1897 2868; x_wconf 86' lang='lat'><strong>²</strong></span> <span class='ocrx_word' id='word_1_541' title='bbox 1919 2844 1965 2885; x_wconf 93' lang='lat' dir='ltr'>in</span> <span class='ocrx_word' id='word_1_542' title='bbox 1981 2843 2185 2896; x_wconf 86' lang='lat' dir='ltr'>imaginis</span> <span class='ocrx_word' id='word_1_543' title='bbox 2201 2843 2394 2895; x_wconf 88' lang='lat' dir='ltr'>assigna-</span> 
     </span>
     <span class='ocr_line' id='line_1_82' title="bbox 1361 2914 2396 2968; baseline -0.005 -9"><span class='ocrx_word' id='word_1_544' title='bbox 1361 2920 1502 2960; x_wconf 82' lang='lat' dir='ltr'>tione:</span> <span class='ocrx_word' id='word_1_545' title='bbox 1520 2934 1539 2958; x_wconf 86' lang='lat'>«</span> <span class='ocrx_word' id='word_1_546' title='bbox 1557 2917 1674 2959; x_wconf 88' lang='lat' dir='ltr'>Mens</span> <span class='ocrx_word' id='word_1_547' title='bbox 1697 2917 1818 2959; x_wconf 89' lang='lat' dir='ltr'>novit</span> <span class='ocrx_word' id='word_1_548' title='bbox 1843 2929 1901 2968; x_wconf 88' lang='lat' dir='ltr'>se,</span> <span class='ocrx_word' id='word_1_549' title='bbox 1919 2915 2055 2968; x_wconf 88' lang='lat' dir='ltr'>diligit</span> <span class='ocrx_word' id='word_1_550' title='bbox 2073 2927 2116 2955; x_wconf 90' lang='lat' dir='ltr'>se</span> <span class='ocrx_word' id='word_1_551' title='bbox 2135 2929 2143 2955; x_wconf 92' lang='lat'>:</span> <span class='ocrx_word' id='word_1_552' title='bbox 2165 2929 2184 2953; x_wconf 71' lang='lat'>&gt;³</span> <span class='ocrx_word' id='word_1_553' title='bbox 2204 2914 2275 2956; x_wconf 88' lang='lat' dir='ltr'>sed</span> <span class='ocrx_word' id='word_1_554' title='bbox 2296 2914 2396 2955; x_wconf 90' lang='lat' dir='ltr'>nul-</span> 
     </span>
     <span class='ocr_line' id='line_1_83' title="bbox 1362 2988 2393 3039; baseline -0.004 -9"><span class='ocrx_word' id='word_1_555' title='bbox 1362 2990 1445 3031; x_wconf 91' lang='lat' dir='ltr'>lius</span> <span class='ocrx_word' id='word_1_556' title='bbox 1464 2989 1634 3030; x_wconf 87' lang='lat' dir='ltr'>habitus</span> <span class='ocrx_word' id='word_1_557' title='bbox 1650 2992 1712 3030; x_wconf 91' lang='lat' dir='ltr'>est</span> <span class='ocrx_word' id='word_1_558' title='bbox 1730 3000 1876 3039; x_wconf 89' lang='lat' dir='ltr'>nosse,</span> <span class='ocrx_word' id='word_1_559' title='bbox 1892 2999 1970 3028; x_wconf 86' lang='lat' dir='ltr'>nec</span> <span class='ocrx_word' id='word_1_560' title='bbox 1990 2998 2133 3027; x_wconf 86' lang='lat' dir='ltr'>amare</span> <span class='ocrx_word' id='word_1_561' title='bbox 2151 2998 2161 3026; x_wconf 90' lang='lat'>:</span> <span class='ocrx_word' id='word_1_562' title='bbox 2178 2998 2297 3038; x_wconf 91' lang='lat' dir='ltr'>ergo,</span> <span class='ocrx_word' id='word_1_563' title='bbox 2314 2988 2393 3026; x_wconf 83' lang='lat' dir='ltr'>eto.</span> 
     </span>
    </p>

    <p class='ocr_par' dir='ltr' id='par_1_16' title="bbox 1363 3057 2398 3538">
     <span class='ocr_line' id='line_1_84' title="bbox 1418 3057 2396 3112; baseline -0.005 -10"><span class='ocrx_word' id='word_1_564' title='bbox 1418 3061 1521 3102; x_wconf 88' lang='lat' dir='ltr'>Item</span> <span class='ocrx_word' id='word_1_565' title='bbox 1533 3093 1544 3112; x_wconf 94' lang='lat'>,</span> <span class='ocrx_word' id='word_1_566' title='bbox 1566 3061 1600 3101; x_wconf 89' lang='lat' dir='ltr'>si</span> <span class='ocrx_word' id='word_1_567' title='bbox 1620 3072 1742 3102; x_wconf 88' lang='lat' dir='ltr'>mens</span> <span class='ocrx_word' id='word_1_568' title='bbox 1760 3061 1841 3100; x_wconf 85' lang='lat' dir='ltr'>stat</span> <span class='ocrx_word' id='word_1_569' title='bbox 1863 3071 1939 3112; x_wconf 92' lang='lat' dir='ltr'>pro</span> <span class='ocrx_word' id='word_1_570' title='bbox 1957 3057 2106 3099; x_wconf 84' lang='lat' dir='ltr'>habitu</span> <span class='ocrx_word' id='word_1_571' title='bbox 2118 3089 2128 3109; x_wconf 93' lang='lat'>,</span> <span class='ocrx_word' id='word_1_572' title='bbox 2153 3068 2302 3110; x_wconf 81' lang='lat' dir='ltr'>quaero</span> <span class='ocrx_word' id='word_1_573' title='bbox 2318 3068 2396 3110; x_wconf 85' lang='lat' dir='ltr'>pro</span> 
     </span>
     <span class='ocr_line' id='line_1_85' title="bbox 1363 3128 2396 3187; baseline -0.007 -12"><span class='ocrx_word' id='word_1_574' title='bbox 1363 3146 1448 3187; x_wconf 91' lang='lat' dir='ltr'>quo</span> <span class='ocrx_word' id='word_1_575' title='bbox 1479 3133 1663 3174; x_wconf 78' lang='lat' dir='ltr'>habitu?</span> <span class='ocrx_word' id='word_1_576' title='bbox 1693 3133 1736 3173; x_wconf 81' lang='lat' dir='ltr'>Si</span> <span class='ocrx_word' id='word_1_577' title='bbox 1763 3143 1840 3185; x_wconf 90' lang='lat' dir='ltr'>pro</span> <span class='ocrx_word' id='word_1_578' title='bbox 1871 3130 2022 3171; x_wconf 84' lang='lat' dir='ltr'>habitu</span> <span class='ocrx_word' id='word_1_579' title='bbox 2059 3129 2281 3169; x_wconf 61' lang='lat' dir='ltr'>memoriae·</span> <span class='ocrx_word' id='word_1_580' title='bbox 2300 3159 2312 3178; x_wconf 96' lang='lat'>,</span> <span class='ocrx_word' id='word_1_581' title='bbox 2345 3128 2396 3168; x_wconf 88' lang='lat' dir='ltr'>de</span> 
     </span>
     <span class='ocr_line' id='line_1_86' title="bbox 1363 3201 2393 3259; baseline -0.004 -14"><span class='ocrx_word' id='word_1_582' title='bbox 1363 3217 1448 3259; x_wconf 90' lang='lat' dir='ltr'>quo</span> <span class='ocrx_word' id='word_1_583' title='bbox 1463 3204 1602 3257; x_wconf 86' lang='lat' dir='ltr'>magis</span> <span class='ocrx_word' id='word_1_584' title='bbox 1621 3204 1805 3252; x_wconf 87' lang='lat' dir='ltr'>videtur,</span> <span class='ocrx_word' id='word_1_585' title='bbox 1824 3202 1926 3256; x_wconf 88' lang='lat' dir='ltr'>quia</span> <span class='ocrx_word' id='word_1_586' title='bbox 1940 3213 2030 3242; x_wconf 88' lang='lat' dir='ltr'>non</span> <span class='ocrx_word' id='word_1_587' title='bbox 2047 3203 2109 3242; x_wconf 88' lang='lat' dir='ltr'>est</span> <span class='ocrx_word' id='word_1_588' title='bbox 2124 3201 2258 3242; x_wconf 89' lang='lat' dir='ltr'>alium</span> <span class='ocrx_word' id='word_1_589' title='bbox 2277 3201 2393 3249; x_wconf 86' lang='lat' dir='ltr'>dare,</span> 
     </span>
     <span class='ocr_line' id='line_1_87' title="bbox 1363 3272 2398 3329; baseline -0.006 -12"><span class='ocrx_word' id='word_1_590' title='bbox 1363 3277 1435 3317; x_wconf 88' lang='lat' dir='ltr'>sed</span> <span class='ocrx_word' id='word_1_591' title='bbox 1456 3276 1507 3329; x_wconf 77' lang='lat' dir='ltr'>(f)</span> <span class='ocrx_word' id='word_1_592' title='bbox 1531 3278 1648 3316; x_wconf 86' lang='lat' dir='ltr'>actus</span> <span class='ocrx_word' id='word_1_593' title='bbox 1658 3275 1830 3316; x_wconf 87' lang='lat' dir='ltr'>habitus</span> <span class='ocrx_word' id='word_1_594' title='bbox 1848 3274 1980 3327; x_wconf 89' lang='lat' dir='ltr'>hujus</span> <span class='ocrx_word' id='word_1_595' title='bbox 1996 3274 2058 3313; x_wconf 89' lang='lat' dir='ltr'>est</span> <span class='ocrx_word' id='word_1_596' title='bbox 2074 3272 2316 3313; x_wconf 88' lang='lat' dir='ltr'>meminisse</span> <span class='ocrx_word' id='word_1_597' title='bbox 2329 3303 2340 3322; x_wconf 96' lang='lat'>,</span> <span class='ocrx_word' id='word_1_598' title='bbox 2357 3272 2398 3311; x_wconf 91' lang='lat' dir='ltr'>et</span> 
     </span>
     <span class='ocr_line' id='line_1_88' title="bbox 1364 3340 2398 3398; baseline -0.008 -9"><span class='ocrx_word' id='word_1_599' title='bbox 1364 3360 1450 3389; x_wconf 89' lang='lat' dir='ltr'>non</span> <span class='ocrx_word' id='word_1_600' title='bbox 1469 3347 1578 3388; x_wconf 88' lang='lat' dir='ltr'>alius</span> <span class='ocrx_word' id='word_1_601' title='bbox 1599 3362 1608 3389; x_wconf 88' lang='lat'>:</span> <span class='ocrx_word' id='word_1_602' title='bbox 1632 3348 1704 3389; x_wconf 92' lang='lat' dir='ltr'>sed</span> <span class='ocrx_word' id='word_1_603' title='bbox 1730 3345 2003 3398; x_wconf 89' lang='lat' dir='ltr'>Augustinus</span> <span class='ocrx_word' id='word_1_604' title='bbox 2021 3343 2212 3396; x_wconf 87' lang='lat' dir='ltr'>assignat</span> <span class='ocrx_word' id='word_1_605' title='bbox 2228 3343 2241 3365; x_wconf 72' lang='lat'>³</span> <span class='ocrx_word' id='word_1_606' title='bbox 2265 3340 2398 3383; x_wconf 89' lang='lat' dir='ltr'>menti</span> 
     </span>
     <span class='ocr_line' id='line_1_89' title="bbox 1364 3445 2394 3491; baseline -0.006 -10"><span class='ocrx_word' id='word_1_607' title='bbox 1364 3451 1427 3481; x_wconf 79' lang='lat' dir='ltr'>art.</span> <span class='ocrx_word' id='word_1_608' title='bbox 1443 3451 1479 3489; x_wconf 74' lang='lat'>43</span> <span class='ocrx_word' id='word_1_609' title='bbox 1496 3449 1616 3481; x_wconf 85' lang='lat' dir='ltr'>Thom.</span> <span class='ocrx_word' id='word_1_610' title='bbox 1635 3450 1787 3491; x_wconf 61' lang='lat' dir='ltr'>,Ax-gent„</span> <span class='ocrx_word' id='word_1_611' title='bbox 1800 3447 1827 3479; x_wconf 88' lang='lat' dir='ltr'>ll</span> <span class='ocrx_word' id='word_1_612' title='bbox 1841 3447 1945 3485; x_wconf 66' lang='lat' dir='ltr'>Sem„</span> <span class='ocrx_word' id='word_1_613' title='bbox 1961 3446 2037 3478; x_wconf 88' lang='lat' dir='ltr'>dist.</span> <span class='ocrx_word' id='word_1_614' title='bbox 2052 3453 2124 3487; x_wconf 78' lang='lat' dir='ltr'>xvi,</span> <span class='ocrx_word' id='word_1_615' title='bbox 2139 3455 2174 3487; x_wconf 84' lang='lat' dir='ltr'>q.</span> <span class='ocrx_word' id='word_1_616' title='bbox 2191 3453 2216 3487; x_wconf 86' lang='lat'>1,</span> <span class='ocrx_word' id='word_1_617' title='bbox 2231 3446 2293 3477; x_wconf 89' lang='lat' dir='ltr'>art.</span> <span class='ocrx_word' id='word_1_618' title='bbox 2311 3445 2394 3476; x_wconf 82' lang='lat'>4.—</span> 
     </span>
     <span class='ocr_line' id='line_1_90' title="bbox 1364 3493 2054 3538; baseline -0.004 -9"><span class='ocrx_word' id='word_1_619' title='bbox 1364 3499 1378 3519; x_wconf 74' lang='lat'><strong>2</strong></span> <span class='ocrx_word' id='word_1_620' title='bbox 1395 3498 1440 3529; x_wconf 86' lang='lat' dir='ltr'>De</span> <span class='ocrx_word' id='word_1_621' title='bbox 1459 3498 1594 3538; x_wconf 59' lang='lat' dir='ltr'>Triniff,</span> <span class='ocrx_word' id='word_1_622' title='bbox 1612 3497 1671 3529; x_wconf 88' lang='lat' dir='ltr'>lib.</span> <span class='ocrx_word' id='word_1_623' title='bbox 1692 3498 1733 3529; x_wconf 86' lang='lat' dir='ltr'>IX</span> <span class='ocrx_word' id='word_1_624' title='bbox 1747 3521 1757 3538; x_wconf 88' lang='lat'>‚</span> <span class='ocrx_word' id='word_1_625' title='bbox 1777 3505 1806 3528; x_wconf 88' lang='lat' dir='ltr'>c.</span> <span class='ocrx_word' id='word_1_626' title='bbox 1824 3502 1870 3528; x_wconf 82' lang='lat' dir='ltr'>lv.</span> <span class='ocrx_word' id='word_1_627' title='bbox 1886 3512 1928 3518; x_wconf 89' lang='lat'><em>-</em></span> <span class='ocrx_word' id='word_1_628' title='bbox 1945 3493 2054 3527; x_wconf 73' lang='lat' dir='ltr'>³1bz&#39;cl.</span> 
     </span>
    </p>

    <p class='ocr_par' dir='ltr' id='par_1_17' title="bbox 1365 3569 1655 3611">
     <span class='ocr_line' id='line_1_91' title="bbox 1365 3569 1655 3611; baseline -0.003 -10"><span class='ocrx_word' id='word_1_629' title='bbox 1365 3587 1404 3593; x_wconf 92' lang='lat'>-—-</span> <span class='ocrx_word' id='word_1_630' title='bbox 1420 3569 1465 3611; x_wconf 82' lang='lat' dir='ltr'>(f)</span> <span class='ocrx_word' id='word_1_631' title='bbox 1486 3569 1565 3601; x_wconf 81' lang='lat' dir='ltr'>Dele</span> <span class='ocrx_word' id='word_1_632' title='bbox 1582 3569 1655 3602; x_wconf 86' lang='lat' dir='ltr'>sed.</span> 
     </span>
    </p>
   </div>
   <div class='ocr_carea' id='block_1_11' title="bbox 2439 2155 2550 2226">
    <p class='ocr_par' dir='ltr' id='par_1_18' title="bbox 2439 2155 2550 2226">
     <span class='ocr_line' id='line_1_92' title="bbox 2439 2155 2550 2184; baseline -0.018 0"><span class='ocrx_word' id='word_1_633' title='bbox 2439 2155 2550 2184; x_wconf 80' lang='lat' dir='ltr'>Funda-</span> 
     </span>
     <span class='ocr_line' id='line_1_93' title="bbox 2445 2201 2550 2226; baseline -0.019 0"><span class='ocrx_word' id='word_1_634' title='bbox 2445 2201 2550 2226; x_wconf 77' lang='lat' dir='ltr'>menia.</span> 
     </span>
    </p>
   </div>
  </div>
 </body>
</html>
