2613 3990
1075 227 1325 269 DISTINCT.
1356 228 1462 269 XIII.
2247 232 2324 270 217

213 325 334 369 cedat
351 339 377 367 a
395 323 548 378 Patre,
575 320 841 364 dissimiliter
871 323 1032 362 tamen.
1059 317 1170 361 Nam
1203 316 1391 376 Spiritus
1417 322 1611 371 sanctuS,
1630 323 1680 360 ut
1698 318 1757 361 ait
1776 318 2077 375 Augustinus1
2107 318 2152 361 in
2171 318 2324 377 quinto
2366 323 2474 349 dicatur

213 400 379 445 decimo
400 399 515 443 libro
536 398 589 442 (Ze
609 399 646 441 T
644 397 841 449 rz'm'tate,
865 395 1057 455 procedit
1077 411 1102 439 a
1117 395 1268 448 Patre,
1292 410 1382 438 non
1400 409 1489 454 quo
1508 393 1637 437 modo
1658 399 1802 449 natus,
1825 393 1898 437 sed
1921 409 2008 452 quo
2028 394 2155 438 modo
2175 395 2324 450 datus,
2363 373 2467 432 effige-

214 478 283 521 vel
300 476 481 520 donum.
505 476 643 519 Filius
663 480 808 519 autem
828 472 1032 532 processit
1052 472 1288 527 nascendo,
1312 473 1416 515 exiit
1442 477 1490 515 ut
1509 471 1683 528 genitus
1702 483 1731 515 2.
1754 472 1817 514 Ac
1837 486 1913 530 per
1932 471 2012 514 1100
2037 472 2147 514 111οἀ
2169 471 2328 514 eluces-

214 554 287 609 cit,
310 558 360 597 ut
380 559 533 612 potest,
548 552 708 596 scilicet
721 565 798 594 cur
817 549 1007 609 Spiritus
1025 554 1197 592 sanctus
1217 549 1345 593 etiam
1359 564 1445 593 non
1464 549 1518 591 sit
1538 548 1673 603 filius,
1697 564 1796 592 cum
1819 555 1859 592 et
1873 549 1962 607 ipse
1977 564 2001 592 a
2017 549 2142 592 Patre
2154 553 2276 591 exeat
2297 552 2325 590 ³.

213 631 314 675 Ideo
336 631 525 690 Spiritus
545 645 633 674 non
653 628 811 672 dicitur
832 627 966 682 filius,
983 627 1087 686 quia
1106 642 1248 686 neque
1268 632 1398 670 natus
1417 631 1480 670 est
1499 626 1608 669 sicut
1635 626 1888 683 unigenitus
1901 661 1911 680 ,
1937 641 2078 684 neque
2097 625 2236 668 factus
2248 659 2259 679 ‚
2283 629 2330 667 ut

214 724 290 768 per
310 708 387 752 Dei
407 707 591 766 gratiam
615 706 661 749 in
683 705 956 763 adoptionem
981 709 1246 759 nasceretur,
1270 703 1381 747 sicut
1401 719 1494 747 nos.

271 787 388 829 Inter
419 783 742 843 generationem
764 796 868 825 vero
888 781 1009 836 Filii,
1027 786 1069 824 et
1085 781 1401 840 processionem
1424 779 1612 839 Spiritus
1633 780 1787 835 sancti,
1811 780 1916 823 dum
1932 779 2001 822 hic
2021 778 2231 832 vivimus,
2248 778 2332 822 dis·
2390 778 2468 845 Qluod

215 863 413 921 tinguere
428 877 516 906 non
535 860 791 904 sufficimus.
806 859 932 903 Unde
947 858 1223 916 Augustinus
1237 858 1495 913 Maximino,
1510 858 1776 916 praemissam
1792 857 2078 914 quaestionem
2093 855 2330 910 refricanti,
2368 864 2419 907 {est
2441 861 2492 907 {lis-

214 941 374 984 scilicet
392 937 607 998 quaerenti
637 952 716 980 cur
744 936 934 996 Spiritus
958 940 1132 979 sanctus
1152 951 1239 978 001]
1260 936 1476 979 diceretur
1497 934 1634 989 filius,
1657 949 1757 978 cum
1776 934 1828 977 de
1849 933 1989 977 Patris
2006 938 2113 977 esset
2133 932 2334 975 substan-
2357 988 2361 993 Ι
2385 923 2465 972 nst-[s

215 1018 290 1074 tia,
312 1015 575 1076 respondens
594 1014 654 1058 sic
673 1014 733 1058 ait
753 1018 767 1039 ἶ*
790 1030 799 1057 :
832 1031 853 1055 «
873 1013 1043 1066 Quaeris
1062 1029 1086 1057 a
1105 1029 1191 1068 me,
1214 1013 1250 1056 si
1269 1013 1322 1057 de
1341 1012 1583 1057 substantia
1604 1011 1745 1056 Patris
1765 1017 1827 1055 est
1846 1011 2001 1065 Filius,
2025 1011 2076 1053 de
2096 1008 2336 1053 substantia
2368 1029 2494 1073 ¹¹0s³²*.0.·.

215 1094 356 1138 Patris
375 1099 438 1137 est
454 1093 583 1136 etiam
603 1092 795 1151 Spiritus
814 1097 987 1134 sanctus
1005 1108 1014 1146 ;
1039 1105 1116 1134 cur
1137 1106 1251 1135 unus
1272 1090 1393 1134 filius
1411 1090 1481 1145 sit,
1505 1095 1546 1133 et
1566 1089 1678 1133 alius
1697 1104 1786 1132 non
1806 1089 1860 1131 sit
1875 1088 2007 1132 filius.
2031 1087 2137 1130 Ecce
2159 1101 2332 1145 respon·
2376 1117 2401 1140 e,
2416 1078 2495 1148 pso]

216 1171 312 1227 deo,
326 1171 415 1214 sive
428 1169 586 1229 capias,
601 1169 691 1212 sive
706 1183 794 1212 non
808 1168 949 1227 capias
967 1184 975 1211 :
996 1168 1055 1210 De
1070 1169 1197 1211 Patre
1214 1173 1276 1211 est
1294 1167 1433 1211 Filius
1447 1185 1457 1223 ;
1477 1167 1530 1210 de
1542 1167 1670 1210 Patre
1685 1172 1746 1210 est
1758 1166 1949 1225 Spiritus
1962 1170 2134 1208 sanctus
2151 1181 2158 1207 :
2177 1164 2250 1207 sed
2262 1163 2337 1207 ille

216 1249 389 1306 genitus
399 1253 478 1303 est,
494 1248 573 1291 iste
585 1246 834 1307 procedens.
850 1247 950 1290 Ideo
965 1246 1039 1290 ille
1053 1245 1192 1290 Filius
1204 1251 1265 1289 est
1278 1245 1435 1299 Patris,
1448 1245 1499 1288 de
1512 1259 1597 1304 quo
1610 1249 1672 1288 est
1683 1244 1878 1301 genitus,
1897 1243 1975 1286 iste
1990 1248 2135 1286 autem
2149 1241 2339 1301 Spiritus
2394 1249 2406 1266 ¹'
2420 1242 2476 1305 “¹⁵3

217 1332 280 1369 est
301 1325 555 1384 utriusque,
577 1325 785 1385 quoniam
805 1325 857 1368 de
873 1330 1059 1383 utroque
1080 1323 1286 1383 procedit.
1310 1322 1395 1366 Sed
1415 1323 1534 1377 ideo,
1556 1337 1657 1366 cum
1676 1321 1728 1365 de
1748 1322 1825 1365 illo
1845 1322 2113 1380 loqueretur,
2137 1320 2220 1363 ait5
2244 1335 2253 1362 :
2276 1320 2340 1362 De

217 1406 350 1448 Patre
356 1402 571 1462 procedit,
596 1403 806 1462 quoniam
820 1402 949 1446 Pater
968 1401 1250 1460 processionis
1267 1401 1302 1460 ej
1311 1416 1361 1444 us
1381 1405 1530 1444 auctor
1545 1405 1623 1453 est,
1640 1399 1716 1458 qui
1730 1398 1860 1442 talem
1879 1398 1973 1441 filiu
1981 1414 2022 1440 m
2035 1397 2202 1455 genuit,
2222 1402 2263 1440 et
2276 1396 2339 1454 gi-

219 1481 391 1538 gnendo
412 1481 451 1523 ei
471 1481 604 1535 dedit,
624 1486 673 1523 ut
692 1481 821 1523 etiam
842 1480 893 1524 de
913 1480 1005 1539 ipso
1024 1478 1274 1538 procederet
1292 1478 1479 1537 Spiritus
1499 1483 1687 1521 sanctus.
1706 1477 1818 1520 Nam
1840 1477 1919 1519 uisi
1943 1476 2190 1535 procederet
2210 1475 2339 1518 etiam

220 1558 272 1601 de
290 1558 401 1617 ipso,
427 1573 515 1601 non
535 1557 694 1601 diceret
714 1557 936 1616 discipulis
957 1563 969 1583 ⁶
995 1573 1003 1599 ε
1026 1556 1220 1615 Accipite
1243 1556 1460 1615 Spiritum
1491 1563 1689 1598 sanctum
1706 1570 1723 1607 ,·
1750 1569 1941 1613 eumque
1974 1553 2240 1596 insufflando
2267 1552 2341 1595 da-

220 1640 300 1691 ret,
322 1641 371 1679 ut
389 1651 414 1679 a
432 1651 475 1679 se
496 1650 670 1695 quoque
695 1634 922 1694 procedere
942 1633 1205 1692 significans,
1228 1638 1374 1692 aperte
1395 1632 1639 1676 ostenderet
1658 1631 1821 1686 flando,
1845 1631 1961 1690 quod
1989 1629 2193 1689 spirando
2214 1629 2342 1673 dabat

220 1713 400 1757 occulte.
436 1713 548 1766 Quia
579 1728 681 1771 ergo
712 1713 748 1756 si
778 1716 1046 1767 nasceretur,
1071 1726 1159 1755 non
1189 1716 1361 1754 tantum
1392 1710 1444 1754 de
1475 1710 1631 1765 Patre,
1665 1724 1743 1753 nec
1780 1714 1948 1753 tantum
1971 1708 2023 1752 de
2044 1707 2176 1759 Filio,
2199 1706 2271 1750 sed
2291 1706 2343 1749 de

221 1792 434 1836 ambobus
461 1791 614 1851 utique
642 1795 906 1845 nasceretur,
938 1789 1030 1833 sine
1065 1788 1200 1833 dubio
1234 1788 1353 1832 filius
1395 1788 1612 1832 diceretur
1639 1787 1886 1831 amborum.
1916 1787 1978 1830 Ac
2005 1800 2081 1845 per
2112 1785 2218 1840 1100,
2240 1783 2346 1843 quia

222 1870 341 1914 filius
371 1870 602 1914 amborum
630 1868 755 1912 nullo
787 1867 916 1911 modo
942 1873 1032 1923 est,
1066 1882 1154 1910 non
1182 1867 1375 1926 oportuit
1406 1865 1523 1910 nasci
1549 1880 1651 1909 eum
1684 1865 1737 1908 de
1763 1864 1990 1908 ambobus.
2014 1863 2260 1907 Amborum
2283 1867 2346 1905 est

222 1962 325 2006 ergo
346 1947 536 2006 Spiritus
554 1955 742 2002 sanctuS,
762 1945 1033 2006 procedendo
1052 1945 1104 1989 de
1124 1944 1353 1988 ambobus.
1377 1960 1398 1985 >³

286 2025 443 2078 «Quid
462 2023 475 2044 ⁷
495 2029 642 2068 autem
661 2024 775 2068 inter
793 2022 911 2067 nasci
941 2028 982 2066 et
1013 2022 1242 2081 procedere
1272 2021 1471 2076 intersit,
1504 2021 1557 2065 de
1589 2021 1664 2064 illa
1701 2019 2063 2064 excellentissima
2098 2023 2256 2061 natura
2283 2016 2345 2060 10-
2367 2034 2422 2060 Hic
2438 2033 2507 2060 dici-

220 2118 360 2163 quens
390 2102 604 2162 explicare
635 2101 735 2161 quis
761 2103 936 2160 potest?
958 2100 1056 2144 Non
1078 2115 1206 2144 omne
1226 2099 1344 2159 quod
1365 2098 1571 2158 procedit,
1597 2098 1806 2152 nascitur,
1830 2096 2033 2157 quamvis
2053 2110 2180 2140 omne
2200 2109 2345 2154 proce·
2365 2076 2507 2143 {fugisti

220 2181 309 2235 dat,
332 2180 450 2239 quod
470 2179 678 2223 nascitur.
701 2178 828 2224 Sicut
847 2193 936 2222 non
956 2192 1084 2223 omne
1104 2177 1222 2237 quod
1247 2177 1369 2236 bipes
1389 2182 1467 2233 est,
1488 2177 1618 2221 homo
1639 2182 1700 2220 est
1718 2194 1728 2232 3
1751 2176 1954 2236 quamvis
1974 2175 2095 2234 bipes
2114 2174 2168 2218 sit
2187 2172 2344 2229 omniS‚
2367 2158 2507 2228 ᾏΠζῗξζῗ

221 2258 298 2317 qui
318 2257 448 2301 homo
468 2263 545 2301 est.
568 2257 660 2301 Hoc
686 2257 797 2312 scio3
820 2256 1087 2314 distinguere
1107 2261 1254 2299 autem
1272 2255 1387 2299 inter
1406 2255 1528 2298 illam
1548 2255 1891 2313 generationem,
1914 2260 1954 2298 et
1977 2253 2090 2297 hanc
2115 2251 2349 2312 processio·
2366 2243 2507 2278 tinguere·

220 2350 339 2390 nem,
361 2335 521 2390 nescio,
545 2350 635 2379 non
654 2335 795 2391 valeo,
817 2350 905 2379 non
929 2334 1113 2378 sufficio.
1136 2335 1200 2377 Ac
1217 2348 1293 2392 per
1312 2333 1393 2377 hoc
1413 2333 1521 2393 quia
1540 2338 1581 2376 et
1601 2333 1691 2387 illa,
1715 2337 1757 2376 et
1774 2332 1855 2375 ista
1874 2337 1937 2375 est
1956 2330 2189 2375 ineffabilis
2208 2365 2217 2384 ‚
2239 2331 2349 2373 sicut

220 2411 438 2471 Propheta
468 2415 481 2437 ³
509 2412 562 2456 de
595 2413 707 2456 Filio
739 2413 925 2471 loquens
952 2412 1044 2456 ait:
1077 2411 1414 2456 Generationem
1449 2410 1542 2468 ejus
1576 2409 1669 2469 quis
1696 2409 1968 2452 enarrabit?
2004 2409 2063 2451 ita
2095 2408 2147 2452 de
2181 2407 2345 2467 Spiritu

220 2496 366 2533 sancto
389 2490 612 2533 verissime
637 2489 794 2533 dicitur
818 2506 826 2532 :
851 2489 1175 2533 processionem
1196 2489 1291 2547 ejus
1310 2488 1409 2547 quis
1428 2488 1650 2531 enarrabit
1671 2490 1690 2530 i*
1713 2487 1824 2531 Satis
1851 2487 1906 2530 sit
1942 2502 2045 2544 ergo
2071 2486 2212 2539 nobis,
2246 2484 2349 2544 quia

220 2583 309 2611 non
330 2573 392 2611 est
411 2582 435 2611 a
454 2568 592 2627 seipso
610 2567 767 2623 Filius,
789 2567 861 2611 sed
882 2568 936 2611 ab
962 2567 1039 2611 illo
1066 2566 1119 2610 de
1144 2581 1232 2626 quo
1263 2571 1392 2609 natus
1417 2571 1501 2620 est3
1532 2581 1622 2609 non
1643 2570 1706 2609 est
1724 2581 1749 2609 a
1769 2564 1906 2624 seipso
1941 2563 2133 2623 Spiritus
2156 2567 2345 2615 sanctus,

219 2645 294 2688 sed
323 2645 377 2689 ab
401 2646 478 2689 illo
508 2645 562 2689 de
592 2661 680 2705 quo
711 2645 926 2705 procedit;
955 2651 995 2688 et
1028 2645 1132 2704 quia
1151 2644 1203 2688 de
1226 2649 1417 2703 utroque
1443 2643 1650 2702 procedit,
1674 2642 1889 2701 sicutjam
1911 2641 2195 2686 ostendimus.
2233 2658 2254 2681 »
2284 2639 2344 2682 De

221 2720 389 2781 Spiritu
408 2728 554 2766 sancto
575 2723 795 2782 quomodo
816 2723 906 2782 ipse
926 2723 979 2766 de
1003 2722 1092 2766 Deo
1112 2722 1186 2775 sit,
1211 2736 1290 2764 1100
1310 2726 1458 2765 tamen
1477 2720 1568 2780 ipse
1588 2720 1707 2763 filius
1727 2720 1803 2776 sit,
1827 2719 2036 2779 quoniam
2057 2716 2345 2777 procedendo,

220 2814 310 2843 non
328 2799 559 2857 nascendo,
582 2800 745 2858 legitur
765 2815 853 2843 esse
873 2800 925 2843 de
945 2800 1050 2854 Deo,
1065 2799 1154 2859 jam
1177 2799 1393 2858 superius,
1418 2802 1634 2857 quantum
1655 2797 1800 2841 visum
1818 2802 1897 2852 est,
1920 2795 2258 2855 disputavimus.

280 2876 408 2920 Nunc
438 2877 803 2922 considerandum
832 2882 921 2932 est,
958 2893 1057 2921 cum
1090 2876 1280 2935 Spiritus
1305 2881 1480 2920 sanctus
1504 2890 1593 2919 non
1625 2875 1679 2919 sit
1699 2875 1899 2933 genitus,
1922 2879 2073 2918 utrum
2092 2872 2246 2916 debeat
2266 2870 2350 2914 dici
2389 2879 2432 2907 An
2450 2881 2512 2917 Spi-

2405 2923 2475 2949 ritus

222 2952 457 3011 ingenitus.
479 2955 549 2999 Ad
569 2956 686 3014 quod
707 2955 892 2999 dicimus
913 2954 1127 3013 Spiritum
1147 2958 1347 2998 sanctum
1367 2968 1446 2997 nec
1465 2953 1682 3011 genitum,
1704 2967 1783 2996 000
1802 2951 2050 3009 ingenitum
2070 2949 2226 2993 debere
2245 2948 2346 2993 dici.
2383 2967 2495 2991 sanctus

222 3030 348 3075 Unde
366 3032 660 3090 Augustinus,
684 3032 745 3077 ad
766 3033 968 3077 Orosium
986 3039 1015 3085 ⁹,
1037 3033 1096 3076 ait
1118 3050 1127 3076 z
1153 3049 1175 3074 «
1198 3031 1414 3091 Spiritum
1438 3037 1638 3075 sanctum
1658 3046 1737 3074 nec
1756 3030 1976 3088 genitum,
1999 3042 2078 3071 nec
2100 3027 2348 3085 ingenitum
2388 3005 2509 3072 (118018111-

224 3107 331 3152 fides
353 3115 468 3153 certa
499 3111 711 3166 declarat,
742 3110 847 3170 quia
877 3110 913 3153 si
939 3109 1180 3154 dixerimus
1210 3109 1489 3166 ingenitum,
1512 3108 1621 3152 duos
1650 3112 1792 3166 patres
1830 3105 2080 3150 videbimur
2106 3104 2326 3148 affirmare
2336 3121 2347 3159 3
2387 3090 2509 3123 gemm*

224 3185 261 3227 si
298 3191 443 3230 autem
462 3188 677 3245 genitum,
701 3187 811 3231 duos
833 3186 1003 3230 credere
1024 3186 1140 3230 filios
1159 3186 1407 3245 culpamur.
1431 3202 1454 3228 >³
1479 3185 1603 3229 Sicut
1621 3184 1739 3228 enim
1758 3184 1878 3227 solus
1896 3183 2034 3226 Filius
2054 3182 2214 3225 dicitur
2231 3181 2351 3239 geni-

229 3268 311 3317 tus,
336 3263 397 3307 ita
416 3270 459 3308 et
475 3265 593 3309 solus
612 3265 741 3308 Pater
759 3264 918 3307 dicitur
936 3264 1159 3321 ingenitus
1180 3298 1190 3318 ,
1222 3278 1271 3307 eo
1300 3262 1418 3322 quod
1438 3262 1492 3306 ab
1522 3262 1609 3306 alio
1641 3276 1731 3304 non
1763 3261 1832 3304 sit.
1862 3260 1988 3304 Unde
2008 3259 2285 3317 Augustinus
2305 3257 2349 3299 in

226 3339 380 3398 quinto
411 3341 576 3385 decimo
608 3342 720 3385 libro
753 3341 806 3385 de
828 3340 1043 3384 Trz'm'tate
1063 3344 1090 3366 ¹⁰
1114 3357 1123 3383 z
1153 3340 1347 3395 «Pater,
1371 3339 1532 3398 inquit,
1564 3339 1683 3382 solus
1711 3353 1800 3382 non
1823 3343 1884 3382 est
1916 3337 1969 3381 de
1988 3337 2089 3381 alio.
2113 3335 2214 3379 Ideo
2233 3333 2350 3377 solus

271 3466 281 3488 ¹
296 3467 398 3507 Aug,
414 3465 453 3496 cle
474 3466 578 3505 Trz'rz„
596 3466 654 3498 lib.
675 3468 749 3508 XV,
767 3477 798 3498 c,
817 3474 924 3506 xxvii,
939 3475 974 3497 0.
996 3468 1048 3498 48.
1060 3484 1100 3490 -
1116 3467 1129 3488 ²
1149 3465 1373 3498 Corollarium
1390 3463 1603 3504 respondens
1620 3463 1740 3504 prImae
1760 3462 1950 3504 quaestioni.
1960 3461 2022 3484 --3
2035 3461 2119 3492 lbid.
2141 3459 2347 3492 immediate.

229 3531 263 3536 —-
282 3513 496 3554 '‘Aug.,cont.
516 3513 671 3555 Maxim„
683 3514 742 3546 lib.
755 3515 784 3546 11
809 3515 860 3555 (al.
882 3514 924 3545 ΙΙΙ
940 3514 964 3554 ),
979 3522 1008 3544 0.
1024 3521 1095 3554 X1V,
1114 3523 1150 3545 n.
1168 3517 1197 3546 1.
1213 3513 1276 3537 —5
1292 3514 1401 3551 Joan„
1420 3519 1478 3552 XV,
1493 3512 1545 3543 26.
1559 3528 1600 3534 —
1612 3511 1626 3533 ⁶
1641 3511 1750 3550 Joan„
1770 3518 1829 3550 xx,
1846 3512 1898 3542 22.
1913 3527 1954 3532 -—
1967 3510 1981 3531 ⁷
1997 3510 2044 3541 Ex
2065 3508 2188 3539 eodem
2207 3508 2348 3547 August,

227 3559 290 3592 adv
304 3560 460 3601 Maxim„
477 3559 536 3592 lib.
554 3562 586 3592 et
604 3569 677 3601 cap.
696 3561 859 3594 citatis.—
874 3561 887 3583 ⁸
903 3561 982 3601 ssa„
999 3567 1073 3602 Lm,
1089 3563 1160 3594 8.—
1177 3561 1191 3583 ⁹
1208 3561 1307 3601 Aug„
1327 3559 1432 3599 Dial„
1445 3568 1478 3600 q.
1500 3559 1617 3591 11.-—¹⁰
1633 3559 1733 3599 Aug„
1754 3557 1793 3589 cle
1814 3557 1916 3589 Triu..
1937 3556 1996 3587 lib.
2011 3556 2084 3594 XV,
2099 3564 2128 3586 0.
2146 3561 2284 3594 xva‚n.
2297 3554 2348 3586 47.
