2613 3990
763 211 892 253 DIST.
923 209 1082 252 XXVII.
1115 208 1268 255 PART,
1296 208 1328 248 Ι.
1356 205 1475 249 ART.
1507 205 1540 245 I.
1568 202 1766 254 QUAEST.
1798 203 1868 243 III.

249 307 424 348 ternitas
442 337 452 356 ,
480 306 522 346 et
540 301 862 351 innascibilitas,
893 301 935 340 οῖ
961 298 1131 352 spiratio
1163 313 1172 339 :
1201 298 1273 339 sed

248 375 548 418 innascibilitas
581 386 668 415 non
701 375 763 414 θεῖ
790 369 1030 412 reducibilis
1058 369 1111 410 ad
1139 369 1270 409 alias:

249 460 353 500 ergo
378 458 544 488 necesse
575 448 636 486 est
668 443 781 497 quod
812 442 905 483 aliae
934 441 1192 482 reducantur
1221 440 1273 480 ad

248 518 615 559 innascibilitatem
634 548 645 566 ,
681 526 777 568 quae
805 515 890 563 est,
915 512 1023 552 sicut
1047 511 1270 560 dixerunt,

248 589 416 631 fontalis
433 587 662 642 plenitudo.

301 661 517 714 Amplius,
537 656 798 712 paternitatis
818 658 858 696 et
878 654 1162 707 generationis
1182 666 1275 707 pro-

247 732 421 786 prietas,
442 732 652 784 quantum
677 730 738 768 est
758 727 808 767 de
832 727 1023 779 generali
1043 739 1120 766 sua
1139 726 1275 777 signi-

248 802 467 852 ficatione,
495 798 857 841 communicabilis
889 801 973 847 est,
1010 800 1057 837 ut
1085 800 1198 850 patet
1228 796 1275 836 in

249 874 468 924 creaturis,
483 873 583 925 quia
593 871 763 924 genitus
778 872 968 921 generat,
985 872 1024 909 et
1036 869 1148 909 filius
1162 880 1276 908 unus

249 947 297 987 fit
310 950 428 999 pater
445 943 633 986 alterius.
650 942 697 982 In
713 942 870 982 divinis
885 943 1028 981 autem
1047 940 1276 992 paternitas

251 1020 312 1058 est
328 1013 738 1058 incommunicabilis
754 1028 762 1054 :
781 1025 885 1065 ergo
908 1024 1006 1052 cum
1025 1011 1106 1052 hoc
1124 1023 1210 1051 non
1225 1011 1278 1051 sit

251 1089 302 1130 de
326 1088 487 1129 ratione
506 1085 765 1140 paternitatis
781 1117 791 1135 ,
824 1084 868 1123 in
901 1086 1108 1136 quantum
1134 1085 1276 1135 pater-

250 1161 385 1210 nitas,
407 1159 486 1200 erit
509 1158 560 1199 de
587 1158 749 1198 ratione
778 1156 900 1208 alicuj
910 1168 958 1196 us
983 1155 1096 1208 quod
1123 1157 1184 1195 est
1206 1155 1278 1194 111-

252 1230 603 1273 communicabile
626 1242 635 1270 :
658 1229 737 1269 hoc
757 1230 899 1268 autem
923 1227 1001 1267 erit
1018 1226 1278 1266 innascibili-

250 1304 334 1351 tas,
363 1299 451 1341 sive
470 1298 663 1352 primitas
678 1330 688 1346 ,
713 1297 812 1350 quia
831 1296 1019 1349 primum
1040 1307 1128 1336 non
1146 1299 1281 1348 potest

252 1372 351 1414 dare
370 1371 441 1412 alii
460 1370 719 1427 primitatem
734 1400 744 1417 ,
767 1371 808 1409 et
825 1368 1084 1408 innascibilis
1102 1379 1189 1408 non
1209 1379 1281 1420 po-

252 1446 332 1485 test
362 1454 566 1496 generare
602 1440 894 1482 innascibilem
934 1455 942 1480 :
980 1451 1084 1491 ergo
1114 1439 1282 1480 videtur

256 1511 370 1565 quod
388 1512 433 1552 in
456 1510 614 1552 divinis
630 1509 866 1563 hypostasis
884 1507 1018 1548 Patris
1034 1508 1128 1549 ideo
1146 1520 1281 1560 gene-

253 1586 340 1633 ret,
363 1582 464 1636 quia
480 1580 752 1622 innascibilis.

306 1653 546 1703 Postremo,
570 1664 669 1693 cum
687 1652 800 1693 idem
820 1651 873 1691 sit
893 1651 1083 1704 primum
1101 1653 1141 1691 et
1160 1651 1282 1703 prin-

255 1725 414 1779 cipium
429 1757 439 1774 ,
460 1725 568 1765 sicut
586 1726 725 1777 patet,
753 1726 794 1764 et
822 1722 1103 1775 Philosophus
1124 1722 1223 1763 dicit
1243 1724 1253 1744 ¹
1270 1756 1280 1774 ,

254 1799 329 1838 aut
345 1797 439 1838 ideo
459 1798 521 1837 θεῖ
539 1796 731 1849 primum
751 1795 852 1848 quia
868 1794 1146 1847 principium,
1170 1797 1245 1835 aut
1262 1807 1284 1836 e

255 1879 472 1909 converso.
510 1867 679 1908 Constat
720 1866 833 1920 quod
867 1866 906 1907 ei
940 1865 1138 1907 convenit
1176 1866 1284 1907 ratio

254 1939 451 1993 principii
463 1939 596 1992 ,aquia
615 1941 677 1979 est
699 1938 888 1991 primum
912 1951 921 1977 :
942 1936 1034 1978 ideo
1053 1949 1129 1990 per
1148 1949 1190 1977 se
1205 1937 1286 1978 hoc

255 2012 397 2053 habet.
421 2010 473 2052 Et
499 2012 660 2051 constat
686 2009 800 2063 quod
827 2011 958 2050 status
986 2011 1048 2049 est
1072 2009 1118 2048 in
1147 2008 1285 2062 primo

256 2083 488 2137 principio,
520 2095 608 2124 non
635 2083 738 2136 quia
767 2082 1023 2135 principium
1040 2113 1049 2126 ‚
1086 2082 1159 2123 sed
1186 2082 1287 2135 quia

257 2156 446 2209 primum
459 2170 469 2206 ;
491 2158 533 2196 et
541 2157 703 2196 constat
721 2155 835 2207 quod
849 2154 920 2194 illa
934 2157 995 2194 est
1014 2154 1194 2195 conditio
1206 2167 1286 2195 no—

258 2227 430 2268 bilitatis
452 2241 462 2268 z
486 2239 590 2279 ergo
603 2259 613 2277 ,
634 2239 733 2267 cum
755 2225 877 2267 Pater
897 2226 948 2266 sit
974 2225 1102 2266 totius
1122 2226 1286 2266 deitatis

261 2298 544 2351 principium,
574 2301 624 2338 ut
651 2298 750 2338 dicit
781 2297 1079 2350 Augustinus,
1114 2297 1194 2338 hoc
1226 2301 1287 2339 est

259 2369 359 2423 quia
377 2369 566 2422 primum
583 2401 593 2418 ‚
615 2381 663 2410 ac
683 2382 758 2422 per
785 2370 866 2410 hoc
886 2370 988 2422 quia
1011 2369 1284 2410 innascibilis.

259 2441 348 2482 Hoc
385 2441 476 2482 sine
509 2440 757 2494 praeJudii-:io
800 2441 981 2481 aliorum
1019 2441 1178 2481 dictum
1209 2445 1284 2482 est.

259 2512 443 2566 Utraque
464 2513 578 2553 enim
591 2512 746 2552 harum
763 2512 1022 2564 positionum
1035 2525 1192 2565 magna
1207 2517 1284 2562 est,

258 2587 300 2626 et
317 2587 470 2625 neutra
496 2586 557 2624 est
576 2583 883 2624 contemnenda
905 2595 914 2623 ε
937 2584 1030 2624 haec
1051 2588 1194 2624 autem
1219 2585 1286 2625 vi-

259 2655 382 2696 detur
400 2655 540 2707 magis
559 2654 705 2695 cadere
725 2654 771 2694 in
787 2654 1001 2695 intellectu
1015 2687 1025 2705 ,
1046 2668 1176 2708 quam
1194 2657 1282 2709 pri-

258 2739 350 2777 ma3
376 2726 563 2767 maxime
582 2725 617 2765 si
636 2725 885 2778 respiciatur
903 2725 1036 2778 ipsius
1055 2727 1286 2779 paternita-

258 2799 311 2839 tis
329 2798 502 2852 propria
531 2797 714 2850 acceptio
730 2829 741 2847 ,
769 2809 866 2850 quae
894 2800 955 2838 est
981 2810 1081 2838 vere
1111 2799 1257 2839 relatio
1274 2831 1285 2849 ,

260 2873 302 2911 et
319 2869 448 2910 simul
475 2871 628 2909 natura
658 2880 757 2909 cum
784 2868 987 2909 filiatione
1006 2902 1016 2919 ,
1046 2881 1124 2910 nec
1152 2873 1288 2923 potest

260 2941 446 2982 abstrahi
469 2953 495 2981 a
514 2942 670 2980 natura
687 2942 728 2980 et
756 2939 1007 2992 proprietate
1034 2941 1252 2982 relationis
1275 2957 1283 2982 :

261 3012 374 3053 unde
403 3012 462 3053 ita
484 3012 685 3065 importat
711 3011 1007 3052 habitudinem
1028 3012 1080 3053 ad
1100 3011 1257 3053 Filium
1275 3046 1286 3063 ,

261 3083 369 3124 sicut
387 3086 429 3124 et
447 3095 668 3136 generare.
688 3082 785 3123 Ideo
806 3085 847 3123 et
864 3083 942 3123 ista
960 3084 1111 3136 positio
1127 3084 1285 3125 intelli-

261 3153 431 3206 gibilior
442 3154 631 3204 videtui-3
648 3156 689 3194 θῖ
703 3153 854 3194 melius
871 3154 1029 3207 patebit
1040 3155 1164 3206 infra,
1187 3167 1288 3196 cum

262 3227 415 3277 agetur
433 3225 484 3266 de
501 3224 842 3265 innascibilitate.

305 3332 318 3354 ¹
333 3331 447 3373 Arist„
474 3332 599 3363 Pas-ter.
618 3332 677 3364 lib.
693 3332 706 3363 Ι
720 3356 728 3370 ‚
753 3334 843 3363 cont.
865 3333 914 3364 13.
930 3349 971 3355 —-
988 3332 1002 3353 ²
1017 3332 1071 3372 Cf.
1097 3333 1132 3365 S.
1152 3333 1286 3376 Thom.‚

263 3389 296 3420 p.
313 3380 339 3420 Ι,
355 3389 388 3420 q.
406 3387 463 3419 XL,
483 3382 546 3411 art.
561 3382 600 3420 33
622 3383 654 3412 et
672 3380 710 3411 cle
730 3380 871 3418 Potent„
890 3389 922 3420 q.
940 3387 1015 3420 vm,
1037 3383 1098 3412 art.
1115 3383 1154 3421 43
1175 3382 1287 3423 AEgid.

262 3427 376 3466 Rom.,
396 3427 409 3458 l
427 3427 531 3465 Sem„
553 3426 630 3458 dist.
648 3435 750 3467 xxvi,
768 3436 790 3468 q
807 3451 814 3458 .
830 3434 892 3467 1113
912 3427 1062 3469 Henric.,
1082 3427 1119 3459 in
1139 3428 1289 3469 Summa,

265 3475 328 3505 art.
343 3481 404 3515 LV,
424 3483 458 3514 q.
474 3474 535 3505 ult.
544 3484 555 3514 ;
585 3474 757 3515 Richard.,
788 3475 799 3505 1
822 3475 926 3513 Sem„
949 3474 1024 3506 dist.
1046 3482 1150 3516 xxvi,
1172 3478 1232 3509 art.
1249 3484 1288 3517 11,

265 3529 299 3563 q.
313 3530 338 3554 1.
353 3539 392 3546 —
406 3521 420 3544 ³
432 3522 564 3564 Averr.,
583 3521 623 3554 de
637 3523 770 3563 Anima,
785 3522 843 3554 lib.
861 3522 919 3554 111.

2295 197 2371 233 437

1672 372 1944 424 QUAESTIO
1974 372 2055 412 111.

1349 485 1411 521 An
1439 484 1645 520 divinarum
1669 483 1937 530 proprietatzmz
1974 480 2023 514 stt
2055 479 2180 524 aliqua
2214 478 2375 514 abstrac-

1817 542 1908 578 tio‘2.

1403 652 1555 693 Utrum
1575 651 1793 703 contingat
1810 648 2085 702 proprietates
2102 645 2312 686 abstrahi:
2338 646 2378 684 et

1350 724 1463 777 quod
1494 735 1604 773 non,
1637 722 1836 763 videtur:
1858 720 1959 773 quia
1989 718 2128 760 omnis
2156 716 2378 757 abstractio

1350 794 1550 848 supponit
1583 793 1931 834 concretionem:
1969 790 2040 831 sed
2068 790 2113 829 in
2147 788 2207 828 eis
2242 787 2378 827 solum

1351 866 1520 919 proprie
1540 868 1601 906 est
1620 864 1850 913 concretio,
1873 864 1919 902 in
1941 861 2098 915 quibus
2114 863 2176 901 est
2193 858 2379 900 denomi-

1352 937 1494 977 nativa
1512 935 1754 989 praedicatio
1779 950 1786 975 :
1808 946 1912 986 ergo
1928 966 1937 984 ,
1963 933 1997 973 si
2018 933 2100 973 1100
2127 934 2188 972 θεῖ
2207 932 2253 970 in
2273 929 2382 970 acci-

2401 669 2528 696 Fundam

1352 1008 1546 1049 dentibus
1565 1009 1733 1047 tantum
1750 1038 1760 1056 ,
1779 1005 1947 1046 videtur
1966 1004 2078 1056 quod
2090 1036 2100 1054 ,
2119 1002 2381 1054 ubicumque
2447 1000 2454 1007 '

1354 1083 1414 1120 θεῖ
1438 1090 1594 1132 ponere
1617 1078 1917 1130 proprietatem
1946 1075 2261 1116 abstrahibilem
2276 1105 2286 1122 ‚
2322 1073 2381 1112 ibi

1354 1153 1414 1191 est
1428 1150 1554 1190 etiam
1570 1161 1726 1202 ponere
1739 1148 2039 1202 proprietatem
2059 1144 2378 1187 accidentalem:

1354 1222 1425 1262 sed
1447 1221 1541 1262 talis
1561 1220 1680 1261 nullo
1701 1220 1825 1260 modo
1843 1219 2016 1272 ponitur
2035 1218 2081 1258 in
2099 1217 2255 1257 divinis
2272 1231 2280 1256 :
2312 1227 2382 1256 er-

1356 1305 1412 1345 go
1429 1325 1439 1344 ,
1460 1295 1538 1332 etc.

1410 1365 1513 1405 Item
1526 1397 1537 1415 ,
1559 1364 1822 1416 ubicumque
1841 1364 1903 1403 est
1923 1361 2147 1402 abstractio
2161 1393 2171 1411 ,
2196 1360 2384 1400 abstrac-

1355 1440 1448 1478 tum
1468 1439 1530 1478 est
1548 1436 1781 1489 simplicius
1809 1436 2025 1483 concreto,
2047 1433 2129 1473 hoc
2146 1444 2233 1472 non
2260 1431 2386 1471 habet

1356 1508 1602 1548 instantiam
1618 1519 1628 1546 :
1643 1506 1771 1547 sedin
1785 1505 1940 1545 divinis
1957 1516 2043 1544 11011
2056 1506 2118 1543 θεῖ
2135 1504 2218 1555 maj
2226 1515 2272 1543 or
2285 1503 2386 1542 sim-

1356 1579 1520 1632 plicitas
1562 1581 1603 1618 et
1631 1577 1785 1627 minor,
1811 1589 1911 1616 cum
1941 1587 2068 1616 omne
2099 1573 2211 1627 quod
2241 1577 2303 1614 est
2325 1573 2385 1613 ibi

1357 1651 1409 1691 sit
1425 1649 1783 1702 simplicissimum
1803 1680 1811 1694 ,
1833 1651 1874 1688 et
1899 1648 1943 1687 in
1968 1647 2054 1687 fine
2072 1646 2200 1686 totius
2218 1645 2384 1698 simpli-

1358 1722 1492 1762 citatis
1505 1723 1590 1762 est:
1611 1732 1715 1772 ergo
1732 1720 1775 1760 in
1795 1719 1950 1760 divinis
1970 1730 2059 1758 non
2076 1717 2184 1757 cadit
2199 1717 2386 1757 abstrac-

1355 1793 1429 1834 tio.

1412 1864 1536 1915 Item,
1560 1863 1698 1904 omnis
1717 1862 1941 1903 abstractio
1961 1864 2036 1902 aut
2054 1863 2114 1902 est
2133 1860 2387 1901 universalis

1358 1949 1383 1977 a
1401 1935 1646 1989 particulari
1663 1967 1673 1984 ‚
1696 1937 1769 1975 aut
1785 1935 1933 1974 formae
1949 1946 1974 1973 a
1994 1932 2170 1973 materia
2189 1935 2203 1957 ³
2223 1947 2230 1972 :
2251 1931 2323 1972 sed
2343 1931 2387 1970 in

1359 2007 1512 2048 divinis
1528 2019 1607 2047 nec
1629 2008 1690 2047 est
1716 2005 1978 2055 universale,
2006 2016 2085 2044 nec
2103 2002 2358 2056 particulare
2374 2035 2384 2053 ,

1358 2091 1436 2120 nec
1454 2079 1604 2129 forma,
1625 2089 1702 2118 nec
1718 2076 1894 2117 materia
1911 2088 1920 2116 :
1942 2087 2045 2128 ergo
2062 2075 2108 2115 in
2128 2074 2287 2116 divinis
2300 2086 2387 2114 non

1359 2153 1419 2191 est
1435 2149 1671 2190 abstractio.

1415 2221 1517 2262 Item
1531 2253 1541 2272 ,
1563 2220 1920 2273 quandocumque
1948 2218 2209 2259 abstrahitur
2228 2217 2387 2270 aliquid

1359 2294 1412 2334 ab
1431 2293 1573 2346 aliquo
1587 2325 1597 2344 ,
1620 2293 1764 2332 minus
1787 2294 1849 2332 est
1876 2291 1988 2344 quod
2008 2293 2226 2341 remanet,
2258 2302 2387 2342 quam

1360 2369 1457 2406 ante
1491 2365 1815 2405 abstractionem
1855 2367 1943 2404 erat
1963 2376 1972 2413 3
2011 2363 2111 2416 quia
2155 2365 2388 2414 utrumque

1360 2438 1520 2491 aliquid
1540 2440 1623 2486 est3
1654 2437 1761 2477 nihil
1792 2436 1907 2476 001111
1926 2447 2015 2476 000
2046 2435 2306 2475 abstrahitur
2337 2435 2388 2474 ab

1360 2510 1501 2562 aliquo
1517 2542 1527 2560 ,
1547 2521 1625 2549 nec
1640 2508 1747 2548 nihil
1762 2520 1786 2548 a
1803 2507 1936 2547 nihilo
1953 2539 1963 2557 ,
1985 2507 2056 2547 sed
2070 2506 2228 2558 aliquid
2248 2506 2299 2545 ab
2317 2505 2389 2545 ali-

1361 2593 1446 2633 quo
1470 2595 1478 2621 :
1501 2592 1604 2631 ergo
1619 2611 1628 2627 ,
1654 2579 1687 2618 si
1719 2579 1947 2632 paternitas
1967 2591 1992 2618 a
2010 2589 2189 2630 persona
2209 2576 2277 2616 vel
2302 2576 2389 2629 hy-

1359 2652 1513 2705 postasi
1530 2654 1591 2691 est
1610 2650 1894 2691 abstrahibilis
1906 2683 1916 2700 ,
1933 2662 2038 2701 ergo
2054 2648 2198 2689 minus
2216 2647 2391 2687 haberet

1361 2723 1411 2764 de
1432 2724 1618 2773 entitate,
1639 2734 1769 2775 quam
1789 2734 1888 2762 cum
1909 2720 2160 2774 paternitate
2178 2734 2186 2760 ε
2206 2719 2278 2759 sed
2292 2731 2389 2759 con-

1361 2797 1439 2843 tra,
1461 2793 1709 2847 paternitate
1728 2794 1946 2842 abstracta,
1963 2790 2217 2843 intelligitur
2230 2790 2390 2842 hypos-

1361 2869 1459 2909 tasis
1477 2880 1566 2909 esse
1588 2868 1697 2909 Deus
1720 2881 1729 2909 :
1752 2880 1874 2920 ergo,
1907 2867 1942 2907 si
1968 2866 2110 2907 minus
2137 2865 2311 2906 haberet
2340 2866 2390 2906 de

1362 2941 1533 2981 entitate
1555 2952 1685 2993 quam
1712 2952 1810 2980 cum
1830 2938 2099 2992 paternitate,
2121 2937 2388 2989 intelligere-

1364 3015 1433 3052 tur
1452 3011 1561 3052 Deus
1579 3024 1666 3052 non
1686 3011 1843 3051 habere
1863 3021 2082 3050 summum
2103 3021 2206 3049 esse.

1417 3083 1568 3124 Contra
1591 3098 1599 3123 :
1623 3087 1660 3123 1.
1684 3082 1883 3134 Magister
1901 3081 1999 3122 dicit
2015 3081 2061 3121 in
2079 3081 2218 3122 littera
2240 3094 2249 3121 ;
2276 3096 2295 3118 «
2311 3080 2390 3121 Pa-

1361 3155 1535 3195 ternitas
1551 3186 1561 3205 ,
1595 3154 1739 3194 filiatio
1757 3185 1768 3205 ,
1807 3153 2015 3206 processio
2030 3185 2040 3204 ,
2072 3153 2184 3206 ipsas
2225 3154 2388 3192 tantum

1361 3226 1583 3266 relationes
1594 3225 1838 3277 significant
1861 3240 1868 3266 :
1892 3239 1911 3262 ›>
1933 3228 2007 3266 aut
2025 3237 2127 3276 ergo
2141 3223 2296 3276 aliquid
2319 3224 2388 3263 ad-

1361 3298 1447 3338 huc
1465 3297 1689 3350 respondet
1707 3297 1751 3337 in
1765 3309 1825 3346 re,
1841 3299 1916 3338 aut
1927 3297 2035 3337 nihil
2056 3310 2065 3337 :
2087 3296 2120 3335 si
2140 3295 2259 3345 nihil,
2280 3307 2385 3348 ergo

1362 3370 1466 3410 falso
1483 3372 1523 3410 et
1541 3369 1722 3409 inaniter
1735 3369 1977 3421 significant
1996 3384 2004 3418 3
2026 3368 2060 3408 si
2079 3367 2258 3419 aliquid,
2282 3379 2386 3419 ergo

1363 3442 1531 3483 videtur
1547 3442 1661 3494 quod
1681 3441 1764 3482 sint
1782 3441 2074 3482 abstrahibiles
2093 3452 2118 3479 a
2136 3442 2253 3492 parte
2272 3440 2346 3479 rei.

1418 3516 1457 3554 2.
1482 3512 1606 3565 Item,
1628 3525 1715 3554 non
1734 3513 1943 3555 intellecto
1959 3511 2086 3562 Filio,
2105 3509 2387 3551 nihilominus

2412 3099 2458 3126 Ad
2479 3108 2548 3136 opp.
