2570 3986
248 288 349 315 xxvl
896 272 959 313 DE
990 271 1218 313 SCRIPTIS
1248 271 1288 311 S.
1320 269 1728 312 BoNAVENTURAE

248 362 446 416 operibus
470 362 618 403 audire
646 373 891 402 recusemus
917 362 1092 414 antiqua
1117 359 1487 413 exemplaria,'vel
1513 359 1701 400 maxime
1727 361 1884 413 petitur
1904 372 1957 400 ex
1983 372 2047 410 60,
2068 361 2181 412 quod
2209 362 2369 414 absque

248 434 426 484 delectu,
447 437 486 474 et
506 434 592 473 solo
612 433 979 485 typographorum
997 433 1173 485 judicio,
1194 431 1501 471 Bonaveuturae
1521 430 1727 483 adscripta
1747 431 1844 471 siut.
1866 431 2007 471 Altera
2023 443 2191 483 quoque
2211 433 2370 473 accedit

249 517 397 554 causa,
421 506 532 558 quod
555 505 730 544 minime
761 509 952 543 constans
972 504 1279 556 Opuseulorum
1303 501 1428 541 series
1454 501 1495 540 in
1517 502 1692 542 vetustis
1716 502 1972 542 editionibus
1997 501 2217 542 habeatur.
2237 502 2369 543 Tanta

249 577 363 616 euim
391 577 569 616 aceretio
591 575 892 628 opusculorum
921 576 1027 615 sacta
1046 579 1129 624 est,
1152 577 1200 614 ut
1220 574 1292 614 vix
1316 572 1427 613 credi
1452 572 1604 624 possit,
1626 575 1686 612 tot
1705 585 1729 612 a
1749 572 2060 613 Bonaventurae
2081 572 2243 612 calamo
2271 585 2370 625 pro-

249 648 371 688 diisse
392 660 542 700 opera,
565 652 666 700 quot
695 647 740 686 in
761 646 961 698 catalogis
981 646 1179 686 collocata
1199 646 1411 686 visuntur.
1435 643 1498 684 IIu
1502 644 1689 697 jusmodi
1710 657 1835 697 porro
1856 645 2034 684 accretio
2060 644 2216 697 percipi
2237 647 2371 697 potest

249 719 468 759 commode
489 731 539 758 ex
561 718 831 770 antiquarum
859 730 955 757 eum
978 717 1218 757 novissimis
1238 714 1492 756 editionibus
1512 715 1745 756 collatione.
1767 714 1847 755 Sed
1872 718 1918 755 ut
1938 727 2233 755 recenseamus
2252 715 2370 756 brevi

250 791 454 830 editiones
475 790 579 839 illas,
599 802 703 841 quas
724 792 858 829 tractu
878 789 1078 842 temporis
1097 788 1375 837 obtinuimus,
1398 786 1519 827 liceat
1539 786 1660 826 nobis
1679 799 1905 833 numerare
1924 790 2129 840 tempora,
2152 787 2197 827 in
2216 787 2372 840 quibus

250 861 454 902 editiones
474 861 540 900 11ae
559 861 676 900 1116111ι
696 860 882 900 suerunt.

307 932 561 984 Peregrinus
582 932 792 972 Antonius
812 930 1038 978 Orlandus,
1060 930 1115 979 is,
1138 929 1211 982 qni
1232 929 1281 969 de
1301 931 1421 979 ortu,
1444 929 1579 982 deque
1606 929 1708 969 artis
1734 929 2054 982 typographicae
2075 929 2372 981 progressione

250 1003 445 1044 disseruit
472 1008 498 1051 ¹,
531 1003 639 1043 iuter
672 1003 988 1056 antiquissimas
1020 1001 1062 1042 S.
1097 1001 1279 1041 Doctoris
1311 1000 1515 1041 editiones
1548 1000 1879 1053 opusculorum,
1918 1012 2012 1039 eam
2045 999 2240 1049 collocat,
2274 1012 2373 1053 quae

251 1088 361 1115 anuo
387 1079 483 1115 1477
509 1079 673 1128 peracta
701 1075 778 1114 fuit
795 1073 993 1114 Venetiis.
1024 1073 1213 1124 Itemque
1242 1070 1434 1122 Basileae,
1466 1075 1513 1112 111
1543 1074 1603 1111 est
1625 1071 1829 1124 scriptum
1850 1083 1873 1111 a
1895 1070 2094 1110 Michaele
2121 1069 2371 1122 Maittaire‘2,

252 1147 399 1187 eodeni
427 1160 539 1186 anno
560 1147 648 1187 61151
675 1150 772 1186 511111
797 1145 991 1185 nonnulli
1013 1144 1054 1185 S.
1080 1143 1123 1184 1).
1146 1142 1384 1191 Tractatus‚
1413 1143 1485 1195 qui
1512 1143 1696 1183 iidemne
1712 1174 1722 1191 ,
1745 1155 1799 1183 an
1827 1142 1980 1183 diversi
1999 1142 2051 1181 ab
2074 1142 2156 1182 illis
2175 1142 2279 1193 sint,
2301 1144 2375 1195 qui

251 1217 432 1257 Yenetiis
454 1218 552 1257 editi
579 1221 700 1266 sunt,
724 1217 822 1256 satis
845 1229 930 1255 non
956 1218 1131 1256 constat.
1156 1214 1381 1267 Complura
1400 1213 1710 1254 Bonaventuree
1733 1214 1936 1266 opuscula
1951 1245 1960 1261 ,
1984 1213 2188 1253 Maittaire
2211 1216 2376 1253 contes-

251 1293 364 1330 tante
379 1290 406 1339 3,
430 1302 575 1329 recusa
594 1290 765 1329 fuerunt
785 1287 966 1328 Coloniae
987 1299 1099 1327 anno
1121 1289 1245 1336 1486;
1271 1290 1363 1326 111111
1381 1298 1450 1325 an.
1472 1288 1590 1336 1489,
1614 1285 1888 1337 Argentorati
1907 1297 1982 1338 per
1999 1285 2228 1325 Martinum
2248 1284 2375 1327 Flach

252 1360 390 1400 lucem
411 1360 649 1412 adspexere.
675 1359 754 1411 Iluj
764 1372 813 1399 us
832 1362 975 1399 autem
996 1358 1318 1410 Argentinensis
1338 1344 1532 1397 editionis
1552 1369 1639 1396 non
1662 1356 1785 1396 modo
1805 1356 2000 1397 meminit
2018 1356 2224 1397 Maittaire
2237 1356 2274 1406 '⁴3
2304 1357 2375 1397 sed

250 1431 374 1470 etiam
398 1431 638 1470 lleribertus
661 1430 956 1483 Rosweydusffi,
983 1432 1108 1482 atque
1124 1428 1384 1480 Waddingus
1399 1432 1426 1468 ⁶.
1449 1428 1502 1468 At
1529 1427 1677 1468 ceteris
1700 1428 1901 1481 praecellit
1922 1440 1993 1478 ea,
2018 1440 2118 1481 quae
2138 1441 2250 1469 anno
2273 1431 2375 1469 1495

248 1502 518 1554 Argentorati
546 1503 757 1542 elaborata
783 1505 856 1542 est.
886 1501 1044 1542 Audire
1074 1513 1213 1553 0116166
1238 1500 1423 1553 pretium
1447 1502 1509 1540 est
1534 1500 1762 1539 Auctorem
1788 1498 1957 1551 Prologi
1987 1499 2175 1552 ejusdem
2199 1514 2207 1540 :
2231 1515 2250 1538 (t
2271 1499 2376 1540 Cum

248 1585 374 1625 ergo,
400 1574 569 1626 inquit,
598 1573 783 1614 Doctoris
815 1572 1032 1625 Seraphici
1063 1572 1105 1613 S.
1132 1571 1444 1612 Bonaventurae
1476 1574 1660 1623 quatuor
1690 1570 1845 1623 scripta
1873 1570 1983 1610 circa
2016 1570 2268 1622 Magistrum
2299 1584 2377 1624 pro

253 1656 367 1684 nunc
394 1648 493 1685 51101
519 1645 809 1698 impressionis
834 1644 1040 1685 beneficio
1059 1644 1159 1684 satis
1184 1643 1485 1696 multiplicata,
1506 1654 1687 1695 parsque
1709 1653 1940 1694 parvorum
1968 1641 2274 1694 opusculorum
2295 1643 2374 1683 mi-

249 1716 368 1756 nima
383 1749 393 1767 ,
415 1716 643 1768 indignum
671 1717 854 1769 profecto
875 1719 958 1766 est,
982 1715 1095 1768 quod
1121 1715 1328 1755 hactenus
1347 1714 1492 1754 nullus
1511 1715 1672 1754 tantam
1695 1712 1890 1753 adhibuit
1910 1713 2176 1764 diligentiam
2191 1745 2201 1763 ,
2223 1717 2272 1754 ut
2293 1726 2378 1754 nu-

250 1800 394 1828 merus
417 1789 568 1840 major,
592 1790 632 1828 et
658 1787 863 1840 copiosior
883 1787 1094 1836 doctrina,
1118 1789 1158 1826 61
1182 1785 1320 1826 littera
1339 1785 1625 1837 colligeretur,
1648 1786 1689 1824 61
1708 1783 1971 1837 alphabetica
1988 1783 2134 1823 tabula
2157 1784 2378 1826 decorare-

250 1862 333 1908 tur,
356 1859 465 1912 quod
487 1859 631 1899 divina
649 1859 858 1912 aspirante
883 1858 1024 1911 gratia
1042 1857 1123 1897 hoc
1144 1859 1286 1897 nostro
1305 1857 1396 1908 jam
1416 1859 1605 1909 tempore
1625 1855 1825 1896 effectum
1845 1857 1920 1895 est.
1942 1868 1961 1891 ›)
1984 1854 2187 1908 Ejusdem
2207 1868 2378 1909 quoque

251 1930 351 1970 anni
372 1932 492 1980 1495,
516 1933 669 1982 praeter
689 1930 1038 1982 Argentinensem
1054 1961 1064 1978 ,
1090 1940 1178 1980 pree
1199 1928 1398 1968 manibus
1420 1927 1629 1967 habemus
1649 1926 1877 1967 editionem
1894 1958 1903 1976 ,
1927 1925 2083 1967 Brixiae
2098 1959 2108 1975 ‚
2129 1939 2258 1979 opera
2277 1927 2378 1968 Ber-

250 2002 418 2041 nardini
434 2002 483 2041 de
501 2001 690 2052 Misintis,
708 2001 949 2054 sumptibus
964 2001 1116 2052 Angeli
1132 1999 1361 2040 Britannici
1378 2001 1607 2051 peractam.
1624 1999 1811 2038 Alteram
1829 1998 2133 2050 opusculorum
2152 1998 2378 2040 editionem

250 2072 456 2113 habemus
483 2072 658 2124 Brixiae,
687 2086 756 2114 an.
780 2075 897 2123 1497,
928 2072 1185 2113 elaboratam
1210 2083 1285 2124 per
1310 2070 1508 2111 eumdem
1535 2069 1845 2110 Bernardinum
1874 2069 2085 2109 Misintam
2113 2068 2375 2122 Papiensem.

251 2143 329 2184 Sed
351 2148 530 2197 utraque
553 2144 780 2185 BriXiensis
805 2145 1110 2198 opusculorum
1132 2143 1261 2183 editio
1288 2142 1417 2193 longe
1443 2142 1584 2182 minor
1602 2144 1663 2182 est
1681 2140 1987 2193 Argentinensi
2002 2173 2012 2191 ,
2038 2144 2132 2181 tum
2151 2141 2380 2194 opusculo-

251 2227 347 2255 rum
379 2228 574 2265 numero,
605 2219 698 2257 tum
725 2229 825 2257 cura
846 2215 1122 2270 Typographi
1148 2217 1275 2267 atque
1301 2213 1536 2265 diligentia.
1559 2212 1622 2253 Ad
1643 2212 1971 2264 Argentinensis
1995 2224 2193 2252 normam
2226 2213 2380 2265 prodiit

252 2285 410 2327 Veneta
441 2288 542 2327 anni
567 2290 693 2339 1504,
724 2288 965 2341 sumptibus
994 2287 1119 2328 Lucae
1138 2285 1313 2327 Antonii
1343 2285 1393 2325 de
1416 2284 1571 2325 Giunta
1600 2283 1832 2324 Florentini
1858 2295 1932 2335 per
1956 2282 2068 2335 Mag.
2093 2282 2300 2323 Jacobum
2330 2284 2380 2324 de

253 2357 403 2398 Leuco.
426 2359 480 2398 At
499 2371 584 2399 nou
603 2359 660 2399 ita
679 2372 721 2399 se
740 2360 867 2400 habet
887 2359 1014 2400 editio
1035 2358 1341 2411 opusculorum
1354 2389 1364 2407 ,
1387 2369 1484 2409 quae
1504 2356 1642 2397 studio
1661 2358 1701 2396 et
1720 2367 1848 2408 opera
1866 2354 1935 2395 Fr.
1959 2354 2171 2395 Francisci
2190 2354 2379 2396 Zamorae

254 2428 465 2470 Minorum
484 2430 694 2471 Generalis
711 2430 903 2481 Ministri,
924 2433 1090 2484 peracta
1110 2429 1190 2469 fuit
1205 2427 1403 2477 Venetiis,
1424 2439 1536 2468 anno
1555 2430 1674 2478 1564,
1694 2426 1808 2479 apud
1829 2425 2099 2466 Dominicum
2118 2425 2151 2466 Ν
2157 2426 2379 2468 1601101101.

254 2499 360 2540 Nam
390 2514 485 2554 quae
519 2502 560 2541 111
592 2501 671 2541 hac
701 2502 943 2542 collectione
972 2501 1313 2554 complectuntur
1341 2499 1569 2553 opuscula,
1595 2502 1636 2538 et
1666 2509 1846 2537 numero
1872 2498 2037 2550 majora
2064 2501 2163 2538 sunt
2192 2498 2263 2547 iis,
2286 2492 2406 2551 quae‘

253 2572 463 2613 habentur
495 2573 539 2612 in
558 2573 886 2625 Argentinensi,
915 2576 955 2614 61
986 2573 1152 2613 diverso
1185 2572 1383 2612 collocata
1414 2573 1513 2611 sunt
1541 2569 1702 2610 ordine.
1726 2568 1833 2608 Huic
1863 2580 1989 2621 porro
2006 2567 2175 2609 Venetas
2207 2569 2383 2610 editioni

253 2644 466 2696 suppetias
490 2644 586 2684 tulit
612 2643 681 2684 Fr.
707 2644 913 2684 Antonius
933 2643 1193 2696 cognomine
1213 2642 1435 2695 Paganus,
1463 2641 1633 2682 natione
1650 2640 1857 2688 Venetus,
1886 2640 2141 2691 professione
2162 2640 2380 2692 Minorita,

254 2715 336 2764 cui,
356 2728 455 2755 cum
472 2715 646 2756 Zamora
663 2715 854 2756 Tridenti
873 2716 1086 2764 existeret,
1109 2716 1271 2755 litteras
1291 2714 1405 2755 dedit
1423 2725 1536 2754 anno
1554 2714 1675 2762 1563,
1696 2711 1762 2752 die
1781 2714 1831 2750 ΕΠ
1849 2711 2006 2761 martii,
2026 2723 2183 2763 rogans
2202 2715 2242 2752 61
2260 2713 2385 2753 enixe

254 2786 488 2838 postulans,
513 2790 560 2827 ut
579 2790 835 2840 postremam
857 2787 1031 2827 editioni
1056 2787 1161 2827 huic
1182 2798 1361 2826 manum
1382 2786 1642 2827 admoveret.
1673 2781 1861 2822 Zamorae
1881 2782 2030 2822 litterae
2049 2783 2321 2824 continentur
2340 2784 2384 2824 in

254 2857 445 2909 ejusdem
467 2857 629 2910 Pagani
656 2859 707 2899 ad
733 2859 1085 2899 beatificationem
1111 2857 1343 2908 Processu,
1371 2857 1445 2910 qui
1473 2853 1798 2908 diligentissime
1825 2856 2019 2893 servatur
2039 2855 2153 2906 apud
2180 2858 2387 2896 nostrates

254 2927 298 2967 in
319 2927 537 2969 Conventa
559 2929 600 2969 S.
623 2929 747 2970 Blasii
761 2929 974 2971 Vicentize.
996 2929 1252 2981 Theologica
1272 2929 1585 2970 Bonaventurae
1615 2924 1821 2978 opuscula
1844 2936 2002 2966 novam
2027 2925 2169 2966 lucem
2189 2926 2388 2967 viderunt

253 2997 450 3049 VenetiiS,
470 3012 582 3040 anno
599 3004 716 3051 1572,
734 3002 845 3054 apud
861 3001 1048 3042 Scotum.
1066 3000 1256 3041 Romana
1269 3004 1413 3041 autem
1433 2999 1627 3040 omnium
1647 3007 1844 3049 operum,
1858 2999 1899 3036 et
1918 2996 2222 3048 opusculorum
2241 2997 2384 3049 editio,

253 3073 413 3122 septem
435 3072 478 3110 in
497 3070 649 3112 Tomos
666 3073 887 3113 distributa
910 3072 980 3126 (a),
998 3072 1126 3124 longe
1146 3084 1294 3112 omnes
1313 3071 1520 3112 antecedit
1543 3082 1630 3110 non
1651 3069 1777 3110 modo
1797 3068 1938 3121 copia,
1965 3068 2036 3109 sed
2055 3068 2182 3108 etiam
2201 3067 2389 3108 Nomen-

255 3141 461 3182 clatorum
486 3141 652 3193 labore,
681 3144 839 3194 studio,
862 3147 903 3184 et
929 3143 1221 3184 characterum
1247 3143 1399 3184 nitore.
1420 3141 1599 3182 Jubente
1622 3139 1741 3181 Sixto
1768 3139 1850 3180 hoc
1872 3139 2045 3179 nomine
2061 3138 2110 3189 V,
2134 3151 2247 3180 anno
2266 3141 2386 3191 1588,

258 3213 432 3266 incoepit
452 3225 460 3253 :
481 3225 590 3253 anno
609 3226 710 3255 vero
730 3217 848 3266 1599,
871 3214 1140 3267 gubernante
1161 3214 1370 3255 Clemente
1386 3213 1502 3262 VIII,
1523 3211 1648 3252 finiit.
1672 3210 1753 3261 Qui
1769 3210 1960 3252 multum
1980 3222 2119 3264 operae
2138 3213 2179 3251 et
2197 3211 2326 3252 studii
2345 3211 2388 3252 in

298 3351 307 3372 ¹
325 3351 502 3391 Bononiae,
524 3353 658 3382 1722—
673 3351 731 3381 2111
754 3351 874 3382 ,innah
894 3351 1107 3393 Typoyrczph„
1129 3352 1330 3391 Amstelod„
1352 3353 1442 3391 1733,
1460 3353 1545 3382 1001.
1564 3350 1589 3391 1,
1608 3360 1642 3390 p.
1659 3351 1731 3390 382,
1753 3358 1795 3380 ex
1814 3348 1903 3380 Bt'bl.
1923 3348 2010 3390 Auq.
2030 3348 2160 3389 Rciscr,
2179 3357 2212 3389 p.
2233 3350 2284 3380 11.
2304 3347 2389 3380 Vide

257 3397 458 3429 Incunabula
478 3401 606 3439 typam.
629 3398 773 3437 Beugh„
792 3408 824 3438 p.
842 3400 891 3430 355.

259 3445 422 3522 fif-libid..³
443 3445 477 3503 in
497 3445 757 3523 {Niotl-S'sssssffiz
780 3455 821 3476 ex
841 3445 928 3476 Bibl.
949 3446 1135 3487 Ultraject„
1155 3447 1212 3478 fol.
1227 3454 1259 3484 V,
1285 3446 1400 3486 Roth„
1420 3455 1453 3486 p.
1470 3447 1526 3486 17,
1548 3454 1583 3476 0.
1600 3446 1681 3485 621;
1703 3444 1855 3476 Willebr.
1874 3443 1990 3475 Snellii
2004 3466 2014 3482 ,
2035 3452 2068 3483 p.
2084 3444 2142 3483 84,
2161 3452 2197 3474 n.
2212 3444 2272 3483 283
2293 3442 2390 3483 Abr„

292 3502 425 3578 (11111311,
445 3502 479 3580 {ssj
496 3502 867 3579 fjitss¹k2[{}2'2·m.1÷0t1..,
887 3549 921 3580 p.
940 3541 988 3579 16,
1007 3549 1041 3570 n.
1058 3541 1131 3581 589,
1152 3543 1184 3572 et
1200 3539 1290 3572 nihl.
1307 3538 1546 3580 Amsterdam„
1567 3549 1602 3580 p.
1620 3540 1669 3571 16.

300 3586 312 3607 ⁵
325 3587 363 3618 In
387 3586 547 3618 Vz'ndz‘cz‘z's
567 3586 754 3628 Kempens„
773 3596 801 3618 6.
818 3594 917 3618 xviu.
932 3603 973 3609 —-
987 3587 999 3607 ὃ
1014 3587 1051 3618 10
1070 3587 1200 3628 Syllab.
1217 3588 1377 3628 Sci-[pior.
1401 3586 1479 3619 Orcl.
1499 3584 1598 3626 Min„
1622 3596 1656 3627 p.
1674 3588 1724 3619 73.
1748 3603 1783 3610 --
1802 3585 1843 3627 (a)
1860 3584 1951 3618 Edit.
1979 3584 2055 3617 Ven.
2076 3583 2213 3616 tributa.
