2613 3990
326 221 403 258 444

318 308 397 349 hoc
424 311 485 349 est
515 308 696 348 verbum
727 307 991 358 conceptum.
1029 297 1162 351 Loqui
1195 297 1339 336 autem

317 381 406 420 sive
425 380 560 420 dicere
579 379 629 419 ad
650 379 845 426 alterum,
866 376 927 415 θεῖ
945 372 1194 422 conceptum
1215 376 1339 405 men-

318 453 371 495 tis
396 452 647 505 exprimere,
667 454 707 491 et
730 449 829 490 huic
842 447 870 488 d
876 448 981 488 icere
1002 439 1225 494 respondet
1243 449 1341 477 ver-

316 525 419 565 bum
445 523 670 577 prolatum.
697 519 925 561 Dicendum
947 526 1050 567 ergo
1080 510 1214 565 quod,
1236 508 1343 548 sicut

317 595 361 635 in
391 595 512 636 nobis
540 593 759 647 dupliciter
790 590 995 643 accipitur
1023 586 1180 633 (licere,
1212 583 1269 622 ita
1298 581 1342 620 in

317 666 414 708 Deo.
435 666 540 707 Nam
560 665 698 707 (licere
721 663 788 703 Dei
807 661 919 715 apud
941 672 999 707 se,
1022 658 1089 699 vel
1108 656 1158 697 ad
1180 668 1244 704 se,
1263 653 1343 692 hoc

318 741 378 779 est
408 736 678 788 intelligendo
698 734 916 786 concipere
940 747 948 772 ι
974 733 1015 771 θῖ
1033 729 1113 769 1100
1133 729 1193 767 θεῖ
1212 736 1342 777 gene-

317 823 410 850 rare
431 809 591 862 prolem
611 807 791 847 similem
810 820 818 845 z
836 809 875 846 et
892 803 993 844 huic
1014 802 1153 843 dicere
1172 808 1344 849 respon-

318 882 385 922 det
396 881 574 921 verbum
593 882 757 926 natum,
774 878 814 917 id
829 879 904 926 est,
918 874 1105 916 Verbum
1118 873 1342 911 oeternum.

318 952 410 992 Alio
431 951 555 991 niodo
575 950 713 992 (Ie'cere
729 952 787 989 est
808 946 996 988 exterius
1013 956 1056 984 se
1079 941 1343 995 exprimere3

320 1026 361 1064 et
374 1023 430 1063 sic
448 1022 559 1062 idem
571 1025 632 1062 est
652 1021 805 1069 dicere,
822 1017 935 1070 quod
953 1029 995 1056 se
1018 1027 1091 1068 per
1109 1014 1347 1053 creaturam

319 1094 547 1144 declarare,
571 1097 611 1133 et
635 1092 734 1133 hnic
764 1090 898 1132 dicere
926 1086 1148 1140 respondet
1168 1084 1348 1124 verbum

320 1169 533 1215 creatum,
560 1168 599 1205 et
627 1165 807 1205 verbum
826 1158 1077 1213 temporale.
1107 1155 1348 1198 Conceden-

319 1237 422 1278 dum
442 1248 544 1289 ergo
572 1236 685 1289 quod
703 1234 869 1287 verbum
882 1264 893 1283 ‚
915 1231 1020 1271 sicut
1037 1232 1077 1270 θῖ
1105 1228 1256 1277 dicere,
1274 1225 1351 1266 du-

319 1309 484 1362 pliciter
503 1308 722 1361 accipitur,
740 1306 896 1346 scilicet
916 1300 1173 1343 {eternaliter
1186 1302 1227 1339 et
1245 1301 1349 1338 tem-

321 1379 519 1432 poraliter
540 1393 547 1419 :
580 1381 620 1418 et
638 1378 819 1418 verbum
838 1372 1134 1427 ‚temporaliter
1154 1372 1215 1411 est
1235 1381 1352 1410 crea—

322 1454 429 1501 tum,
451 1462 527 1490 nec
556 1453 617 1490 est
636 1449 762 1498 Deus,
785 1459 863 1488 nec
882 1449 944 1486 est
963 1445 1006 1484 in
1028 1443 1123 1492 Deo,
1145 1440 1216 1481 sed
1236 1452 1354 1481 crea-

322 1524 418 1562 tura
456 1523 646 1574 respectu
690 1519 777 1560 Dei.
814 1517 1000 1559 Verbum
1039 1516 1247 1554 aeternum
1292 1513 1354 1551 est

324 1593 446 1644 Deus,
469 1596 509 1634 et
528 1595 587 1633 est
603 1592 718 1633 illius
739 1591 868 1631 solius
896 1590 1019 1641 cujus
1039 1589 1099 1628 est
1118 1585 1351 1638 concipere,

324 1665 431 1705 sicut
455 1664 594 1706 dicere
623 1666 683 1704 est
710 1662 822 1703 illius
855 1661 984 1702 solius
1011 1659 1134 1711 cujus
1165 1659 1226 1697 θεῖ
1252 1668 1352 1696 con-

325 1736 477 1789 cipere.
529 1735 625 1776 Ideo
669 1735 853 1775 rationes
896 1732 1122 1786 probantes
1177 1728 1355 1770 Verbum

327 1807 408 1847 dici
428 1806 709 1856 notionaliter,
732 1807 832 1845 sunt
857 1803 1101 1857 simpliciter
1119 1801 1353 1843 conceden-

328 1879 409 1919 dae.

381 1955 398 1991 21
409 1982 418 2000 ‚
441 1953 480 1991 2.
496 1950 560 1991 Ad
575 1949 678 1990 illud
697 1948 810 2002 quod
823 1946 1034 2000 objicitur,
1050 1945 1164 1999 quod
1177 1944 1356 1985 verbum

325 2027 385 2063 θεῖ
397 2022 559 2072 notitia,
575 2024 616 2062 et
632 2021 811 2061 verbnm
821 2022 883 2060 θεῖ
895 2017 1275 2066 manifestativum,
1294 2016 1358 2057 di-

327 2094 522 2145 cendum,
543 2093 657 2146 quod
675 2093 753 2132 ista
773 2103 857 2131 non
880 2093 942 2131 θεῖ
963 2092 1049 2130 tota
1077 2089 1184 2129 ratio
1212 2088 1329 2131 verbi
1343 2119 1356 2137 ,

327 2166 435 2207 sicut
452 2178 529 2206 nec
545 2177 668 2205 nosse
687 2166 748 2204 θεῖ
763 2165 850 2203 tota
863 2162 970 2202 ratio
989 2160 1142 2212 dicere,
1158 2163 1197 2201 et
1218 2160 1360 2200 mani-

327 2238 491 2287 festare,
516 2236 587 2277 sed
611 2246 781 2276 necesse
801 2236 862 2274 θεῖ
881 2233 994 2286 (111οᾶ
1025 2232 1144 2273 cadat
1168 2231 1227 2272 ibi
1258 2243 1359 2272 con-

327 2312 497 2362 ceptum
513 2308 522 2330 ¹
541 2320 550 2348 :
579 2311 620 2348 et
638 2307 741 2360 quia
760 2305 909 2346 notitia
931 2306 1132 2356 concepta
1153 2306 1194 2343 et
1222 2303 1360 2343 mani-

329 2381 491 2421 festatio
510 2392 585 2433 per
604 2380 853 2431 conceptum
870 2377 916 2416 fit
935 2387 1010 2428 per
1028 2374 1168 2414 solum
1185 2373 1357 2423 Filium,

329 2464 417 2492 non
434 2451 638 2504 Spiritum
656 2452 864 2499 sanctum,
887 2447 981 2488 ideo
1000 2448 1113 2499 patet
1126 2445 1231 2486 illud
1248 2445 1360 2498 quod

329 2524 526 2576 objicitur
546 2521 745 2563 secundo.

381 2600 419 2636 3.
435 2596 499 2636 Ad
512 2595 615 2635 illud
630 2593 743 2647 quod
758 2591 957 2645 objicitur
974 2590 1024 2630 de
1038 2589 1169 2631 verbo
1184 2588 1230 2629 in
1245 2600 1359 2629 com-

325 2668 541 2722 paratione
554 2667 605 2707 ad
619 2666 842 2713 dicentem,
856 2663 1081 2704 dicendum
1094 2662 1206 2715 quod
1223 2661 1361 2703 dicere

326 2753 411 2781 non
425 2739 579 2780 dicitur
594 2736 882 2785 essentialiter,
903 2735 983 2774 nisi
1000 2734 1234 2774 secundum
1250 2734 1363 2786 quod

326 2812 479 2852 dicitur
510 2813 701 2863 respectu
729 2808 847 2849 verbi
878 2807 1019 2855 creati,
1053 2808 1094 2846 et
1128 2805 1363 2846 secundum

328 2884 440 2935 quod
459 2885 575 2923 notat
591 2882 788 2922 ellectum
806 2877 1082 2931 temporalem
1100 2877 1361 2917 :secundum

328 2966 429 2994 vero
456 2953 570 3006 quod
587 2952 686 2993 dicit
711 2953 949 3004 respectum
970 2951 1194 2999 aeternum,
1217 2948 1275 2988 sic
1294 2960 1362 2988 so-

329 3025 397 3066 lus
419 3037 528 3065 unus
548 3027 609 3064 θεῖ
628 3024 783 3064 dicens.

383 3094 501 3145 Quod
527 3107 629 3147 ergo
660 3094 874 3146 objicitur,
897 3091 1010 3146 quod
1040 3091 1176 3132 dicere
1196 3103 1282 3131 non
1303 3094 1365 3132 θεῖ

330 3167 446 3208 aliud
486 3179 615 3219 quam
653 3165 879 3218 cogitando
918 3164 1094 3215 intueri3
1139 3164 1366 3205 dicendum

331 3238 445 3292 quod
459 3249 610 3280 verum
623 3241 697 3286 est,
711 3237 783 3277 ubi
798 3237 976 3277 intuitus
985 3249 1072 3277 11011
1086 3239 1147 3277 θεῖ
1161 3236 1251 3276 ε111θ
1265 3247 1365 3275 con-

377 3347 388 3368 ¹
406 3347 441 3379 S.
461 3345 590 3383 Thom,
622 3354 656 3384 p.
678 3344 711 3383 1,
727 3354 760 3385 q.
779 3351 903 3379 xxxiv.
927 3346 989 3376 art.
1010 3346 1047 3384 1,
1069 3344 1111 3375 ad
1131 3346 1161 3383 3,
1181 3343 1249 3374 ait:
1275 3354 1291 3371 «
1309 3341 1366 3373 Di-

336 3403 413 3427 cere
446 3402 548 3434 supra
574 3391 763 3431 intelilger·¹
788 3392 880 3423 addit
907 3395 1038 3423 tantuin
1063 3390 1365 3431 expressionem.»

336 3444 442 3482 Scot„
464 3442 541 3473 dist.
559 3450 597 3478 11,
619 3441 676 3472 lib.
699 3441 722 3480 l,
744 3450 776 3480 p.
797 3447 834 3480 11,
853 3449 883 3480 q.
907 3449 954 3480 μ’,
975 3443 1007 3471 ct
1025 3440 1067 3471 ad
1081 3440 1201 3481 Replic.
1219 3438 1367 3479 Quolio„

336 3500 370 3531 q.
387 3499 418 3530 1,
440 3492 503 3521 art.
519 3492 555 3528 2,
577 3488 644 3520 ait:
667 3488 818 3519 «Dicere
839 3491 889 3519 cst
908 3490 1001 3519 actus
1022 3488 1222 3525 intellectus,
1245 3489 1277 3518 et
1297 3495 1369 3518 non

338 3537 590 3579 intelligendi.»
605 3554 643 3560 —
660 3537 675 3558 2
687 3537 771 3577 Aug.
777 3559 788 3576 ,
806 3535 845 3567 de
864 3535 969 3575 Trz'n„
987 3535 1045 3567 lib.
1061 3535 1114 3576 lx,
1136 3545 1164 3568 c.
1179 3543 1244 3576 1111,
1264 3544 1298 3566 11.
1318 3537 1368 3567 18.

1083 201 1499 249 SENTENTIARUM
1526 200 1625 243 LIB.
1654 200 1686 241 I.

1415 294 1548 345 cepto,
1579 294 1627 332 ut
1656 291 1700 330 in
1729 289 1851 331 nobis
1877 291 1917 330 et
1943 289 1988 329 in
2015 289 2157 341 Patre3
2186 291 2320 332 sedin
2340 291 2445 333 Filio

1415 375 1502 404 non
1537 366 1612 411 cst,
1660 373 1736 401 nec
1775 360 1968 401 similiter
2002 359 2047 400 in
2084 360 2247 413 Spiritu
2287 366 2443 404 sancto.

1417 433 1622 483 Quamvis
1636 434 1750 474 enim
1765 445 1808 472 se
1823 431 2076 483 intelligant,
2093 435 2236 473 tamen
2254 446 2341 474 non
2355 447 2446 475 con-

1417 505 1580 557 cipiunt
1598 504 1773 558 prolem,
1794 503 1893 557 quia
1907 515 1993 544 non
2019 506 2081 544 est
2098 504 2142 543 in
2159 504 2218 545 eis
2237 504 2447 546 foecundi-

1417 579 1480 616 tas
1496 576 1547 616 ad
1568 576 1876 627 generandum.
1897 574 1939 616 Si
1953 587 2121 627 quaeras
2139 575 2345 616 rationem
2366 576 2448 616 hu-

1413 647 1501 699 jus,
1521 646 1787 698 Augustinus
1802 652 1816 673 “2
1848 649 1884 686 tc
1910 646 2042 695 docet,
2066 645 2117 686 IX
2137 645 2188 687 de
2223 647 2449 699 Τνὶνιῑῑαῑε,

1420 717 1521 771 quia
1537 729 1614 757 nos
1626 730 1715 759 non
1733 718 2011 770 intelligimus
2030 717 2111 757 nisi
2125 730 2199 770 per
2212 718 2452 770 intelligen-

1420 790 1537 837 tiam,
1562 792 1602 829 et
1623 789 1693 829 illa
1712 802 1878 843 semper
1897 792 1957 830 est
1976 789 2133 842 genita.
2153 789 2201 830 In
2221 790 2291 830 illa
2308 793 2450 831 autem

1421 860 1452 901 T
1456 861 1622 901 rinitate
1638 861 1774 910 beata,
1797 861 1917 901 aliter
1943 863 2004 901 θεῖ
2029 873 2159 913 quam
2182 861 2227 900 in
2245 862 2448 914 imagine,

1422 932 1522 985 quia
1546 933 1744 985 quaelibet
1770 945 1949 985 persona
1965 933 2191 984 intelligit:
2212 935 2253 973 et
2268 933 2361 974 ideo
2380 933 2452 973 in-

1422 1004 1611 1055 telligere
1630 1016 1716 1044 non
1737 1003 1835 1044 dicit
1854 1004 1913 1044 ibi
1931 1005 2139 1045 rationem
2158 1004 2417 1057 concipiendi
2440 1020 2449 1045 ;

1424 1088 1471 1115 ac
1492 1087 1566 1128 per
1585 1075 1664 1115 hoc
1684 1087 1769 1115 non
1790 1075 2078 1127 complectitur
2095 1078 2226 1117 totam
2245 1077 2454 1117 rationem

1425 1146 1604 1197 dicendi,
1628 1146 1695 1187 vel
1714 1146 1848 1197 verbi,
1871 1146 1916 1186 in
1937 1146 2037 1196 Deo,
2053 1150 2101 1188 ut
2119 1147 2163 1187 in
2183 1147 2318 1188 nohis.

1479 1221 1518 1258 4.
1541 1218 1605 1258 Ad
1624 1218 1728 1258 illud
1748 1217 1860 1270 quod
1880 1217 2092 1270 objicitur,
2114 1219 2229 1271 quod
2247 1222 2364 1261 actus
2383 1232 2455 1261 re-

1426 1291 1562 1331 flexus
1587 1301 1715 1342 supra
1746 1301 1804 1340 se,
1833 1292 1927 1339 etc.;
1955 1289 2183 1331 dicendum
2205 1292 2333 1343 quod,
2367 1291 2457 1332 sive

1426 1362 1589 1402 dicatur
1614 1360 1726 1414 apud
1758 1373 1816 1411 se,
1851 1361 1940 1401 sive
1968 1361 2155 1402 exterius
2177 1363 2230 1403 ad
2258 1363 2455 1411 alterum,

1426 1436 1608 1486 utroque
1629 1432 1752 1473 modo
1772 1432 1959 1485 implicat
1977 1433 2089 1485 apud
2109 1445 2151 1473 εθ
2174 1436 2316 1474 actum
2335 1435 2459 1475 abso-

1426 1504 1581 1553 lutum,
1598 1507 1638 1545 et
1650 1504 1948 1557 respectivum.
1973 1503 2113 1545 Dicere
2133 1505 2248 1545 enim
2267 1506 2379 1558 apud
2398 1519 2456 1556 se,

1429 1579 1487 1616 θεῖ
1518 1577 1758 1629 cogitando,
1787 1576 1877 1617 sive
1904 1576 2178 1628 intelligendo
2198 1590 2257 1626 se,
2282 1590 2459 1631 concep-

1428 1650 1521 1689 tum
1532 1648 1712 1701 gignere
1729 1663 1737 1689 :
1751 1650 1791 1689 et
1802 1648 1963 1689 ratione
1977 1648 2106 1701 primi
2117 1651 2178 1689 est
2190 1649 2379 1701 reflexio,
2390 1650 2461 1691 sed

1430 1720 1593 1761 ratione
1613 1720 1788 1761 secundi
1814 1723 1876 1760 θεῖ
1905 1719 2068 1760 relatio.
2102 1719 2304 1761 Similiter
2324 1721 2462 1762 dicere

1430 1792 1632 1841 exterius,
1659 1795 1721 1833 est
1752 1804 1795 1832 εθ
1828 1791 1896 1833 vel
1925 1794 2192 1844 conceptum,
2213 1792 2462 1834 declarando

1430 1863 1605 1916 aliquid,
1627 1866 1747 1904 extra
1762 1863 1960 1904 formare.
1981 1861 2099 1904 Unde
2123 1863 2261 1904 dicere
2283 1866 2464 1917 utroque

1431 1936 1557 1977 modo
1577 1936 1808 1977 reflectitur
1827 1948 1956 1989 supra
1983 1935 2191 1976 dicentem
2208 1938 2248 1976 et
2268 1935 2430 1977 dictum
2451 1948 2461 1976 ε

1431 2020 1560 2061 supra
1577 2007 1800 2059 dicentem,
1822 2008 1985 2048 ratione
2004 2007 2208 2059 absoluti3
2231 2021 2360 2061 supra
2378 2008 2466 2049 dic-

1431 2084 1539 2130 tum,
1560 2080 1722 2120 ratione
1743 2079 1973 2132 comparati
1995 2094 2003 2120 :
2027 2082 2067 2120 et
2087 2079 2145 2119 sic
2166 2080 2386 2120 manifesta
2406 2082 2468 2120 est

1432 2152 1503 2192 illa
1537 2151 1731 2204 obJ'ectio,
1775 2151 1978 2204 quoniam
2017 2151 2155 2192 dicere
2184 2164 2273 2192 non
2300 2154 2466 2192 tantum

1433 2226 1495 2263 est
1512 2223 1771 2272 absolutum,
1788 2226 1827 2264 et
1842 2223 1935 2264 ideo
1949 2235 2037 2264 non
2053 2226 2114 2264 est
2128 2223 2348 2264 essentiale
2362 2236 2468 2264 sein-

1432 2307 1522 2348 per.

1488 2370 1526 2408 5.
1562 2367 1627 2408 Ad
1656 2367 1760 2408 illud
1788 2367 1902 2420 quod
1920 2367 2131 2420 objicitur,
2151 2366 2266 2419 quod
2287 2367 2469 2407 verbnm

1434 2442 1495 2480 θεῖ
1514 2439 1726 2490 medium;
1750 2438 1974 2479 dicendum
1996 2439 2108 2492 quod
2126 2438 2285 2492 duplex
2306 2441 2369 2479 est
2384 2451 2471 2479 me-

1434 2511 1570 2561 dium,
1586 2511 1741 2551 scilicet
1755 2510 1963 2561 essentiae,
1978 2513 2019 2550 θῖ
2034 2511 2084 2564 (α)
2100 2510 2393 2563 intelligentia]
2408 2525 2416 2551 :
2432 2513 2473 2552 et

1434 2583 1623 2625 Verbum
1646 2596 1733 2624 non
1753 2586 1815 2624 est
1834 2583 2024 2624 medium
2043 2582 2088 2622 in
2107 2582 2296 2632 essendo,
2316 2581 2387 2622 sed
2401 2593 2472 2622 ex—

1435 2659 1637 2707 tremum,
1666 2655 1870 2708 quoniam
1911 2655 2053 2706 ipsum
2098 2653 2287 2695 Verbum
2328 2653 2473 2693 omnia

1436 2728 1551 2778 fecit3
1578 2727 1648 2768 sed
1666 2727 1805 2768 solum
1835 2727 1881 2767 in
1908 2726 2197 2778 intelligendo,
2219 2725 2322 2779 quia
2349 2725 2471 2766 Pater

1436 2811 1511 2853 per
1527 2798 1710 2840 Verbum
1733 2798 1878 2839 omnia
1892 2798 1992 2839 fecit
2011 2811 2019 2838 ε
2038 2800 2079 2838 θῖ
2095 2797 2175 2838 1100
2188 2796 2298 2838 infra
2319 2796 2472 2837 melius

1436 2872 1612 2912 dicetur.

1793 2961 2030 3013 QUAESTIO
2054 2961 2103 3002 ΙΙ.

1440 3075 1501 3113 An
1531 3077 1672 3112 nomine
1714 3075 1819 3112 Verbi
1850 3076 2064 3122 importetur
2094 3075 2270 3120 respectus
2299 3073 2347 3110 ad
2377 3083 2477 3109 crea-

1886 3139 1984 3172 turas
2005 3135 2032 3170 ³.

1494 3233 1550 3274 De
1565 3231 1691 3274 Verbi
1708 3232 1855 3273 aeterni
1871 3230 2180 3281 connotatione,
2201 3232 2242 3271 et
2255 3232 2317 3270 est
2333 3240 2476 3283 quaes-
2495 3249 2613 3277 Fundffl

1440 3327 1505 3352 -3
1522 3328 1575 3368 Cf.
1596 3328 1690 3359 Alex.
1712 3327 1860 3366 Alensis,
1880 3336 1913 3367 p.
1932 3327 1956 3366 1,
1983 3335 2016 3366 q.
2033 3333 2127 3367 LXH,
2146 3325 2272 3357 memb.
2292 3328 2302 3356 1
2320 3348 2330 3364 ,
2351 3327 2413 3357 art.
2431 3327 2471 3364 43

1443 3379 1476 3410 S.
1493 3376 1627 3417 Thom„
1645 3386 1678 3416 p.
1695 3377 1718 3416 1,
1737 3382 1904 3417 ‹1.xxx1v‚
1921 3376 1984 3405 art.
1999 3376 2037 3414 33
2060 3377 2093 3405 et
2109 3375 2117 3405 l
2138 3375 2244 3413 Seni„
2261 3373 2337 3404 dist.
2356 3380 2470 3412 1111111,

1442 3435 1476 3466 q.
1497 3432 1543 3464 11,
1566 3427 1629 3455 art.
1644 3427 1682 3464 23
1705 3427 1737 3455 et
1763 3423 1802 3453 de
1827 3423 1945 3460 Ver-it„
1965 3431 1998 3462 q.
2021 3429 2091 3461 v11,
2112 3424 2176 3453 art.
2197 3423 2236 3461 53
2260 3422 2405 3460 scotus,
2436 3419 2472 3450 in

1443 3473 1586 3513 Reporc„
1602 3473 1611 3503 1
1628 3473 1732 3510 ὃθηῖ.,
1755 3471 1832 3502 dist.
1855 3476 1965 3511 XXVII,
1980 3479 2014 3511 q.
2027 3477 2064 3501 v:
2084 3469 2197 3511 AEgid.
2211 3470 2324 3509 Rom„
2339 3468 2351 3499 l
2367 3468 2472 3506 Seni„

1485 3530 1529 3573 (a)
1551 3531 1632 3563 Coet.
1648 3530 1729 3562 edit.
1749 3529 1838 3562 deest
1857 3531 1902 3562 ct.
