2613 3990
286 221 336 259 (36
1048 199 1461 246 SENTENTIARUM
1495 199 1593 240 LIB.
1620 199 1652 240 Ι.

289 309 349 347 θεῖ
377 305 421 345 111
448 301 649 344 omnibus
677 297 910 340 creaturis:
935 307 1039 348 ergo
1058 307 1133 348 per
1161 293 1311 346 cogni—

287 378 445 418 tionem
477 378 515 415 et
541 383 730 414 amorem
758 384 767 410 z
797 380 900 421 ergo
925 367 1034 407 Deus
1054 370 1186 420 potest
1206 377 1311 416 cog-

285 448 402 489 nosci
420 460 443 487 a
462 448 668 486 creatura.

344 519 446 559 Item
461 550 470 567 ,
494 517 654 557 ratione
673 511 907 554 ostenditur
924 510 981 550 sic
1004 525 1012 550 :
1042 509 1186 551 Omnis
1210 520 1310 559 cog-

288 591 396 631 nitio
429 586 656 642 spiritualis
685 586 731 624 fit
760 583 923 623 ratione
953 581 1061 621 lucis
1087 582 1309 630 increatae,

283 666 333 703 ut
369 661 467 701 dicit
498 657 759 710 Augustinus
795 654 839 694 in
875 652 1122 706 Soliloquiz‘s
1151 657 1161 678 ¹
1196 667 1204 692 ε
1241 650 1311 691 scd

284 734 359 774 lux
388 735 447 773 est
468 730 657 771 maxime
686 724 984 779 cognoscibilis
1012 724 1091 777 ipsi
1120 723 1275 763 animm
1299 733 1308 761 ε

280 817 403 857 ergo,
423 807 501 844 etc.

337 877 465 922 ltem,
497 884 594 913 cum
631 871 704 911 fiat
733 867 921 921 cognitio
961 866 1202 919 aliquorum
1237 876 1312 917 per

280 946 578 1002 prcescntiam,
601 942 844 995 aliquorum
873 951 948 993 per
967 937 1308 985 similitudinem,

283 1020 354 1059 illa
369 1018 686 1069 cognoscuntur
704 1013 864 1063 verius,
881 1023 978 1064 quae
994 1010 1312 1061 cognoscuntur

280 1104 356 1146 per
379 1088 652 1144 praesentiam
669 1118 679 1135 ,
706 1088 754 1126 ut
779 1084 877 1125 dicit
908 1081 1181 1134 Augustinus
1209 1094 1217 1119 :
1241 1079 1311 1119 scd

282 1163 392 1204 Deus
411 1164 471 1201 est
492 1159 571 1212 ipsi
591 1158 745 1198 animae
761 1155 907 1196 unitus
918 1166 994 1207 per
1013 1150 1282 1205 praesentiam
1300 1163 1308 1190 :

281 1247 384 1287 ergo
413 1233 522 1274 Dens
555 1230 700 1271 verius
735 1226 1029 1280 cognoscitur,
1069 1235 1199 1277 quam
1231 1222 1313 1263 alia

281 1317 377 1359 quae
397 1303 718 1356 cognoscunt-ur
737 1311 813 1352 per
831 1296 1166 1337 similitudinem.

338 1378 466 1425 item,
497 1375 606 1416 sicut
640 1385 684 1413 se
710 1371 838 1413 habet
865 1381 1035 1410 summa
1064 1367 1230 1408 bonitas
1260 1365 1312 1407 ad

287 1449 553 1491 dilectionem
566 1477 576 1495 ,
593 1445 654 1485 sic
672 1454 843 1484 summa
860 1440 1016 1482 veritas
1034 1439 1086 1480 ad
1103 1437 1312 1490 cognitio-

279 1535 379 1564 nem
401 1537 410 1563 ι
432 1521 503 1562 sed
532 1531 702 1560 summa
728 1516 893 1558 bonitas
914 1517 976 1555 est
1003 1525 1169 1554 summe
1189 1524 1311 1553 ama-

277 1595 374 1635 bilis
411 1594 462 1635 al)
496 1593 651 1634 affectu
687 1606 695 1631 :
728 1601 831 1641 ergo
865 1598 1035 1628 summa
1062 1585 1220 1627 veritas
1250 1586 1313 1624 est

277 1678 446 1708 summe
466 1662 764 1718 cognoscibilis
784 1661 836 1702 ab
855 1659 1086 1700 intellectu.

335 1736 463 1787 Item,
488 1733 831 1787 unumquodque
863 1729 1077 1771 efficacius
1104 1731 1241 1782 potest
1266 1727 1311 1767 in

278 1809 342 1857 id,
366 1809 418 1849 ad
454 1807 569 1861 quod
600 1804 852 1846 naturaliter
880 1802 1100 1843 ordinatur
1124 1815 1132 1841 ε
1155 1799 1222 1840 sed
1245 1800 1313 1839 in-

280 1880 471 1921 tellectus
519 1881 662 1919 noster
711 1875 963 1916 naturaliter
1004 1872 1225 1914 ordinatur
1259 1871 1312 1911 ad

279 1951 568 2004 cognitionem
591 1960 772 1990 summae
794 1946 903 1988 lucis
926 1961 935 1988 ι
959 1957 1063 1997 ergo
1081 1943 1152 1984 illa
1172 1942 1312 1984 maxi-

276 2037 347 2065 me
367 2022 660 2076 cognoscibilis
679 2024 756 2062 est.

622 2173 965 2218 CONCLUSIO.

286 2288 377 2322 Deus
394 2296 415 2320 a
433 2286 595 2320 creatura
613 2285 662 2318 est
682 2279 942 2326 σοῃηοεθίὸίῖίε,
964 2281 998 2314 et
1017 2277 1212 2313 clarissime
1231 2287 1311 2322 coq-

488 2342 693 2384 uoscz'bz'lis,
722 2342 897 2386 quantum
920 2342 971 2374 est
991 2337 1032 2373 dc
1050 2348 1096 2374 se.

330 2452 454 2506 Resp.
475 2451 527 2493 ad
561 2451 667 2502 Arg.
699 2447 957 2496 Dicendum,
987 2445 1099 2498 quod
1129 2444 1239 2485 Deus
1265 2443 1311 2483 in

277 2537 335 2575 se,
349 2528 555 2577 tanquam
578 2534 747 2563 summa
765 2521 857 2570 lux,
871 2522 933 2560 est
948 2530 1117 2559 summe
1135 2529 1310 2569 cognos-

276 2596 429 2646 cibilis,
451 2599 492 2636 et
515 2598 721 2647 tanquam
750 2593 827 2633 lux
852 2603 1021 2632 summe
1046 2589 1310 2630 intellectum

274 2671 472 2707 nostrum
505 2666 720 2719 complens
760 2667 1006 2717 (quantum
1039 2665 1101 2703 θεῖ
1133 2661 1184 2702 de
1216 2661 1309 2711 se),

275 2743 382 2780 esset
413 2750 582 2779 summe
602 2736 899 2790 cognoscibilis
917 2736 1043 2776 etiam
1064 2733 1207 2783 nobis⁷
1230 2732 1313 2772 nisi

275 2814 381 2851 esset
396 2811 548 2864 aliquis
562 2810 749 2851 desectus
767 2821 792 2849 a
810 2810 929 2861 parte
951 2806 1120 2847 virtutis
1136 2816 1313 2857 cognos-

276 2883 406 2923 centis
434 2897 444 2932 ;
479 2882 554 2934 qui
588 2881 764 2934 quidem
792 2891 879 2919 non
908 2878 1070 2919 tollitur
1100 2876 1281 2930 perfecte
1299 2906 1309 2925 ‚

275 2954 357 2994 nisi
383 2966 458 3006 per
491 2952 861 2994 deiformationem
888 2950 1052 3003 gloriae.
1076 2947 1312 2989 Conceden-

275 3025 340 3066 dae
367 3037 470 3076 ergo
497 3028 598 3065 sunt
628 3024 814 3065 rationes
833 3054 844 3072 ,
874 3021 989 3075 quod
1016 3020 1126 3060 Deus
1156 3019 1209 3059 sit
1241 3031 1312 3059 co-

276 3096 522 3150 gnoscibilis
555 3109 579 3136 a
609 3099 828 3145 creatura,
850 3096 891 3135 et
919 3094 1047 3134 etiam
1076 3092 1308 3133 clarissime

276 3167 597 3220 cognoscibiliS,
620 3170 829 3219 quantum
849 3168 910 3206 est
933 3165 984 3206 de
1002 3177 1067 3215 se,
1088 3163 1170 3204 nisi
1198 3163 1312 3204 aliud

277 3242 385 3280 esset
411 3237 670 3291 impediens,
691 3237 759 3278 vel
787 3236 986 3277 deficiens
1013 3247 1067 3276 ex
1095 3236 1214 3287 parte
1240 3234 1312 3274 in-

276 3310 486 3360 tellectus,
509 3310 618 3350 sicut
642 3312 736 3361 post
755 3309 925 3361 patebit.

330 3382 395 3423 Ad
427 3381 590 3434 obJecta
623 3381 669 3420 in
702 3380 987 3431 contrarium,
1020 3383 1058 3420 1.
1085 3378 1312 3420 dicendum

277 3454 390 3507 quod
414 3457 477 3494 est
493 3452 683 3505 cognitio
702 3464 778 3505 per
804 3451 1252 3504 comprehensionem,
1274 3452 1315 3491 et

319 3541 329 3562 ¹
352 3540 492 3581 Solz'loq.
508 3540 566 3574 lib.
581 3541 608 3581 1,
625 3548 654 3572 c.
669 3546 747 3579 vni,
765 3547 801 3571 n.
817 3539 911 3570 15.—
924 3537 938 3559 ²
951 3539 1104 3579 August,
1117 3537 1156 3569 de
1174 3536 1314 3569 videndo

1387 288 1768 341 apprehensionem
1789 292 1831 328 ²:
1859 286 2045 338 cognitio
2070 297 2145 339 per
2172 284 2412 338 apprehen-

1387 360 1550 400 sionem
1583 359 1771 399 consistit
1799 359 1845 398 in
1874 357 2210 398 manifestatione
2225 356 2415 397 veritatis

1387 432 1449 471 rei
1468 431 1673 483 cognitam
1692 431 1878 482 cognitio
1893 441 1995 471 vero
2011 428 2411 481 comprehensionis,

1386 501 1432 541 in
1460 502 1695 543 inclusione
1717 501 1944 542 totalitatis.
1967 500 2030 540 Ad
2057 499 2241 553 primam
2261 497 2413 550 cogni—

1386 572 1546 613 tionem
1577 573 1813 626 requiritur
1838 571 2054 625 proportio
2081 569 2412 619 convenientiae,

1387 645 1428 683 et
1449 643 1546 683 talis
1563 647 1625 684 θεῖ
1649 644 1690 683 in
1713 645 1857 684 anima
1877 645 2069 695 respectu
2083 640 2175 690 Dei,
2196 639 2296 692 quia
2308 651 2416 691 quo-

1386 713 1484 754 dam
1508 715 1634 756 modo
1660 719 1722 756 est
1744 715 1887 770 anima
1907 714 2052 755 omnia
2066 713 2095 764 3,
2116 723 2192 765 per
2210 711 2417 752 assimila-

1386 784 1546 825 tionem
1566 786 1616 826 ad
1638 787 1782 827 omnia
1797 818 1806 836 ,
1834 787 1933 839 quia
1953 787 2053 826 nata
2070 786 2133 824 est
2163 793 2418 834 cognoscere

1386 850 1552 901 omnia3
1574 854 1615 891 et
1635 852 1824 893 maxime
1841 854 1903 893 est
1922 862 2055 904 capax
2072 849 2144 890 Dei
2163 860 2239 902 per
2259 847 2418 888 assimi-

1385 920 1611 973 lationem,
1638 923 1739 975 quia
1760 926 1822 964 est
1846 924 1992 975 imago
2015 925 2056 961 et
2076 919 2308 961 similitudo
2330 918 2417 959 Dei.

1387 992 1605 1041 Quantum
1624 995 1676 1035 ad
1695 995 1986 1047 cognitionem
2008 989 2417 1045 comprehensionis,

1385 1065 1620 1118 requiritur
1637 1066 1854 1119 proportio
1878 1064 2133 1118 aequalitatis
2159 1066 2199 1104 et
2224 1062 2418 1115 aequipa—

1386 1136 1560 1185 rantiae3
1587 1139 1627 1176 et
1657 1135 1752 1176 talis
1780 1148 1868 1176 non
1900 1140 1962 1177 est
1986 1136 2029 1176 in
2058 1135 2202 1175 anima
2228 1136 2421 1187 respectu

1386 1205 1487 1257 Dei,
1509 1206 1610 1259 quia
1634 1207 1779 1248 anima
1801 1211 1864 1248 est
1888 1208 2030 1259 finita,
2051 1207 2121 1247 sed
2142 1206 2252 1246 Deus
2271 1207 2333 1245 est
2351 1204 2420 1243 in-

1386 1278 1563 1318 finitus:
1586 1281 1627 1319 et
1656 1278 1751 1319 ideo
1781 1278 1892 1319 hanc
1912 1291 1998 1319 non
2027 1278 2154 1319 habet
2171 1310 2181 1329 ,
2204 1276 2315 1318 etde
2341 1275 2422 1316 hac

1386 1348 1586 1403 intelligit
1601 1349 1825 1403 Dionysius
1841 1365 1849 1392 ε
1867 1353 1908 1390 θῖ
1923 1350 1974 1390 de
1989 1350 2060 1390 illa
2078 1352 2208 1391 certat
2225 1347 2418 1401 obiectio,

1385 1420 1436 1461 de
1454 1421 1536 1461 alia
1552 1434 1654 1462 vero
1674 1434 1776 1462 non.

1442 1495 1481 1533 2.
1504 1493 1569 1534 Ad
1587 1493 1690 1534 illud
1709 1493 1823 1547 quod
1843 1492 2039 1545 objicitur
2059 1492 2109 1533 de
2136 1491 2332 1533 distantia
2350 1491 2420 1531 in-

1385 1564 1638 1616 telligibilis,
1656 1568 1697 1606 et
1715 1564 1936 1616 sensibilis,
1956 1563 2198 1614 dicendum,
2219 1564 2333 1616 quod
2345 1563 2422 1604 du-

1385 1635 1483 1688 plex
1500 1639 1561 1676 est
1581 1636 1776 1677 distantia
1793 1649 1802 1677 :
1821 1636 2056 1677 secundum
2074 1635 2283 1676 rationem
2296 1635 2418 1684 entis,

1386 1711 1428 1748 et
1450 1709 1688 1749 secundum
1714 1709 1924 1750 rationem
1944 1708 2255 1761 cognoscibilis.
2277 1706 2421 1748 Primo

1387 1780 1512 1820 modo
1528 1812 1538 1830 ,
1561 1784 1623 1821 θεῖ
1640 1782 1778 1833 maior
1806 1781 2023 1831 distantia3
2058 1779 2243 1821 secundo
2271 1779 2418 1830 modo,

1386 1863 1490 1902 non,
1512 1851 1613 1904 quia
1631 1854 1866 1905 utrumque
1884 1855 1945 1893 est
1964 1851 2248 1904 intelligibile,
2267 1850 2423 1891 scilicet

1386 1922 1498 1964 Deus
1526 1927 1567 1964 et
1585 1924 1744 1964 anima.
1766 1923 1860 1965 Non
1893 1924 1952 1964 sic
1982 1926 2044 1964 est
2063 1923 2114 1964 de
2146 1922 2363 1963 intellectu
2381 1924 2422 1962 et

1387 2006 1537 2044 sensu3
1562 1995 1662 2047 quia
1681 2008 1829 2036 sensus
1843 1999 1904 2037 est
1921 1995 2109 2049 potentia
2126 1993 2419 2044 determinata,

1387 2066 1459 2106 sed
1481 2066 1719 2108 intellectus
1738 2080 1839 2108 non.

1441 2140 1481 2178 3.
1513 2138 1575 2178 Ad
1597 2138 1701 2179 illud
1728 2139 1842 2192 quod
1861 2138 2082 2180 infinitum
2100 2149 2189 2179 non
2207 2136 2372 2190 capitur
2396 2149 2422 2177 a

1386 2212 1533 2262 finito;
1570 2212 1717 2253 dicunt
1736 2213 1869 2266 aliqui
1897 2213 2011 2266 quod
2030 2224 2179 2266 capere
2206 2211 2423 2252 infinitum

1387 2287 1449 2325 est
1481 2284 1720 2338 dupliciter,
1751 2285 1908 2325 scilicet
1929 2297 1939 2325 ε
1960 2288 2173 2338 quantum
2192 2284 2245 2325 ad
2276 2295 2424 2325 essen-

1387 2356 1491 2396 tiam
1507 2388 1517 2407 ,
1543 2362 1583 2397 et
1601 2357 1660 2397 sic
1680 2357 1863 2410 capitur3
1889 2359 1930 2397 et
1948 2359 2158 2409 quantum
2177 2355 2228 2396 ad
2254 2355 2422 2397 virtuoae

1388 2428 1572 2479 sitatem,
1590 2431 1631 2469 et
1653 2429 1710 2469 sic
1735 2441 1823 2470 non
1841 2429 2005 2482 capitur
2027 2440 2037 2469 :
2063 2428 2171 2469 sicut
2194 2430 2381 2481 punctus
2397 2442 2424 2471 a

1388 2499 1500 2540 linea
1511 2503 1624 2541 totus
1638 2501 1866 2553 attingitur
1874 2501 2109 2541 secundum
2122 2500 2419 2551 substantiam,

1387 2574 1461 2615 sed
1474 2587 1563 2615 non
1576 2575 1760 2615 totaliter
1774 2574 2008 2615 secundum
2016 2574 2233 2615 virtutem.
2251 2572 2331 2614 Sed
2342 2573 2421 2614 ista

1388 2648 1543 2690 solutio
1561 2662 1649 2690 non
1667 2649 1836 2690 videtur
1849 2649 2027 2700 solvere,
2040 2648 2140 2701 quia
2152 2649 2198 2688 in
2210 2648 2293 2690 Deo
2306 2648 2420 2689 idem

1389 2726 1451 2763 est
1468 2723 1647 2764 essentia
1661 2723 1775 2776 quod
1801 2723 1954 2772 virtus,
1978 2725 2019 2764 et
2037 2726 2217 2776 utraque
2238 2725 2300 2764 est
2316 2723 2419 2763 infi-

1388 2797 1492 2838 nita.
1515 2797 1612 2838 Ideo
1633 2797 1859 2838 dicendum
1887 2797 2002 2850 quod
2022 2797 2181 2851 duplex
2198 2800 2260 2838 est
2276 2797 2420 2837 intini-

1388 2874 1482 2912 tum
1501 2886 1509 2912 :
1526 2884 1682 2922 unum,
1697 2872 1809 2924 quod
1824 2883 1868 2912 se
1884 2871 2010 2912 habet
2024 2884 2100 2925 per
2115 2872 2421 2925 oppositionem

1389 2948 1441 2988 ad
1458 2947 1653 3000 simplex,
1670 2950 1710 2987 et
1723 2947 1805 2988 tale
1820 2959 1910 2988 non
1925 2947 2092 3000 capitur
2105 2960 2131 2988 a
2143 2947 2280 2996 finito,
2296 2947 2421 3000 quale

1389 3024 1451 3062 est
1467 3021 1686 3062 infinitum
1706 3021 1852 3072 molis;
1869 3021 1985 3062 aliud
2003 3024 2066 3062 est
2084 3021 2197 3074 quod
2212 3020 2341 3062 habet
2358 3021 2421 3062 in-

1388 3093 1596 3133 finitatem
1616 3104 1715 3132 cum
1736 3092 2001 3145 simplicitate
2015 3123 2025 3141 ,
2047 3095 2096 3133 ut
2114 3091 2224 3133 Deus
2243 3124 2254 3143 ,
2277 3095 2317 3133 et
2335 3092 2419 3133 tale

1389 3164 1609 3206 infinitum
1626 3195 1636 3213 ,
1657 3164 1759 3217 quia
1782 3164 1964 3217 simplex
1992 3167 2079 3214 est,
2105 3164 2261 3217 ubique
2280 3167 2418 3206 totum

1389 3241 1472 3289 est;
1504 3238 1606 3291 quia
1633 3251 1736 3279 vero
1771 3239 1988 3279 infinitum
2005 3270 2016 3289 ,
2044 3238 2091 3278 in
2109 3239 2230 3280 nullo
2249 3239 2308 3279 sic
2334 3241 2416 3290 est,

1389 3313 1496 3366 quin
1524 3316 1643 3354 extra
1679 3313 1785 3355 illud
1817 3313 1870 3353 sit
1897 3325 1908 3354 ε
1936 3314 1977 3354 θῖ
2003 3313 2063 3353 sic
2093 3313 2418 3366 intelligendum

1390 3388 1452 3425 est
1486 3384 1531 3424 in
1561 3384 1806 3437 cognitione
1838 3384 1926 3425 Dei.
1960 3383 2012 3424 Et
2035 3384 2129 3425 ideo
2158 3397 2245 3425 non
2278 3385 2417 3437 sequi-

1389 3489 1467 3528 Deo,
1488 3488 1586 3530 epist.
1602 3497 1716 3522 cxnvn
1740 3488 1794 3529 (al.
1816 3486 1921 3528 exn),
1942 3487 1989 3519 ad
2004 3487 2196 3520 Paulinam.
2213 3487 2278 3513 —³
2296 3488 2411 3530 Arist„

1389 3536 1428 3568 de
1446 3536 1580 3576 Anima,
1599 3535 1719 3576 lib.lli‚
1732 3537 1881 3568 context.
1897 3536 1928 3567 3.
