2613 3990
27 3728 47 3990 fflj-
26 3495 40 3725 μ’
29 3672 31 3675 ”

1179 298 1430 341 DISTINCT.
1463 299 1530 340 XI.
2340 307 2415 344 497

295 388 439 428 nostro
458 387 730 440 spiritualiter
748 386 1005 437 immittitur,
1027 387 1116 427 sive
1135 388 1314 437 affectio,
1391 393 1499 430 turae
1540 389 1848 441 indigentiam3
1888 390 1957 430 sed
1998 403 2084 431 non
2126 392 2184 431 sic
2214 393 2257 432 iu
2295 393 2418 445 spiri-

295 458 383 499 sive
404 459 605 510 cognitio.
1391 460 1578 499 tualibus
1607 461 1851 500 substantiis
1868 493 1877 510 ,
1915 473 2011 513 quae
2049 462 2208 514 spirant
2235 475 2288 503 ex
2315 464 2418 503 libe-

350 532 387 570 5.
426 530 490 570 Ad
525 530 628 570 illud
667 529 778 582 quod
813 529 1032 581 objicitur,
1069 530 1181 581 quod
1222 542 1316 571 mo-
1392 530 1555 570 ralitate
1584 531 1826 571 voluntatis.
1852 531 1969 572 Unde
1989 532 2150 573 ratione
2177 533 2306 585 hujus
2333 546 2417 574 non

298 604 366 641 tus
399 604 460 642 est
494 601 724 650 naturalis3
756 600 982 641 dicendum
1012 601 1123 653 quod
1163 601 1223 641 sic
1258 605 1319 642 est
1392 602 1719 651 transferuntur,
1742 603 1813 643 sed
1833 603 1994 643 ratione
2015 603 2195 644 aliarum
2223 605 2417 656 proprie-

299 673 343 713 in
362 673 662 726 corporalibus,
681 684 778 724 quae
797 672 959 724 spirant
978 672 1030 725 (a)
1054 675 1224 725 propter
1241 685 1317 713 na-
1393 675 1545 713 tatum.

1046 869 1536 931 DISTINCTIO
1581 870 1667 930 Xl

762 1029 867 1063 QUOD
898 1028 1074 1057 SPIRITUS
1107 1028 1281 1057 SANCTUS
1314 1029 1507 1059 PROCEDIT
1539 1030 1567 1058 Α
1598 1030 1725 1058 PATRE
1756 1031 1807 1058 ET
1840 1031 1964 1059 FILIO.

354 1157 435 1200 Hic
453 1156 685 1200 dicendum
699 1160 776 1211 est,
792 1155 1004 1215 Spiritum
1023 1161 1220 1199 sanctum
1242 1171 1267 1198 a
1286 1155 1413 1200 Patre
1435 1171 1539 1211 esse,
1564 1161 1604 1199 et
1622 1156 1756 1211 Filio,
1780 1160 1820 1199 et
1839 1156 2069 1215 procedere
2089 1172 2114 1199 a
2133 1156 2260 1199 Patre
2281 1161 2323 1198 et
2342 1155 2415 1199 Fi·
2444 1171 2483 1197 ne
2504 1174 2583 1198 aner-

296 1234 355 1278 lio
380 1250 388 1276 :
414 1233 531 1293 quod
560 1233 689 1276 multi
717 1233 907 1276 haeretici
942 1238 1227 1290 negaverunt.
1251 1233 1376 1285 Quod
1398 1233 1543 1277 autem
1563 1234 1614 1277 de
1637 1240 1822 1292 utroque
1839 1234 2055 1292 procedat,
2083 1233 2233 1276 multis
2251 1233 2422 1276 divino·
2455 1222 2581 1280 {¹253}ss

296 1326 396 1354 rum
418 1310 695 1370 eloquiorum
716 1310 974 1354 testimoniis
993 1312 1316 1369 comprobatur.
1340 1310 1452 1353 Dicit
1474 1311 1590 1353 enim
1611 1311 1848 1370 Apostolus
1867 1317 1878 1338 1
1903 1327 1911 1354 ε
1936 1311 2060 1354 Misit
2080 1313 2194 1354 Deus
2214 1311 2419 1369 spiritum
2453 1295 2573 1362 ᾞζὲῗξὲ

296 1390 403 1433 Filii
423 1389 492 1433 sui
510 1389 558 1434 in
574 1387 705 1432 corda
730 1396 898 1431 nostra.
917 1389 1022 1430 Ecce
1042 1388 1111 1430 hic
1131 1388 1290 1431 dicitur
1311 1387 1501 1447 Spiritus
1521 1388 1638 1431 Filii.
1662 1388 1716 1430 Et
1739 1388 1843 1431 alibi
1864 1397 1877 1417 2
1900 1405 1907 1431 :
1938 1389 2022 1442 Qui
2044 1397 2192 1431 aretem
2213 1389 2418 1447 spiritum
2447 1382 2584 1455 sffiffi‘fff

300 1468 466 1513 Christi
490 1482 578 1510 non
598 1455 742 1519 habet,
775 1466 845 1509 liic
865 1482 953 1509 non
974 1474 1035 1508 est
1055 1466 1162 1524 ejus.
1185 1466 1279 1524 Ipse
1300 1466 1428 1508 etiam
1451 1466 1589 1509 Filius
1608 1466 1659 1509 de
1682 1466 1849 1524 Spiritu
1867 1472 2012 1509 sancto
2032 1466 2135 1509 dicit
2155 1466 2199 1509 in
2221 1467 2419 1523 Evange-
2439 1462 2585 1538 f‘liffffnjj

297 1546 355 1589 lio
376 1544 389 1566 ³
414 1562 422 1588 :
451 1547 584 1598 Quem
607 1559 680 1603 eqo
701 1544 879 1587 mittam
908 1543 1024 1586 vobis
1052 1559 1078 1585 a
1097 1546 1246 1586 Patre.
1271 1543 1412 1585 Patris
1439 1548 1585 1586 autem
1614 1543 1802 1602 Spiritus
1822 1543 1962 1586 dictus
1981 1548 2058 1597 est,
2081 1543 2158 1586 ubi
2189 1543 2351 1599 legitur
2371 1546 2383 1566 ²⁴
2409 1560 2417 1586 ε
2441 1546 2527 1572 cedit·

297 1624 347 1667 Si
377 1624 557 1683 spiritus
583 1623 676 1681 ejus
703 1621 778 1681 qui
804 1621 1033 1665 suscitavit
1061 1621 1286 1665 Christum
1320 1637 1347 1663 α
1374 1621 1574 1673 mortuis,
1611 1621 1787 1664 habitat
1807 1621 1854 1664 in
1878 1620 2011 1664 vobis.
2039 1623 2088 1664 Et
2108 1622 2197 1679 ipse
2226 1621 2422 1664 Christus

298 1701 402 1744 dicit
421 1705 433 1726 ⁵
454 1716 462 1742 ε
485 1702 586 1746 Non
607 1700 722 1743 enim
744 1714 816 1742 vos
837 1699 938 1742 estis
969 1699 1044 1757 qui
1065 1699 1312 1757 loquimini,
1343 1698 1421 1741 sed
1446 1698 1626 1759 spiritus
1651 1701 1797 1743 Patris
1816 1699 1949 1741 vestri
1978 1699 2052 1757 qui
2070 1699 2276 1757 loquitur,
2313 1704 2391 1741 etc.
2409 1716 2419 1753 ;

300 1783 341 1822 et
372 1778 418 1821 in
443 1778 528 1821 alio
559 1778 652 1821 loco
678 1777 691 1798 ⁶
716 1793 724 1820 :
764 1779 900 1831 Quem
933 1777 1081 1820 mittet
1111 1777 1243 1820 Pater
1277 1777 1325 1819 in
1354 1777 1532 1819 nomine
1560 1791 1671 1820 meo.
1704 1776 1758 1819 Et
1785 1776 1889 1819 alibi
1909 1776 1999 1835 ipsc
2023 1775 2163 1819 Filius
2181 1776 2233 1819 de
2255 1775 2422 1835 Spiritu

300 1861 445 1899 sancto
471 1855 561 1898 ait⁷
586 1857 681 1899 :De
700 1858 835 1898 Patre
858 1854 1075 1915 procedit.
1111 1854 1189 1897 His
1221 1859 1262 1897 et
1294 1854 1390 1897 aliis
1421 1854 1752 1898 auctoritatibus
1772 1854 2002 1913 8pluribus
2033 1853 2275 1897 ostenditur
2306 1853 2422 1913 quod

301 1933 491 1993 Spiritus
511 1937 681 1976 sanctus
700 1948 724 1976 a
744 1933 870 1976 Patre
889 1937 930 1975 ct
949 1932 1061 1975 Filio
1083 1931 1288 1991 procedit.

360 2010 498 2054 Graeci
520 2015 662 2053 tamen
687 2009 838 2053 dicunt
870 2009 1083 2068 Spiritum
1108 2014 1304 2052 sanctum
1340 2009 1567 2068 procedere
1602 2014 1773 2053 tantum
1809 2024 1832 2052 a
1867 2009 2019 2064 Patre,
2051 2013 2092 2052 et
2123 2023 2211 2052 non
2239 2024 2263 2051 a
2291 2007 2419 2052 Filio.
2480 2023 2559 2057 Quod

300 2088 426 2140 Quod
447 2088 543 2131 ideo
564 2088 729 2142 dicunt,
754 2087 858 2146 quia
877 2087 1035 2130 veritas
1055 2087 1099 2129 in
1120 2087 1373 2143 Evangelio,
1397 2087 1527 2130 fidem
1549 2087 1764 2143 integram
1785 2086 2054 2141 continente,
2081 2086 2133 2129 de
2153 2085 2423 2145 processione
2443 2065 2585 2134 Ποῗῖῗζᾌ-

301 2166 488 2225 Spiritus
507 2166 706 2224 loquens,
730 2165 871 2208 solum
893 2165 1066 2208 Patrem
1088 2170 1413 2220 commemorat,
1436 2164 1582 2207 dicens
1602 2168 1615 2189 ⁹
1640 2180 1648 2207 :
1671 2163 1862 2223 Spiritm
1885 2164 1958 2222 qui
1983 2180 2010 2206 a.
2035 2166 2170 2207 Patre
2194 2163 2394 2222 procedit
2406 2179 2424 2216 ,·
2450 2149 2584 2224 Scpff‘slffflff„

301 2249 343 2287 et
375 2243 504 2286 etiam
524 2242 636 2298 ideo,
660 2243 767 2302 quia
786 2242 831 2285 in
852 2242 1165 2302 principalibus
1195 2243 1388 2286 conciliis
1422 2247 1466 2297 ¹0,
1493 2258 1593 2301 quaa
1617 2242 1733 2300 apud
1757 2257 1827 2284 eos
1847 2242 2060 2284 celebrata
2080 2246 2198 2296 sunt,
2221 2241 2281 2284 ita
2309 2256 2425 2300 sym-
2444 2235 2585 2309 Ρῗζξζζζζῖ

301 2321 402 2365 bola
432 2336 584 2365 eorum
612 2320 856 2378 subjunctis
883 2320 1234 2363 anathematibus
1254 2321 1416 2364 sancita
1440 2326 1557 2374 sunt,
1581 2326 1630 2363 ut
1652 2320 1765 2362 nulli
1784 2319 1836 2362 de
1856 2318 2082 2362 Trinitatis
2101 2318 2187 2361 fide
2209 2318 2328 2361 aliud
2351 2317 2425 2360 do-
2445 2314 2585 2342 ¹⁰³F³¹i⁰

302 2414 412 2454 cere,
433 2399 504 2443 vel
540 2398 665 2442 aliter
698 2399 959 2458 praedicare,
983 2414 1114 2457 quam
1142 2399 1202 2441 ibi
1234 2398 1497 2453 continetur,
1520 2398 1645 2441 liceat
1678 2414 1686 2440 2
1719 2398 1764 2440 in
1791 2397 1954 2456 quibus
1985 2396 2167 2456 quidem
2197 2395 2422 2454 symboliS‚

302 2491 402 2520 cum
434 2475 623 2535 Spiritus
651 2481 822 2519 sanctus
850 2485 1212 2520 commemoretur
1236 2476 1461 2534 procedere
1482 2492 1507 2519 a
1526 2477 1675 2530 Patre,
1699 2480 1740 2518 et
1760 2491 1847 2519 non
1868 2491 1892 2518 a
1912 2474 2024 2518 Filio
2049 2491 2057 2517 ·.
2087 2492 2108 2516 ‹<
2130 2473 2424 2531 Quicumque,

304 2553 528 2612 inquiunt,
551 2569 576 2597 a
594 2553 707 2597 Filio
728 2569 829 2596 eum
858 2554 1087 2613 procedere
1124 2554 1313 2606 addunt,
1346 2554 1576 2597 anathema
1596 2554 1830 2597 incurrunt
1853 2569 1862 2590 ἲ
1886 2571 1907 2594 ))
1934 2552 2052 2596 unde
2076 2557 2116 2595 et
2137 2566 2215 2594 nos
2235 2554 2429 2607 arguunt

304 2631 590 2675 anathematis
622 2647 731 2675 reos.
760 2631 942 2674 Addunt
973 2631 1124 2684 etiam,
1150 2631 1202 2674 ad
1223 2632 1501 2674 assertionem
1523 2646 1612 2674 suae
1635 2630 1853 2690 opinionis
1873 2630 1979 2673 etin
2006 2628 2306 2673 testimonium
2332 2641 2431 2670 nos-

306 2715 382 2753 trae
403 2709 709 2764 damnationis,
732 2709 783 2752 de
803 2709 1000 2768 symbolo
1022 2708 1139 2764 fidei,
1164 2709 1297 2768 quod,
1320 2709 1559 2752 secundum
1584 2709 1877 2762 traditionem,
1900 2707 2209 2767 praedictorum
2229 2703 2433 2748 concilio-

306 2802 405 2831 rum
424 2787 510 2831 Leo
530 2788 590 2830 III
608 2787 760 2831 Romae
779 2788 1087 2846 transcriptum
1108 2788 1153 2830 in
1174 2787 1323 2830 tabula
1346 2792 1565 2843 argentea,
1589 2791 1681 2846 post
1708 2787 1842 2830 altare
1870 2785 1985 2829 beati
2005 2784 2134 2828 Pauli
2154 2783 2309 2842 posita,
2333 2795 2429 2840 pos-

310 2865 410 2908 teris
441 2865 641 2924 reliquit,
679 2883 701 2906 «
733 2880 810 2923 pro
843 2880 988 2908 amore
1015 2866 1086 2923 (ut
1106 2865 1196 2924 ipse
1227 2864 1316 2923 ait)
1341 2870 1382 2907 et
1411 2865 1581 2908 cautela
1608 2864 1711 2907 fidei
1733 2864 1998 2908 orthodoxae.
2025 2879 2047 2903 »
2069 2862 2119 2904 In
2140 2876 2228 2919 quo
2255 2858 2433 2918 quidem

307 2943 529 3001 symbolo,
552 2943 596 2986 in
618 2943 886 3002 processione
919 2943 1110 3002 Spiritus
1129 2943 1247 2986 solus
1267 2947 1634 2985 commemoratur
1653 2942 1799 2997 Pater,
1821 2941 1888 2984 his
1908 2939 2051 2983 verbis
2077 2955 2085 2982 :
2117 2955 2138 2979 α
2157 2938 2211 2981 Et
2226 2937 2273 2980 in
2293 2936 2434 2995 Spiri-

309 3024 403 3063 tum
421 3026 617 3064 sanctum
638 3020 876 3064 Dominum
898 3024 939 3075 ¹¹,
962 3026 1003 3063 et
1024 3020 1352 3076 vivificatorem,
1379 3035 1431 3063 ex
1456 3020 1581 3062 Patre
1612 3019 1937 3078 procedentem,
1959 3032 2059 3059 cum
2094 3016 2223 3059 Patre
2249 3019 2290 3058 et
2320 3013 2432 3058 Filio

310 3097 648 3153 coadorandum,
672 3103 712 3141 et
729 3097 1084 3155 glorificandum,
1107 3115 1128 3139 >³
1154 3102 1233 3140 etc.
1256 3097 1373 3140 Illud
1393 3103 1455 3139 est
1478 3097 1730 3156 symbolum
1756 3095 1873 3154 quod
1894 3095 1939 3137 in
1961 3094 2090 3137 Missa
2107 3097 2322 3147 cantatur,
2342 3091 2431 3134 edi-

312 3180 404 3217 tum
424 3174 470 3217 in
488 3175 664 3219 Nicaeno
684 3174 894 3229 Concilio,
916 3175 962 3217 in
982 3174 1070 3218 fine
1087 3174 1213 3233 cujus
1233 3174 1518 3232 subjunctum
1547 3179 1608 3216 est
1633 3189 1641 3216 ;
1671 3190 1693 3213 ‹<
1720 3172 1806 3224 Qui
1837 3171 1958 3214 aliud
1977 3170 2197 3225 docuerit,
2221 3169 2291 3213 vel
2311 3168 2436 3212 aliter

315 3251 625 3309 praedicaverit,
648 3252 880 3296 anathema
898 3251 967 3294 sit.
990 3269 1011 3293 »
1034 3251 1222 3311 Ideoque
1243 3251 1382 3294 Graeci
1402 3265 1480 3294 nos
1500 3249 1884 3293 anathematizatos
1912 3248 2064 3291 dicunt
2081 3282 2092 3303 ,
2115 3247 2220 3306 quia
2251 3245 2436 3289 dicimus

315 3326 526 3386 Spiritum
545 3335 744 3373 sanctum
763 3345 789 3372 a
808 3328 920 3372 Filio
937 3329 1182 3387 procedere,
1210 3328 1327 3388 quod
1348 3328 1408 3371 ibi
1429 3342 1517 3370 non
1537 3326 1799 3370 continetur.
1818 3325 1944 3377 Quod
1959 3325 2078 3369 enim
2099 3324 2337 3368 secundum
2358 3337 2437 3366 nos

360 3483 371 3504 ¹
385 3482 574 3524 Galat.,1v,
595 3485 676 3515 6.—
688 3485 701 3506 2
714 3485 818 3524 Rom„
834 3492 915 3525 vui,
933 3487 964 3516 9.
979 3502 1018 3507 -
1031 3484 1162 3524 Herm„
1179 3492 1235 3525 XV,
1253 3486 1304 3516 26.
1322 3501 1356 3505 —-
1373 3483 1385 3504 ὁ
1398 3483 1500 3520 Rom„
1522 3489 1596 3523 vui,
1620 3485 1666 3514 11.
1682 3499 1723 3504 —
1737 3483 1749 3503 ⁵
1763 3481 1895 3518 Matth„
1914 3489 1948 3522 x,
1968 3482 2019 3512 20.
2033 3498 2071 3503 ——
2087 3479 2099 3498 ⁶
2114 3480 2220 3515 Joan„
2239 3485 2311 3518 XIV,
2331 3478 2383 3508 26.
2397 3494 2437 3500 -

315 3531 329 3552 7
341 3531 449 3568 λοαη.,
466 3537 523 3570 XV,
538 3532 590 3562 26.
604 3548 644 3554 —
657 3531 670 3552 8
684 3533 838 3573 August„
859 3532 897 3563 de
918 3532 1050 3569 Trinit„
1071 3531 1128 3563 lib.
1147 3532 1220 3572 XV,
1242 3542 1271 3563 c.
1288 3539 1383 3571 xxvi,
1398 3540 1432 3561 n.
1458 3532 1509 3570 45,
1529 3530 1589 3561 bas
1606 3539 1742 3571 quoque
1761 3529 1803 3560 ad
1822 3529 1912 3560 idem
1932 3528 2079 3560 adducit.
2095 3544 2135 3550 —
2149 3526 2162 3547 ⁹
2175 3526 2286 3563 Jocm„
2307 3532 2364 3564 xv,
2383 3526 2436 3556 26.

316 3594 356 3600 —
374 3577 400 3598 ¹⁰
413 3576 517 3608 Cone.
532 3577 618 3617 Nic.,
636 3579 772 3619 Ephes.,
791 3579 963 3617 Chalced.,
979 3579 1194 3610 Constantin.
1209 3596 1248 3601 -
1262 3580 1288 3600 1¹¹
1306 3579 1384 3609 llaec
1402 3577 1507 3608 verba
1523 3586 1593 3607 non
1611 3579 1690 3608 sunt
1707 3576 1743 3607 in
1762 3575 1893 3608 Concil.
1911 3576 2039 3607 Nicaen.
2053 3574 2176 3615 primo,
2191 3581 2256 3603 nec
2272 3571 2435 3611 secundo,

318 3624 378 3655 sed
397 3623 433 3655 in
454 3624 748 3665 Constantinopol.
769 3627 795 3665 1,
815 3626 877 3657 sub
898 3626 1044 3657 Damaso
1066 3627 1169 3666 Papa,
1190 3628 1266 3666 post
1285 3626 1357 3657 Nic.
1378 3626 1402 3664 1,
1423 3627 1455 3655 et
1472 3626 1549 3655 ante
1570 3623 1642 3656 Nic.
1662 3624 1705 3655 11.
1721 3641 1759 3646 —-
1774 3624 1814 3663 (a)
1836 3622 1916 3654 Coet.
1941 3621 2019 3653 edit.
2039 3620 2219 3661 inspirant.
