2613 3990
307 230 384 267 480

357 315 479 366 Resp.
515 312 744 353 Dicendum
789 313 1013 363 (quantum
1051 310 1103 349 ad
1151 319 1336 361 praesens

301 386 497 439 pertinet,
520 384 620 436 quia
651 383 702 423 de
734 382 852 421 initio
881 380 1082 439 temporis
1112 380 1233 418 debet
1255 378 1335 419 dici

301 457 346 497 in
368 455 564 504 secundo)
593 467 602 495 ε
632 454 774 494 Differt
796 453 982 503 incipere
1005 462 1058 492 (ιτ
1080 455 1274 502 tempore,
1297 453 1337 489 et

301 530 349 570 ‘e‘n
381 533 560 579 tempore
595 529 635 565 et.
662 536 754 566 cnm
789 528 994 574 tcmpore;
1023 522 1123 574 quia
1156 532 1211 562 esc
1239 521 1337 561 dicit

305 599 519 641 ordinem,
556 600 594 637 et
630 597 686 635 ita
719 594 1008 647 praesnpponit
1040 597 1208 645 tempus
1239 595 1337 631 tan—

306 682 434 722 quam
456 668 657 715 anterius,
687 670 726 705 vt
754 666 846 705 ideo
876 665 981 704 nihil
1007 664 1131 716 coepit
1150 676 1200 703 ex
1230 666 1338 702 tem-

307 752 423 793 pore,
445 739 525 779 nisi
541 737 653 790 quod
676 737 869 788 sequitur
887 738 1068 787 tempus.
1090 736 1137 775 In
1158 738 1337 786 tempore

306 811 403 851 dicit
423 808 623 861 temporis
649 807 916 847 existentiam
936 821 943 846 ε
969 806 1039 846 sed
1065 810 1231 858 tempus
1252 817 1339 844 non

305 884 383 924 fuit
402 883 443 922 in
462 881 526 921 sui
546 880 666 920 initio
695 894 703 919 :
730 892 827 919 cnm
848 879 899 918 sit
918 879 1220 927 successivum,
1246 878 1339 918 ideo

306 967 400 1008 qua*
430 955 529 993 sunt
559 950 736 1003 aequalis
763 949 997 990 durationis
1016 962 1114 990 cum
1134 952 1337 1002 tempore,

305 1039 390 1066 non
411 1025 646 1077 coeperunt,
669 1034 745 1062 nec
765 1034 817 1062 ex
835 1024 1041 1074 tempore,
1064 1021 1203 1061 necin
1232 1024 1341 1061 tem-

305 1109 420 1149 pore,
443 1095 514 1136 sed
537 1107 635 1136 cum
654 1097 856 1146 tempore,
879 1094 919 1133 id
941 1096 1017 1143 est,
1046 1105 1144 1133 cum
1174 1096 1342 1145 tempus

305 1167 443 1220 coepit.
466 1166 508 1207 Si
529 1178 709 1219 quaeras,
736 1178 821 1218 quo
847 1165 971 1205 modo
1004 1167 1174 1216 tempus
1194 1164 1337 1216 coepit3

304 1240 486 1280 breviter
510 1238 738 1279 dicendum
767 1237 881 1290 quod
901 1237 1019 1277 nullo
1043 1236 1341 1289 praedictorum

305 1311 548 1360 modorum,
573 1309 643 1349 sed
665 1308 789 1361 coepit
807 1308 850 1348 in
870 1308 935 1348 sui
957 1308 1178 1361 principio,
1196 1309 1235 1347 et
1248 1307 1341 1348 ideo

304 1394 392 1423 non
411 1381 536 1434 coepit
556 1383 676 1421 extra
694 1384 877 1432 tempus.
896 1380 957 1420 Ad
975 1379 1077 1419 illud
1096 1379 1210 1431 quod
1233 1378 1342 1430 0in-

306 1454 429 1504 citur,
456 1452 569 1505 quod
590 1464 643 1492 ex
666 1455 853 1503 tempore
883 1452 1159 1491 mensuratur
1177 1452 1343 1502 tempo-

306 1525 408 1574 rale,
439 1523 665 1565 dicendum
692 1522 807 1575 quod
832 1522 1061 1575 temporale
1087 1521 1199 1574 quod
1219 1534 1343 1562 exce-

306 1597 418 1638 ditur
447 1608 471 1636 a
504 1599 719 1648 tempore,
752 1596 1042 1641 mensuratur,
1074 1596 1116 1634 et
1144 1593 1289 1646 incipit
1318 1606 1343 1634 a

306 1673 495 1721 tempore
519 1682 527 1707 :
553 1666 625 1707 sed
644 1666 748 1706 illud
781 1678 869 1706 11011
889 1665 1120 1716 exceditur,
1143 1665 1255 1718 quod
1275 1665 1343 1705 in-

308 1740 409 1793 cipit
428 1751 527 1780 cum
543 1741 733 1791 tempore
751 1752 759 1778 :
784 1741 824 1778 et
844 1738 951 1778 ratio
969 1737 1169 1790 praedicta
1184 1740 1258 1777 est.

726 1863 817 1891 DUB.
849 1862 909 1891 11.¹.

430 1944 595 1975 Nummus
615 1951 697 1974 vero
719 1951 797 1974 cum
817 1942 939 1974 dicitur
956 1941 1122 1983 pretium,
1151 1943 1216 1973 etc.

360 2026 534 2067 Videtur
559 2025 661 2066 falsa
692 2025 842 2076 dicere,
874 2025 984 2078 quod
1014 2037 1222 2065 nummus
1244 2037 1340 2065 mu-

308 2100 418 2138 tatus
449 2109 535 2137 non
567 2100 648 2147 est,
684 2109 784 2137 cum
813 2096 985 2149 coeperit
1016 2109 1104 2137 esse
1133 2096 1338 2149 pretium;

308 2169 409 2222 quia
442 2181 529 2209 esse
556 2168 741 2221 pretium
772 2170 833 2208 est
863 2168 1054 2208 accidens
1082 2169 1271 2217 nummi,
1303 2171 1343 2209 et

309 2241 433 2281 modo
455 2241 579 2292 inest,
602 2243 642 2281 et
660 2240 780 2294 prius
799 2253 885 2281 non
902 2240 1062 2281 inerat:
1093 2252 1196 2293 ergo
1214 2252 1343 2280 num-

308 2325 406 2353 mus
426 2316 614 2354 mutatus
634 2315 709 2354 est.

363 2384 485 2437 Resp‚
514 2384 748 2425 Dicendum
768 2384 881 2436 quod
903 2383 1050 2424 relatio
1074 2395 1162 2424 non
1188 2383 1343 2436 praedi-

309 2459 374 2497 cat
399 2456 500 2509 quid
529 2456 787 2507 ahsolutum,
818 2456 889 2496 sed
920 2456 1120 2508 praedicat
1150 2455 1343 2495 ordinem

309 2529 361 2569 ad
378 2529 559 2569 alterum
584 2540 593 2568 :
616 2528 718 2568 ordo
749 2530 891 2568 autem
913 2527 1083 2580 respicit
1103 2527 1343 2580 dispositio-

308 2612 408 2641 nem
439 2600 746 2640 ordinatorum.
769 2598 970 2648 Quaedam
990 2599 1124 2651 igitur
1148 2603 1249 2640 sunt
1274 2612 1344 2640 or-

309 2672 524 2721 dinabilia,
553 2671 611 2712 ita
637 2671 750 2723 quod
780 2673 1012 2724 utrumque
1031 2674 1092 2711 est
1116 2671 1161 2711 in
1194 2675 1342 2724 poten-

310 2744 367 2783 tia
393 2759 400 2784 :
424 2746 464 2784 et
492 2746 593 2783 tunc
623 2743 770 2783 relatio
802 2743 1085 2784 introducitur
1105 2755 1180 2796 per
1198 2747 1343 2784 muta-

310 2817 467 2855 tionem
483 2816 635 2855 factam
655 2814 700 2854 in
720 2817 915 2867 utroque.
936 2814 1139 2863 Quaedam
1158 2818 1257 2855 sunt
1274 2827 1345 2855 or-

312 2887 512 2927 dinabilia
531 2887 588 2927 ita
609 2886 722 2939 quod
751 2885 948 2938 alterum,
972 2889 1182 2939 quantum
1204 2889 1265 2927 est
1293 2887 1343 2928 de

310 2970 368 3007 se,
390 2958 435 2997 in
453 2960 550 2998 actu
569 2960 643 3008 est,
663 2957 735 2998 sed
754 2958 935 2998 alterum
953 2958 1219 3011 inpotentia:
1236 2958 1344 2999 sicut

311 3032 424 3082 patet
443 3030 493 3070 de
514 3029 694 3077 duobus,
715 3041 901 3082 quorum
923 3041 1051 3079 unus,
1073 3029 1149 3082 qui
1169 3032 1230 3070 est
1246 3033 1343 3071 actu

311 3101 455 3150 allius,
492 3104 589 3141 actu
626 3102 752 3142 habet
779 3101 1077 3155 proprietatem
1109 3102 1343 3142 secundum

313 3186 443 3227 quam
473 3173 702 3214 attenditur
721 3174 972 3225 similitudo,
995 3177 1036 3214 et
1063 3175 1183 3224 ide03
1213 3175 1343 3216 altero

314 3245 364 3286 de
378 3257 464 3285 non
474 3244 568 3285 albo
586 3244 693 3284 facto
712 3244 822 3296 allio,
837 3246 884 3285 fit
903 3246 1083 3298 perfecta
1094 3246 1340 3287 similitudo.

315 3316 408 3358 Non
427 3328 531 3368 ergo
551 3318 714 3368 oportet
736 3317 848 3368 quod
868 3317 1012 3358 relatio
1031 3330 1198 3371 semper
1216 3318 1346 3359 indu-

315 3392 379 3430 cat
410 3388 688 3430 mutationem
735 3388 779 3427 in
826 3392 1007 3442 utroque
1052 3392 1343 3431 extremorum

315 3465 484 3515 propter
515 3462 581 3503 sui
608 3460 921 3513 corruptionem
942 3461 1011 3502 vel
1038 3462 1338 3512 defectionem3

318 3532 389 3573 sed
409 3532 564 3573 sufficit
582 3531 696 3586 quod
714 3531 760 3572 in
783 3531 930 3573 altero.
950 3531 1000 3573 Et
1020 3532 1129 3573 ratio
1151 3533 1242 3575 visa
1266 3535 1341 3584 est,

1068 217 1485 261 SENTENTIARUM
1514 218 1612 259 Lm.
1646 219 1677 259 Ι.

1410 308 1509 360 quia
1542 308 1709 360 respicit
1746 307 1902 361 duplex
1944 311 2206 362 extremum,
2253 315 2295 352 et
2340 312 2439 365 quia

1410 391 1549 419 unum
1569 382 1704 432 potest
1724 392 1811 419 esse
1831 379 1881 420 de
1902 392 1945 420 se
1973 381 2018 421 in
2045 385 2154 432 actu,
2179 382 2308 424 altero
2328 384 2439 423 exis-

1410 453 1523 490 tente
1543 451 1585 490 in
1603 451 1802 503 potentia,
1822 451 1929 491 sieut
1950 452 1992 491 in
2012 465 2204 501 nummo,
2225 454 2295 506 qui
2316 458 2375 494 est
2394 455 2439 494 in

1411 524 1612 573 potestate
1643 523 1889 574 possidentis
1931 523 2042 575 quod
2071 525 2123 564 sit
2158 525 2338 576 pignus,
2373 526 2439 566 vel

1412 593 1613 644 pretium,
1636 594 1702 634 vel
1723 595 1864 644 arrha,
1901 596 2133 635 secundum
2165 597 2440 636 mutationem

1412 664 1560 703 factam
1582 664 1623 703 in
1645 664 1749 717 ipso.
1783 664 1865 705 Nec
1891 666 2061 706 advenit
2087 679 2266 707 nummo
2285 667 2441 720 aliquid

1413 734 1676 785 absolutum;
1712 737 1782 777 scd
1814 738 1915 777 ordo
1948 738 2021 789 qui
2049 751 2103 778 ex
2134 742 2249 791 parte
2276 739 2442 779 nummi

1413 810 1501 846 erat
1520 806 1565 846 in
1585 810 1696 857 actu,
1718 820 1771 847 ex
1792 811 1908 860 parte
1929 808 2040 848 illius
2061 809 2172 861 quod
2187 813 2276 850 erat
2302 810 2346 850 in
2366 822 2442 863 po-

1413 877 1543 917 tentia
1574 878 1620 918 fit
1649 878 1690 918 in
1727 882 1824 920 actu
1851 892 1858 918 :
1883 880 1974 921 ideo
1997 883 2187 921 mutatur
2216 881 2334 932 illud,
2356 893 2443 921 non

1416 952 1578 990 mutato
1598 962 1792 991 nummo.

1841 1076 1930 1105 DUB.
1953 1077 2010 1105 tv.

1688 1152 1852 1184 Accidens
1880 1156 1929 1183 est
1955 1153 1989 1183 in
2014 1155 2166 1185 creatura

1476 1235 1682 1288 Objicitur
1716 1250 1724 1275 z
1759 1235 1864 1276 Cum
1892 1236 2038 1276 relatio
2074 1237 2125 1276 sit
2158 1240 2362 1277 creaturae
2395 1237 2447 1277 ad

1418 1306 1677 1356 Creatorem,
1701 1307 1869 1348 videtur
1894 1308 1974 1348 hoc
2007 1308 2185 1359 falsum3
2208 1309 2311 1362 quia
2342 1322 2448 1349 con-

1416 1377 1543 1430 tingit
1560 1391 1649 1418 rem
1670 1379 1871 1431 intelligi,
1892 1379 2105 1420 accidente
2125 1383 2286 1421 remoto
2309 1395 2316 1421 :
2341 1392 2444 1432 ergo

1417 1449 1452 1488 si
1493 1449 1638 1490 relatio
1669 1451 1721 1491 ad
1754 1450 1993 1491 Creatorem
2023 1452 2175 1492 accidit
2212 1456 2444 1504 creaturae,

1418 1532 1536 1572 ergo,
1555 1521 1625 1561 illo
1646 1525 1822 1571 remoto,
1843 1523 2050 1574 contingit
2068 1535 2159 1563 rem
2179 1525 2361 1563 creatam
2381 1524 2445 1563 in-

1417 1592 1550 1644 telligi
1568 1605 1671 1644 esse,
1695 1594 2012 1646 circumscripto
2043 1597 2234 1647 respectu
2253 1594 2304 1634 ad
2326 1594 2446 1635 Crea-

1417 1666 1566 1704 torem.
1593 1664 1696 1705 Item
1715 1665 1860 1706 relatio
1883 1678 1967 1717 qua
1984 1669 2177 1706 creatura
2195 1666 2375 1706 refertur
2394 1665 2447 1705 ad

1418 1734 1670 1787 Creatorem,
1694 1740 1755 1777 est
1773 1737 1964 1777 accidens
1981 1751 1990 1777 t
2014 1749 2113 1777 cum
2132 1736 2238 1777 illud
2259 1736 2310 1776 sit
2330 1748 2445 1777 crea-

1417 1809 1531 1856 tum,
1554 1807 1756 1859 refertur,
1777 1811 1818 1848 et
1836 1808 1894 1848 ita
1913 1820 1988 1860 per
2008 1807 2198 1848 accidens
2224 1822 2232 1848 :
2260 1810 2300 1848 et
2319 1807 2377 1847 sic
2396 1807 2447 1848 de

1418 1878 1514 1927 alio,
1537 1881 1577 1919 et
1598 1878 1657 1919 ita
1674 1880 1737 1919 est
1757 1878 1875 1919 abire
1896 1879 1941 1918 in
1960 1878 2191 1919 infinitum.

1471 1949 1592 2002 Resp.
1614 1949 1844 1990 Dicendum
1864 1950 1977 2002 quod
2001 1952 2192 1990 creatura
2213 1951 2444 2002 quantum,

1417 2021 1469 2062 ad
1497 2034 1586 2062 esse
1606 2021 1809 2074 primum,
1833 2021 2106 2062 essentialiter
2141 2021 2372 2074 dependet:
2407 2023 2447 2061 et

1420 2093 1512 2134 talis
1539 2093 1685 2133 relatio
1716 2105 1811 2146 quze
1843 2092 2044 2146 exprimit
2069 2093 2183 2132 illam
2204 2092 2446 2145 dependen-

1418 2165 1521 2205 tiam
1541 2177 1628 2205 non
1647 2167 1707 2205 est
1724 2167 1927 2205 creaturae
1947 2163 2214 2204 accidentalis
2228 2194 2240 2213 ‚
2259 2163 2329 2204 sed
2350 2176 2445 2204 ma-

1418 2239 1484 2290 gis
1503 2238 1749 2279 essentialis.
1773 2238 1989 2288 Quantum
2007 2242 2150 2279 autem
2179 2239 2232 2280 ad
2261 2251 2350 2279 esse
2378 2251 2447 2279 se-

1420 2310 1625 2359 cundum,
1651 2310 1739 2350 sive
1760 2310 1811 2350 ad
1828 2310 1934 2351 bene
1967 2323 2077 2361 esse,
2100 2310 2305 2363 dependet
2335 2310 2447 2350 acci-

1421 2381 1665 2433 dentaliter,
1686 2381 1786 2435 quia
1811 2381 1914 2422 illud
1942 2382 2048 2422 bene
2079 2394 2166 2422 esse
2195 2382 2447 2423 accidentale

1421 2457 1483 2495 est
1505 2469 1513 2495 z
1535 2454 1629 2495 ideo
1649 2454 1742 2494 talis
1761 2454 1907 2495 relatio
1927 2454 2161 2495 secundum
2181 2454 2371 2495 accidens
2388 2454 2450 2496 di-

1418 2527 1542 2577 citur,
1564 2529 1613 2567 ut
1632 2526 1777 2566 filiatio
1797 2527 2033 2567 secundum
2053 2527 2166 2579 quod
2190 2526 2290 2567 dicit
2314 2527 2447 2580 adop-

1418 2599 1591 2648 tionem,
1613 2602 1654 2640 et
1676 2599 1726 2640 de
1747 2599 1820 2639 tali
1838 2598 2036 2650 intelligit
2054 2599 2342 2651 Augustinus.

1473 2672 1538 2713 Ad
1557 2672 1661 2713 illud
1683 2672 1796 2724 quod
1817 2672 2015 2724 objicitur
2031 2671 2146 2724 quod
2165 2671 2310 2711 relatio
2334 2670 2446 2711 rela-

1418 2744 1532 2785 tione
1550 2744 1631 2784 alia
1647 2744 1842 2793 refertur,
1863 2743 1992 2796 aliqui
2011 2743 2160 2785 volunt
2179 2742 2314 2783 dicere
2334 2743 2447 2795 quod

1419 2819 1613 2856 creatura
1642 2815 1779 2868 seipsa
1807 2815 1989 2855 refertur
2023 2829 2031 2855 :
2059 2817 2202 2855 tamen
2232 2813 2338 2854 illud
2359 2825 2446 2854 non

1419 2888 1587 2930 videtur
1606 2899 1694 2928 esse
1714 2886 1940 2927 dicendum
1954 2918 1964 2937 ,
1997 2885 2098 2938 quia
2116 2884 2234 2925 nulla
2254 2888 2447 2926 creatura

1421 2962 1483 3001 est
1499 2972 1576 3000 sua
1592 2957 1755 3008 relatio,
1773 2969 1871 2998 cum
1891 2969 1978 2997 non
1998 2957 2049 2997 sit
2069 2968 2235 2997 summe
2247 2956 2442 3009 simplex,

1419 3031 1505 3072 imo
1524 3031 1605 3071 hoc
1626 3029 1767 3082 ipsum
1786 3028 1897 3081 quod
1917 3028 2098 3068 refertur
2115 3027 2250 3068 aufert
2279 3028 2446 3080 simpli-

1420 3102 1601 3142 citatem.
1622 3099 1718 3140 Ideo
1739 3099 1964 3139 dicendum
1983 3098 2110 3151 quod,
2132 3097 2239 3138 sicut
2270 3098 2444 3139 relativa

1419 3173 1662 3213 referuntur
1676 3171 1860 3224 proprie,
1877 3183 1972 3223 quac
1990 3170 2134 3210 dicunt
2152 3182 2243 3210 rem
2261 3170 2446 3210 substra-

1419 3248 1507 3286 tam
1535 3257 1633 3284 cum
1666 3247 1878 3296 respectu,
1911 3243 2013 3295 ipsae
2048 3244 2191 3282 autem
2223 3241 2445 3282 relationes

1421 3317 1509 3357 sive
1529 3318 1740 3368 respectus
1762 3327 1846 3355 non
1867 3314 2123 3362 reseruntur,
2145 3314 2277 3353 immo
2306 3314 2444 3365 magis

1420 3387 1502 3428 alia
1521 3387 1728 3435 referunt,
1751 3386 1955 3439 quianon
1981 3389 2080 3425 sunt
2108 3385 2234 3434 entia,
2265 3384 2336 3425 sed
2366 3396 2443 3425 en-

1420 3461 1554 3511 tium3
1574 3460 1633 3500 sic
1656 3460 1701 3500 in
1719 3458 1931 3512 proposito
1949 3458 2176 3500 dicendum
2201 3458 2313 3512 quod
2339 3458 2441 3511 ipsae

1421 3531 1643 3573 relationes
1664 3543 1739 3584 per
1768 3542 1812 3571 se
1837 3542 1924 3571 non
1952 3531 2209 3580 referuntur,
2240 3530 2313 3571 sed
2343 3541 2441 3571 cum
