2613 3990
198 238 214 273 Δ1
224 236 274 273 80

196 321 362 362 duratio
390 333 400 360 ε
432 320 502 361 sed
537 320 667 362 Filius
698 320 825 360 habet
865 319 1121 373 principium
1153 333 1219 359 cs-

195 393 312 434 sendi
337 408 345 433 2
371 405 473 445 ergo
510 392 636 432 habet
664 391 920 444 principium
951 391 1184 431 durationis
1207 405 1214 430 :

195 465 266 505 sed
289 465 401 518 quod
430 465 557 505 habet
584 463 841 516 principium
861 464 1049 513 essendi,
1072 463 1219 516 incipit

195 548 282 576 esse
306 548 316 575 ε
337 548 455 587 ergo,
481 538 558 575 etc.

246 611 286 648 4.
309 608 412 648 Item
435 607 555 647 Pater
575 608 686 646 caret
705 605 928 658 principio,
951 609 991 647 et
1007 609 1118 646 caret
1137 606 1218 645 ini-

192 680 250 719 tio
271 694 279 719 :
297 691 414 730 ergo,
435 690 517 730 qua
531 677 691 717 ratione
709 677 993 717 communicat
1011 677 1117 717 Filio
1132 689 1218 716 non

192 749 345 790 habere
375 749 545 788 initium
563 780 573 798 ,
602 747 748 788 eadem
782 748 945 789 ratione
975 748 1218 788 communi-

192 824 257 861 cat
288 821 325 861 ei
360 832 444 860 non
476 819 632 860 habere
666 818 949 872 principium;
978 822 1051 859 aut
1079 819 1217 859 sinon

191 892 284 940 hoc,
301 903 378 932 nec
397 891 513 932 illud.

555 1005 854 1048 CONCLUSIO.

191 1107 377 1141 Gener-atio
405 1107 445 1139 in
473 1105 609 1141 divinis
639 1107 688 1141 esi
717 1107 851 1140 (eterna
870 1106 1020 1150 propter
1043 1114 1219 1139 summam

235 1167 438 1210 ycnerczntis
482 1164 776 1210 foeczinclitatem,
811 1168 843 1200 ei
893 1165 1008 1209 qeniii
1046 1174 1219 1199 swnmam

237 1226 501 1271 (equalitatem,
544 1228 577 1261 et
613 1227 796 1271 utriusque
841 1235 1014 1261 summam
1057 1226 1215 1261 actuali-

237 1289 359 1321 tatem.

242 1393 363 1445 Resp.
386 1392 438 1433 ad
457 1392 562 1445 Arg.
591 1392 824 1433 Dicendum
855 1392 965 1445 quod
1000 1392 1218 1444 generatio

188 1464 282 1505 Filii
306 1467 366 1505 est
386 1467 559 1513 aeterna,
573 1466 665 1504 tum
677 1463 838 1504 ratione
849 1463 1106 1515 generantis,
1124 1466 1217 1503 tum

186 1536 348 1577 ratione
390 1536 525 1588 geniti
556 1551 564 1576 :
594 1536 757 1576 ratione
792 1535 1060 1587 generantis,
1091 1547 1218 1587 prop-

186 1611 248 1648 ter
287 1620 505 1654 summam
537 1609 576 1648 et
608 1607 836 1659 perfectam
871 1606 1215 1655 foecunditatem3

186 1680 348 1720 ratione
368 1679 529 1731 geniti,
554 1681 726 1731 propter
752 1690 967 1718 summam
991 1680 1031 1718 et
1058 1678 1218 1730 persec—

185 1753 272 1790 tam
293 1750 579 1803 aequalitatem
600 1764 608 1790 :
632 1762 817 1802 quarum
836 1752 1017 1801 utraque
1037 1748 1219 1789 conditio

185 1821 306 1872 tollit,
326 1834 380 1862 ne
400 1821 531 1862 Filius
550 1821 603 1861 sit
622 1821 831 1874 posterius
857 1819 979 1860 Patre
993 1852 1003 1871 ,
1026 1820 1134 1860 sicut
1153 1820 1219 1860 vi—

188 1906 284 1934 sum
303 1893 426 1934 estin
444 1892 710 1946 opponendo.
728 1892 822 1932 Alia
842 1892 950 1933 ratio
970 1895 1032 1932 est
1049 1893 1220 1945 propter

186 1976 402 2005 summam
429 1964 474 2004 in
505 1966 685 2017 utroque
715 1963 1018 2014 actualitatem,
1054 1963 1099 2002 in
1136 1975 1220 2016 qua

187 2048 273 2076 non
300 2036 424 2076 distat
458 2038 576 2076 actus
595 2047 620 2076 a
638 2035 839 2088 potentia,
864 2047 942 2076 nec
962 2047 1083 2088 posse
1101 2037 1217 2075 ante-

189 2107 297 2148 cedit
321 2119 424 2148 esse.

243 2183 280 2219 «1.
303 2179 367 2220 Ad
386 2178 490 2219 illud
509 2178 622 2230 quod
639 2177 850 2230 objicitur,
870 2178 985 2230 quod
1006 2178 1220 2230 corruptio

188 2251 307 2304 ponit
333 2250 566 2291 terminum
592 2248 787 2299 finalem3
819 2248 1045 2289 dicendum
1063 2281 1073 2299 ,
1106 2249 1220 2302 quod

189 2322 403 2375 corruptio
423 2333 588 2374 semper
608 2321 707 2362 dicit
723 2320 1006 2362 variationem
1024 2323 1064 2361 et
1083 2323 1222 2361 muta-

189 2394 348 2435 tionem
367 2426 377 2444 ,
408 2396 448 2434 et
481 2393 539 2433 ita
568 2392 889 2434 conversionem
915 2392 1022 2432 entis
1056 2392 1101 2432 in
1134 2405 1222 2432 non

190 2478 278 2506 esse
301 2480 310 2506 ε
332 2469 373 2506 01
397 2464 490 2505 ideo
518 2465 638 2518 ponit
664 2464 900 2505 terminum
926 2464 1112 2505 finalem.
1142 2464 1223 2504 Sed

191 2537 407 2589 generatio
425 2536 652 2589 aliquando
670 2536 771 2577 dicit
790 2536 1072 2577 mutationem
1084 2568 1093 2586 ,
1110 2539 1158 2576 111
1178 2536 1222 2576 111

191 2611 414 2662 creaturis,
437 2613 478 2651 et
497 2611 557 2651 sic
582 2610 701 2663 ponit
725 2611 960 2651 terminum
990 2610 1219 2662 initialem3

192 2682 262 2722 sed
279 2683 323 2722 in
342 2683 497 2723 divinis
519 2695 607 2723 non
627 2682 726 2723 dicit
746 2683 1025 2723 mutationem
1054 2695 1108 2723 ex
1135 2695 1222 2724 non

193 2757 302 2803 ente,
323 2754 394 2795 sed
415 2754 730 2794 emanationem
746 2754 799 2794 ab
820 2757 929 2796 ente.

247 2828 286 2865 2.
319 2825 383 2866 Ad
406 2825 511 2865 illud
539 2825 652 2878 quod
681 2825 894 2877 objicitur,
916 2825 1030 2878 quod
1046 2825 1224 2866 essentia

194 2896 301 2937 nihil
332 2896 527 2949 producit
550 2897 630 2936 nisi
660 2909 714 2937 ex
732 2900 923 2949 tempore
949 2911 959 2946 ;
997 2897 1222 2937 dicendum

195 2967 328 3020 quod,
359 2967 465 3008 sicut
492 2980 671 3020 persona
696 2968 893 3020 producit
925 2967 1052 3008 aliam
1075 2980 1222 3020 perso-

194 3050 318 3088 nam,
350 3038 409 3078 sic
433 3039 611 3079 essentia
642 3038 769 3079 aliam
803 3039 1041 3079 essentiam.
1082 3039 1223 3079 Aliam

195 3112 339 3150 autem
371 3113 569 3150 naturam
593 3111 773 3151 essentia
792 3123 846 3151 ex
862 3111 997 3164 seipsa
1021 3123 1107 3152 non
1126 3123 1223 3164 pro-

197 3181 324 3232 ducit,
348 3193 445 3220 cum
464 3181 555 3234 ipsa
569 3183 621 3222 sit
635 3182 936 3232 immutabilis3
960 3195 1037 3223 nec
1055 3195 1108 3222 ex
1127 3183 1222 3234 alia,

198 3249 298 3301 quia
317 3249 510 3289 similiter
529 3253 634 3289 esset
652 3262 843 3302 quaerere
857 3283 867 3300 ,
893 3250 1005 3291 unde
1030 3251 1225 3304 producit

198 3321 314 3361 illam
340 3321 467 3362 aliam
494 3335 502 3362 :
525 3323 566 3361 et
590 3321 648 3361 sic
682 3334 849 3363 necesse
884 3326 945 3364 est
973 3323 1018 3363 in
1047 3324 1226 3376 produc-

241 3454 252 3474 ¹
271 3452 347 3484 Vid.
367 3452 473 3493 infra,
495 3451 571 3484 dist.
587 3453 760 3483 XX1x.—²
775 3452 826 3492 Cf.
855 3453 951 3484 Alex.
972 3453 1124 3496 Alensis,
1137 3465 1172 3496 p.
1186 3456 1198 3487 1
1213 3480 1224 3496 ,

200 3509 234 3540 q.
253 3508 346 3540 XL1!,
366 3500 492 3531 memb.
515 3501 555 3540 ὅ,
575 3502 638 3530 art.
665 3502 704 3540 23
730 3501 764 3531 S.
788 3500 921 3541 Thom„
948 3511 982 3541 p.
1015 3503 1047 3543 1,
1079 3513 1112 3544 q.
1143 3511 1224 3544 XLI,

201 3550 264 3579 art.
279 3550 319 3587 63
340 3551 373 3578 et
391 3549 401 3578 1
425 3548 529 3586 Seni„
552 3547 629 3578 dist.
645 3554 706 3587 Vll,
727 3557 760 3587 q.
782 3555 820 3588 11,
837 3550 897 3579 art.
915 3550 955 3588 23
974 3550 1085 3590 AEgid.
1107 3551 1220 3591 Rom„

950 228 1363 271 SENTENTIARUM
1394 220 1490 271 LIB.
1524 231 1555 271 l.

1293 319 1403 360 tione
1425 321 1560 373 prima
1581 324 1805 370 creaturae,
1827 319 1937 371 quod
1957 319 2157 372 producat
2176 333 2230 362 ex
2248 321 2315 360 ni-

1291 390 1378 430 hilo
1397 403 1406 430 :
1428 394 1468 430 ct
1486 403 1610 431 omne
1628 391 1685 430 sic
1704 390 1957 443 productum
1977 390 2103 431 habet
2121 403 2208 432 0550
2224 395 2317 444 post

1292 474 1377 502 non
1395 474 1498 511 esse,
1520 466 1560 502 ct
1580 463 1635 501 ita
1657 461 1841 501 initium.
1865 459 2048 501 Persona
2067 463 2208 502 autem
2229 475 2317 503 non

1292 533 1342 573 de
1358 533 1491 574 nihilo
1511 533 1702 585 producit
1719 544 1958 585 personam,
1980 533 2021 571 et
2039 531 2133 572 ideo
2151 544 2236 572 non
2256 532 2318 572 fa-

1293 604 1348 644 cit
1373 605 1423 645 de
1451 617 1535 646 non
1563 607 1658 645 ente
1689 616 1791 653 eus3
1824 606 1864 644 et
1890 603 1981 644 ideo
2011 603 2180 643 nullum
2201 604 2320 656 ponit

1293 675 1464 716 initium
1481 676 1575 716 talis
1594 676 1826 728 productio.

1348 750 1385 787 3.
1408 747 1470 787 Ad
1487 747 1588 787 illud
1606 747 1717 800 quod
1731 747 1946 799 objicitur,
1967 746 2081 799 quod
2100 745 2232 787 Filius
2249 746 2321 787 ha-

1293 817 1362 858 bet
1379 818 1430 871 (a)
1449 818 1707 870 principium
1725 818 1910 869 essendi,
1931 817 2154 859 dicendum
2175 821 2187 842 ¹
2210 817 2321 870 quod

1293 889 1549 942 principium
1567 889 1723 929 dicitur
1737 889 1909 942 duplex,
1926 889 2081 929 scilicet
2094 888 2318 940 originale,

1294 963 1334 1000 et
1363 960 1537 1000 initiale.
1569 959 1811 1001 Secundum
1832 960 1943 1012 quod
1972 959 2229 1013 principium
2257 960 2320 1000 di-

1294 1031 1403 1071 citur
1430 1031 1709 1083 originaliter,
1742 1031 1800 1071 sic
1825 1030 1978 1080 Filius,
2006 1035 2091 1071 tam
2112 1035 2321 1084 quantum

1293 1102 1346 1142 ad
1363 1115 1465 1153 csse,
1489 1114 1618 1155 quam
1639 1105 1848 1154 quantum
1868 1102 1919 1143 ad
1941 1102 2224 1151 durationem,
2250 1103 2322 1142 ha-

1293 1175 1362 1215 het
1384 1174 1431 1226 (b)
1455 1174 1734 1226 principium,
1753 1173 1855 1226 quia
1868 1176 2101 1226 utrumque
2119 1174 2247 1215 habet
2266 1175 2318 1214 ab

1293 1246 1390 1287 alio.
1421 1245 1464 1286 Si
1496 1248 1639 1286 autem
1670 1245 1929 1298 principium
1951 1245 2114 1286 dicatur
2132 1246 2319 1297 initium,

1294 1318 1352 1358 sic
1371 1317 1462 1358 dico
1480 1317 1595 1370 quod
1614 1328 1690 1358 1100
1708 1317 1835 1357 habet
1856 1317 2114 1370 principium
2142 1319 2320 1369 essendi,

1293 1403 1371 1431 nec
1388 1389 1586 1431 durandi.
1603 1389 1797 1430 Primum
1814 1389 2071 1442 principium
2085 1402 2169 1430 non
2188 1391 2324 1431 aufert

1294 1462 1501 1503 rationem
1523 1461 1692 1512 aeterni3
1711 1461 1945 1502 secundum
1962 1473 2064 1502 vero
2086 1461 2160 1502 sic.

1348 1538 1386 1575 4.
1407 1534 1471 1575 Ad
1490 1534 1594 1575 illud
1624 1533 1736 1586 quod
1762 1533 1961 1586 objicitur
1987 1533 2138 1574 ultimo
2154 1566 2164 1584 ,
2192 1546 2321 1587 quare

1295 1606 1417 1647 Pater
1431 1606 1715 1647 communicat
1732 1605 1836 1646 Filio
1859 1605 2090 1646 carentiam
2103 1605 2224 1657 initii,
2236 1619 2322 1647 non

1294 1678 1506 1731 principii,
1529 1680 1641 1730 patet
1655 1678 1747 1730 jam
1766 1677 1982 1730 responsio
2006 1691 2014 1717 :
2040 1677 2322 1731 quiatempo-

1294 1748 1381 1789 rale
1398 1752 1438 1789 et
1456 1752 1664 1789 aeternum
1682 1749 1885 1789 differunt
1905 1749 1956 1789 de
1978 1749 2223 1790 necessitate
2249 1763 2322 1803 per

1294 1821 1541 1871 essentiam,
1566 1821 1825 1873 principium
1850 1823 1890 1861 et
1911 1821 2215 1874 principiatum
2237 1835 2324 1863 non

1295 1893 1354 1933 510
1377 1908 1385 1933 :
1407 1892 1501 1933 ideo
1518 1904 1603 1932 non
1620 1895 1681 1932 est
1703 1892 1840 1933 simile
1860 1892 1911 1933 de
1929 1892 2011 1933 hoc
2030 1895 2071 1933 et
2098 1892 2169 1933 1110
2192 1905 2201 1933 :
2224 1893 2324 1946 quia

1295 1976 1399 2016 ergo
1410 1964 1524 2017 quod
1536 1964 1663 2004 habet
1679 1963 1849 2004 initium
1868 1966 1929 2004 est
1946 1964 2192 2016 temporale,
2210 1965 2324 2018 quod

1295 2039 1407 2077 caret
1422 2036 1467 2089 (0)
1489 2039 1550 2077 051
1566 2038 1795 2086 aeternum3
1814 2036 1923 2087 ideo,
1942 2048 2041 2076 cum
2060 2035 2182 2077 Pater
2195 2039 2235 2077 et
2251 2036 2281 2076 F
2285 2036 2324 2076 i-

1294 2108 1378 2148 lius
1394 2108 1479 2148 sint
1497 2107 1629 2148 unius
1644 2107 1848 2156 essentiae,
1868 2109 1995 2159 patet,
2024 2108 2100 2147 etc.
2122 2106 2323 2156 Rursum,

1296 2192 1395 2220 cum
1408 2180 1566 2220 hahere
1580 2179 1850 2233 principium,
1869 2181 1909 2220 et
1923 2191 2010 2220 non
2026 2179 2197 2231 habere,
2219 2180 2327 2221 dicat

1296 2252 1578 2293 differentiam
1598 2263 1812 2304 personae,
1835 2253 1876 2291 et
1898 2251 1992 2291 haec
2024 2253 2086 2291 est
2108 2251 2219 2292 inter
2244 2251 2327 2293 Pa-

1296 2325 1405 2364 trem
1425 2325 1465 2364 et
1483 2322 1639 2363 Filium
1657 2337 1666 2373 3
1690 2323 1782 2363 ideo
1796 2355 1806 2373 ,
1826 2322 1933 2363 sicut
1958 2321 2081 2363 Pater
2102 2335 2189 2363 non
2209 2335 2324 2363 com—

1298 2395 1486 2435 municat
1514 2393 1619 2434 Filio
1639 2406 1863 2447 personam
1877 2426 1887 2445 ,
1918 2393 1989 2434 sed
2009 2395 2176 2435 tantum
2197 2397 2326 2435 natu-

1297 2479 1390 2507 ram
1404 2466 1492 2507 sive
1506 2465 1744 2517 essentiam,
1765 2465 1823 2506 sic
1841 2465 2174 2507 communicavit
2190 2466 2228 2506 ei
2241 2477 2327 2506 non

1297 2539 1452 2579 habere
1468 2538 1664 2587 initium;
1687 2537 1759 2578 sed
1778 2549 1864 2578 non
1885 2537 2218 2579 communicavit
2240 2549 2327 2578 non

1296 2609 1452 2650 habere
1470 2608 1744 2662 principium.

1645 2712 1880 2762 QUAESTIO
1910 2712 1978 2755 IV.

1458 2809 1518 2844 An
1536 2810 1718 2854 generatio
1737 2811 1829 2846 Filii
1846 2812 2044 2846 terminata
2062 2812 2111 2846 sit
2131 2808 2158 2846 ².

1352 2894 1503 2936 Utrum
1531 2896 1750 2948 generatio
1782 2895 1879 2937 Filii
1911 2897 1964 2937 sit
2000 2897 2241 2938 terminata.
2277 2897 2329 2939 Et

1297 2967 1409 3019 quod
1439 2967 1517 3019 sic,
1538 2968 1706 3008 videtur
1731 2981 1806 3022 per
1831 2969 2151 3021 Augustinum³
2176 2985 2183 3010 :
2212 2969 2326 3020 «Qui

1297 3050 1462 3092 semper
1481 3039 1683 3089 nascitur,
1703 3052 1927 3093 nunquam
1949 3043 2011 3081 est
2027 3043 2167 3091 natus,
2189 3054 2237 3082 ac
2252 3054 2328 3095 per

1297 3110 1378 3150 hoc
1408 3122 1631 3162 nunquam
1654 3114 1715 3151 est
1744 3111 1870 3152 filius.
1893 3126 1913 3150 n
1941 3110 2092 3153 Nullus
2123 3125 2227 3165 ergo
2253 3125 2328 3166 per

1298 3181 1615 3234 generationem
1645 3182 1848 3223 dicendus
1872 3185 1932 3223 est
1951 3183 2062 3223 filius
2078 3215 2087 3233 ,
2105 3196 2328 3237 quousque

1298 3252 1516 3305 generatio
1536 3254 1589 3294 sit
1604 3255 1828 3295 terminata
1852 3268 1860 3295 :
1883 3253 1955 3295 sed
1983 3252 2171 3296 Verbum
2193 3254 2327 3296 Patris

1299 3385 1311 3416 1
1337 3384 1441 3423 Sent„
1462 3385 1539 3418 dist.
1562 3393 1608 3426 lx,
1630 3396 1663 3427 p.
1689 3386 1730 3426 11,
1755 3395 1788 3426 q.
1813 3392 1869 3425 1113
1888 3384 2059 3426 Richard.,
2089 3387 2099 3417 1
2121 3387 2227 3425 Seni„
2248 3386 2325 3418 dist.

1301 3439 1354 3472 lx,
1381 3435 1444 3463 art.
1470 3434 1510 3474 2,
1540 3442 1572 3474 q.
1593 3441 1615 3466 1.
1637 3451 1681 3456 -—
1717 3433 1897 3474 ⁸August.,
1925 3432 1984 3464 lib.
2007 3434 2172 3466 LXXXIII
2193 3435 2327 3475 Quoest.,

1300 3488 1333 3520 q.
1353 3487 1490 3512 xxxvii.
1530 3507 1531 3510 ,

1343 3551 1385 3591 (α)
1402 3550 1482 3583 Coet.
1496 3551 1576 3584 eclz't.
1593 3552 1727 3584 habeat.
1744 3569 1783 3575 —
1797 3550 1842 3592 (b)
1859 3552 1953 3584 Item.
1969 3569 2008 3576 —
2023 3552 2065 3595 (c)
2081 3554 2196 3596 Suppl.
2215 3552 2323 3586 initio.

2387 2909 2432 2937 Ad
2440 2918 2489 2944 op-

2349 2960 2411 2987 pos.
