2613 3990
143 3023 188 3051 Ad
201 3031 249 3058 op-

107 3074 170 3101 POS·

240 277 311 314 w»

234 361 355 402 nitivi
374 359 635 412 originaliter
654 370 664 399 ε
683 360 722 398 et
739 357 832 398 ideo
852 355 1050 408 importat
1068 353 1258 405 aliquam

234 433 544 474 distinctionem
572 430 666 472 Filii
689 430 740 470 ad
763 429 953 476 Patrem,
981 438 1067 467 non
1089 424 1140 465 ad
1163 423 1258 475 eJ‘us

235 504 513 546 substantiam
537 518 545 543 ·.
569 505 608 543 et
628 502 684 542 ita
707 499 946 554 praepositio
968 500 1081 539 tenet
1102 495 1158 536 ibi
1179 506 1258 547 ge-

236 577 378 618 nerale
398 576 684 627 significatum
698 605 708 622 ,
728 575 768 612 et
788 570 980 624 speciale.

292 652 307 688 ,1
336 650 375 688 et
399 650 437 687 2.
471 646 518 686 Iit
546 645 602 684 sic
626 646 737 697 patet
763 641 981 695 responsio
1001 640 1052 680 ad
1074 638 1261 692 primum

238 719 562 770 argumentum,
590 717 629 754 et
655 713 905 754 secundum.
935 710 1120 759 Tamen,
1150 705 1264 760 quod

238 787 392 829 dicitur
413 785 525 839 quod
544 783 862 838 praepositiones
885 784 985 822 sunt
1004 778 1236 821 transitivae
1252 807 1263 826 ,

239 870 325 899 non
346 857 596 908 intelligitur
618 854 730 908 quod
759 856 906 894 notent
930 865 983 893 ex
1011 851 1091 891 hoe
1122 849 1267 890 diver—

241 930 404 970 sitatem
433 927 666 969 necessario
689 941 698 967 :
721 926 819 976 sed,
850 925 958 966 sicut
980 922 1132 964 dicitur
1152 918 1267 973 quod

242 1000 401 1053 obliqui
421 1002 520 1040 sunt
538 998 744 1039 transilivi
763 999 971 1051 quantum
992 994 1043 1035 ad
1065 992 1241 1034 modum
1256 1022 1266 1041 ,

242 1074 342 1127 quia
359 1072 579 1114 transitive
597 1072 904 1112 construuntur
919 1080 1017 1109 cum
1031 1065 1186 1114 verbis,
1204 1058 1267 1114 ut,

249 1160 268 1183 α
286 1143 415 1185 Video
435 1157 523 1194 me3
554 1160 572 1181 »
600 1143 791 1183 similiter
818 1142 897 1181 hoc
927 1140 978 1181 de
1004 1135 1269 1191 prcepositio-

243 1215 369 1256 nibus
391 1215 562 1265 dicitur,
581 1226 676 1267 quae
699 1213 823 1254 etiam
847 1223 946 1252 cum
964 1208 1146 1262 obliquis
1165 1219 1270 1248 con-

244 1289 479 1327 struuntur.

298 1361 336 1398 3.
359 1357 475 1398 Patet
493 1357 620 1398 etiam
639 1355 837 1405 tertium,
860 1352 974 1406 quod
1001 1351 1051 1394 (16
1072 1363 1159 1391 non
1178 1353 1271 1391 tan-

245 1433 338 1471 tum
359 1429 459 1470 dicit
484 1428 778 1469 habitudinem
807 1424 1001 1479 principii
1026 1422 1175 1474 activi,
1196 1434 1274 1462 nec.

245 1504 412 1543 tantum
439 1499 733 1541 habitudinem
764 1496 962 1551 principii
989 1494 1171 1549 passivi,
1203 1493 1275 1535 sed

245 1570 540 1613 habitudinem
566 1568 966 1612 consubstantialem
986 1580 1084 1608 cum
1104 1565 1276 1607 habitu-

247 1643 345 1685 dine
371 1642 550 1696 originis
572 1655 582 1683 :
613 1641 727 1695 quod
760 1652 848 1681 non
874 1639 970 1680 facit
994 1640 1087 1679 brec
1115 1648 1277 1691 praepo-

249 1714 343 1756 sitio
358 1747 369 1767 ,
392 1725 419 1756 (1
437 1728 450 1753 .·
467 1717 508 1755 et
526 1713 619 1755 ideo
638 1725 726 1753 non
746 1714 807 1753 est
827 1710 980 1751 simile.

304 1788 344 1826 4.
376 1785 440 1827 Ad
471 1785 576 1826 illud
605 1785 718 1838 quod
747 1783 897 1824 ultimo
923 1781 1136 1834 obiicitur,
1165 1781 1279 1833 patet

250 1857 489 1911 responsio,
512 1857 625 1910 quod
645 1868 731 1897 non
755 1855 854 1896 dicit
882 1854 941 1894 ibi
963 1853 1135 1907 penitus
1159 1851 1280 1892 iden-

250 1931 435 1981 titatem,
466 1941 543 1970 nec
568 1928 877 1978 diversitatem,
900 1926 970 1966 sed
998 1924 1279 1966 consubstan-

250 2003 470 2045 tialitatem
489 2015 588 2043 cum
603 2000 852 2043 habitudine
870 1998 1064 2051 originis.

538 2156 905 2203 ARTICULUS
937 2155 999 2199 ΙΙ.

309 2292 620 2345 Consequenter
645 2290 756 2331 cirea
791 2287 1026 2330 seeundum
1056 2285 1285 2326 articulum

255 2365 387 2419 hujus
415 2363 685 2418 quaestionis,
713 2362 787 2416 qui
815 2364 877 2403 est
901 2372 976 2414 per
1001 2357 1286 2412 comparatio-

256 2449 357 2479 nem
389 2435 677 2490 generationis
706 2435 759 2476 ad
793 2433 1018 2476 essentiam
1048 2432 1094 2472 in
1122 2431 1286 2472 ratione

257 2508 456 2560 termini,
490 2507 574 2549 duo
604 2508 891 2560 quaeruntur:
912 2504 1051 2559 primo
1080 2503 1288 2557 quaeritur

258 2583 408 2622 utrum
437 2579 670 2621 substantia
701 2578 789 2620 sive
822 2576 1000 2618 essentia
1025 2578 1281 2629 generetur3

260 2651 461 2704 secundo,
482 2653 631 2692 utrum
654 2663 728 2704 per
745 2649 1065 2703 generationem
1092 2660 1289 2689 commu—

260 2725 440 2766 nicetur.

628 2808 864 2859 QUAESTIO
896 2808 928 2850 Ι.

365 2913 425 2949 An
446 2913 681 2955 Substantia,
705 2912 761 2947 rel
780 2912 946 2948 Essentz‘a
966 2911 1148 2956 qenerctztr
1162 2907 1186 2942 ¹.

323 3010 441 3061 Quod
468 3011 701 3053 substantia
725 3011 969 3063 generetur,
992 3008 1051 3048 sic
1077 3006 1292 3060 objicitur.

271 3083 492 3124 Generatio
517 3083 562 3123 in
581 3082 852 3123 inferioribus
878 3083 940 3121 est
959 3082 1101 3120 motus
1119 3079 1171 3119 ab
1194 3079 1296 3119 sub-

272 3154 470 3195 stantiam
486 3156 500 3176 2
518 3167 528 3194 :
554 3154 667 3207 quod
688 3157 830 3194 motus
852 3154 936 3201 est,
956 3152 1037 3192 hoc
1057 3152 1119 3191 est
1136 3150 1298 3202 imper-

272 3225 485 3276 fectionis3
513 3226 626 3278 quod
650 3225 702 3266 ad
728 3223 1010 3265 substantiam
1030 3223 1116 3272 est,
1138 3220 1218 3261 hoc
1237 3222 1300 3261 est

272 3295 541 3349 perfectionis
570 3308 579 3336 :
605 3296 638 3336 si
667 3308 771 3348 ergo
799 3294 911 3348 quod
941 3295 1002 3335 est
1033 3291 1299 3346 perfectionis

315 3406 327 3427 ¹
345 3405 399 3445 Cf.
415 3403 577 3436 Alexand.
594 3403 735 3443 Mensis,
753 3412 787 3443 p.
805 3404 829 3442 I,
842 3412 876 3443 q.
895 3401 1165 3442 XL11,memb.3,
1181 3401 1244 3431 art.
1258 3402 1296 3439 13

275 3454 409 3493 Scottis,
424 3452 435 3482 l
451 3452 556 3490 Sent.‚
573 3451 650 3482 dist.
669 3459 701 3490 v,
718 3460 751 3491 q.
766 3459 794 3489 13
813 3450 1009 3489 ltin-hardus,
1026 3450 1034 3480 I
1050 3449 1154 3486 Scnt„
1171 3448 1248 3478 dist.
1265 3453 1298 3486 v,

275 3507 374 3539 q.11;
406 3499 607 3531 Francis—cus
637 3498 676 3528 de
698 3499 819 3537 Maxi-7
852 3497 860 3526 l
885 3498 988 3534 sumt„
1010 3495 1089 3526 ‹lis-t.
1118 3503 1155 3535 v,
1186 3504 1220 3535 q.
1252 3501 1297 3533 115

274 3547 396 3579 Themi.
416 3549 569 3587 Argent„
586 3547 593 3576 I
613 3546 719 3584 Sena,
734 3545 811 3575 dist.
829 3552 864 3584 Υ,
882 3554 915 3584 q.
934 3552 958 3584 1,
973 3546 1035 3574 art.
1051 3546 1089 3581 23
1105 3544 1205 3583 Greg.
1223 3542 1301 3573 Ari-

276 3595 374 3635 min„
405 3595 415 3626 I
439 3596 544 3634 Seni„
563 3594 640 3624 «list.
657 3601 688 3633 V,
705 3603 737 3633 (Ι.
755 3601 781 3627 1;
805 3592 888 3623 Gali.
916 3591 997 3631 niel,
1018 3591 1026 3621 I
1046 3593 1149 3630 NUNC„
1166 3591 1243 3621 dist.
1268 3597 1300 3630 V,

1001 261 1411 306 SENTENTIARUM
1442 263 1540 304 LIB.
1573 262 1605 303 1.

1331 355 1393 393 est
1412 351 1750 393 transferendum
1769 349 1821 391 ad
1840 349 1998 399 divina,
2016 361 2119 402 ergo
2136 350 2354 402 generati0

1333 423 1588 464 terminatur
1608 423 1657 463 ad
1681 421 1920 463 essentiam.

1387 498 1426 535 2.
1451 495 1576 545 Item,
1599 492 1815 547 generati0
1833 492 1876 531 111
1897 490 2054 532 divinis
2072 491 2324 533 terminatur
2344 503 2355 533 :

1335 569 1408 606 aut
1431 579 1534 619 ergo
1557 566 1607 607 ad
1633 563 1933 612 substantiam,
1963 565 2037 603 aut
2066 562 2117 603 ad
2146 563 2359 614 accidens,

1336 637 1436 690 quia
1455 649 1580 678 omne
1598 649 1672 677 ens
1694 638 1755 676 est
1774 633 2024 685 substantia,
2049 633 2116 675 vel
2133 634 2325 675 accidens
2350 648 2360 675 ε

1337 709 1408 749 sed
1426 708 1471 748 in
1500 708 1653 749 divinis
1681 720 1769 748 non
1797 706 2051 757 terminatur
2076 705 2129 747 ad
2149 705 2362 756 accidens,

1339 791 1437 820 cum
1455 791 1541 819 non
1557 779 1610 819 sit
1629 778 1687 819 ibi
1709 793 1718 819 :
1741 790 1844 831 ergo
1864 778 1916 819 ad
1938 775 2232 818 substantiam.
2255 775 2299 816 Si
2318 778 2366 816 tu

1340 850 1465 901 dicas,
1485 850 1595 903 quod
1617 849 1660 889 in
1681 849 1851 900 divinis,
1875 847 2073 902 quamvis
2092 858 2178 887 non
2195 846 2249 887 sit
2265 846 2369 887 acci-

1341 921 1465 972 dens,
1488 923 1550 962 est
1575 923 1719 961 tamen
1739 921 1908 972 relatio,
1930 932 2026 973 qua}
2047 917 2326 970 distinguitur
2345 929 2371 958 a

1341 992 1593 1044 substantia3
1615 995 1718 1033 tunc
1735 991 1933 1044 arguitur
1952 991 2009 1031 sic
2029 1002 2039 1030 :
2061 991 2135 1030 aut
2151 987 2371 1041 generatio

1341 1063 1641 1105 terminabitur
1667 1062 1719 1103 ad
1745 1062 2025 1103 substantiam
2043 1093 2054 1113 ,
2084 1063 2159 1102 aut
2183 1059 2235 1101 ad
2263 1059 2371 1100 rela-

1342 1136 1502 1177 tionem
1525 1148 1534 1175 :
1557 1135 1627 1176 sed
1656 1147 1743 1175 non
1769 1134 1821 1175 ad
1841 1134 2088 1175 relationem
2105 1165 2115 1183 ,
2139 1132 2240 1186 quia
2258 1131 2302 1172 in
2322 1131 2374 1172 ad

1345 1207 1504 1259 aliquid
1523 1218 1597 1259 per
1614 1218 1656 1247 se
1675 1218 1763 1247 non
1783 1208 1844 1246 est
1863 1206 2000 1258 origo,
2021 1217 2100 1246 nec
2118 1204 2372 1246 terminatur

1345 1277 1567 1331 productio
1604 1292 1613 1318 ε
1647 1289 1752 1329 ergo
1793 1277 2046 1318 terminatur
2079 1276 2132 1317 ad
2175 1277 2376 1318 substan-

1346 1350 1449 1390 tiam
1471 1362 1481 1390 :
1503 1361 1607 1402 ergo
1629 1348 1861 1389 substantia
1881 1342 2125 1400 generatur.

1402 1425 1440 1462 3.
1471 1421 1600 1472 Item,
1628 1420 1736 1461 sicut
1763 1419 1864 1461 dicit
1889 1419 2172 1473 Philosophus
2197 1422 2226 1471 ³,
2255 1418 2380 1460 motis

1348 1493 1492 1544 nobis,
1522 1494 1749 1534 moventur
1771 1503 1819 1532 ea
1847 1503 1944 1544 quae
1964 1491 2008 1531 in
2037 1491 2157 1532 nobis
2189 1493 2316 1542 sunt,
2339 1492 2380 1532 et

1349 1565 1558 1618 corruptis
1589 1565 1734 1616 nobis,
1761 1566 2096 1617 corrumpuntur
2125 1576 2175 1604 ea
2202 1575 2300 1617 quae
2329 1563 2374 1604 in

1350 1637 1472 1679 nobis
1491 1640 1612 1689 sunt3
1631 1640 1672 1678 et
1686 1637 1767 1678 hoe
1781 1638 1855 1688 est,
1874 1635 1975 1689 quia
1990 1634 2230 1677 universale
2248 1635 2376 1676 habet

1351 1709 1463 1750 idem
1482 1721 1570 1750 esse
1593 1721 1693 1749 cum
1712 1707 1920 1760 singulari
1943 1721 1952 1748 :
1975 1719 2103 1759 ergo,
2126 1718 2225 1748 oum
2246 1705 2379 1747 multo

1352 1781 1489 1833 magis
1506 1781 1558 1821 sit
1576 1780 1722 1821 eadem
1743 1779 1978 1820 substantia
1997 1791 2096 1819 cum
2114 1790 2316 1832 persona,
2340 1780 2381 1818 et

1353 1852 1589 1893 substantia
1607 1851 1659 1891 sit
1682 1851 1727 1891 in
1750 1862 1948 1904 persona3
1974 1849 2008 1891 si
2034 1862 2214 1903 persona
2244 1861 2384 1902 gene-

1354 1925 1487 1973 ratur,
1515 1925 1555 1964 et
1582 1921 1831 1964 substantia.

1409 1998 1448 2035 4,
1472 1994 1590 2046 Item,
1620 2006 1826 2046 generare
1842 2026 1853 2045 ,
1879 1997 1967 2034 tam
1986 1993 2032 2033 in
2054 1991 2231 2041 divinis,
2251 2003 2383 2045 quam

1357 2067 1402 2106 in
1423 2065 1645 2117 creaturis,
1668 2067 1730 2106 est
1754 2064 1890 2106 simile
1913 2064 1991 2105 sibi
2017 2062 2252 2117 producere
2276 2076 2285 2103 :
2308 2061 2381 2103 sed

1357 2150 1443 2179 non
1467 2140 1528 2179 est
1553 2137 1783 2177 similitudo
1803 2136 1850 2177 in
1874 2148 2054 2190 persona
2071 2167 2080 2184 ,
2103 2134 2175 2175 sed
2202 2134 2247 2174 in
2278 2133 2385 2174 sub-

1357 2210 1513 2251 stantia
1532 2212 1572 2250 et
1591 2211 1745 2250 natura
1766 2223 1774 2248 :
1796 2219 1920 2261 ergo,
1945 2219 2044 2248 cum
2059 2206 2312 2248 terminetur
2332 2204 2386 2246 ad

1359 2282 1497 2323 simile
1510 2314 1520 2332 ,
1537 2282 1583 2322 in
1607 2284 1818 2335 quantum
1838 2283 1899 2321 est
1917 2279 2074 2329 simile,
2093 2290 2197 2331 ergo
2217 2277 2270 2318 ad
2289 2276 2387 2318 sub-

1359 2354 1556 2395 stantiam
1569 2386 1580 2405 ,
1606 2352 1843 2394 seeundum
1863 2364 1993 2405 quam
2016 2349 2248 2392 attenditur
2265 2347 2388 2389 simi-

1360 2426 1507 2467 litudo.

1416 2498 1568 2539 Contra
1595 2509 1606 2538 :
1641 2496 1774 2538 Omne
1806 2494 1920 2549 quod
1952 2495 2196 2547 generatur,
2225 2492 2278 2534 ab
2304 2491 2389 2533 alio

1363 2572 1608 2624 generatur,
1643 2568 1743 2621 quia
1771 2567 1880 2607 nihil
1906 2566 2092 2619 seipsum
2118 2563 2261 2618 gignit
2287 2574 2298 2604 z
2319 2562 2391 2604 sed

1364 2640 1598 2684 substantia
1611 2639 1758 2682 divina
1770 2651 1856 2679 non
1874 2638 2002 2678 babet
2017 2637 2164 2687 alium,
2182 2648 2260 2676 nec
2275 2634 2390 2676 aliud

1365 2716 1427 2755 est
1444 2713 1490 2754 in
1511 2711 1670 2754 divinis
1693 2725 1703 2752 t
1725 2722 1829 2763 ergo
1855 2721 1944 2750 non
1965 2709 2212 2762 generatur.

1419 2785 1546 2834 Item,
1570 2795 1697 2825 omne
1721 2781 1834 2836 quod
1853 2783 2098 2835 generatur,
2119 2778 2248 2819 habet
2272 2777 2393 2832 prin—

1368 2857 1528 2911 cipium
1544 2869 1570 2897 a
1588 2867 1674 2908 quo
1694 2854 1707 2876 ”
1728 2866 1739 2895 :
1761 2853 1833 2895 sed
1852 2864 1978 2895 omne
2000 2851 2113 2905 quod
2130 2850 2258 2892 habet
2275 2849 2394 2904 prin-

1369 2929 1550 2982 cipium,
1581 2929 1642 2968 est
1667 2925 1966 2979 principiatum
1988 2936 1998 2965 :
2020 2923 2091 2964 sed
2111 2921 2396 2975 principium,

1370 3003 1411 3041 et
1446 2998 1746 3053 principiatum
1762 3030 1772 3049 ,
1809 2997 2135 3048 distinguuntur
2172 3009 2181 3034 :
2222 2993 2257 3034 si
2293 3005 2397 3046 ergo

1371 3070 1607 3112 substantia
1620 3071 1863 3123 generatur,
1881 3066 2159 3119 distinguitur
2176 3077 2186 3105 :
2203 3066 2278 3105 aut
2293 3075 2397 3116 ergo

1372 3156 1396 3184 a
1415 3142 1650 3184 substantia
1664 3174 1673 3192 ,
1698 3142 1772 3181 aut
1791 3153 1816 3181 a
1834 3150 2013 3193 persona
2034 3152 2042 3178 :
2066 3136 2138 3177 sed
2162 3137 2398 3188 utrumque

1373 3217 1434 3255 est
1453 3212 1711 3266 impossibile
1734 3226 1742 3253 :
1765 3223 1891 3263 ergo,
1914 3212 1992 3250 etc.

1428 3285 1555 3336 Item,
1578 3296 1706 3325 omne
1730 3282 1843 3336 quod
1868 3281 2112 3333 generatur,
2140 3280 2201 3320 est
2223 3278 2273 3319 de
2296 3277 2399 3318 sub-

1374 3356 1526 3397 stantia
1563 3353 1809 3408 generantis
1841 3367 1850 3394 z
1881 3352 1914 3392 si
1944 3363 2048 3403 ergo
2072 3348 2306 3391 substantia
2330 3347 2400 3389 vel

1375 3456 1409 3487 q.
1425 3454 1499 3477 1.-
1512 3446 1525 3467 2
1538 3445 1652 3486 Arist„
1675 3444 1806 3485 Plzgsslc.
1827 3442 1885 3474 lib.
1905 3442 1946 3482 V,
1967 3443 2117 3473 context.
2133 3441 2150 3471 7
2164 3463 2174 3480 ,
2190 3440 2223 3470 et
2241 3437 2280 3469 cle
2295 3437 2398 3469 Gene-

1375 3495 1456 3532 rat„
1477 3492 1536 3523 lib.r
1558 3493 1590 3533 1,
1613 3493 1762 3523 context.
1781 3491 1830 3522 18.
1850 3506 1891 3512 —
1908 3488 1921 3510 ³
1939 3488 2054 3529 Arist„
2073 3488 2108 3519 in
2133 3484 2339 3523 Proedicam.,
2366 3492 2396 3515 c.

1375 3541 1414 3572 cle
1437 3540 1652 3578 Substantia,
1674 3542 1706 3570 et
1728 3538 1834 3578 Topic.
1854 3537 1913 3568 lib.
1934 3537 1984 3577 11,
2006 3546 2035 3567 c.
2054 3543 2126 3568 XLI.
2139 3552 2179 3558 —
2197 3534 2211 3556 ¹*
2224 3532 2340 3572 Arist„
2359 3530 2399 3562 de

1378 3590 1545 3626 Generai„
1564 3587 1620 3619 lib.
1644 3588 1673 3628 1,
1694 3598 1724 3617 (τ.
1745 3594 1767 3617 1.

2439 2499 2550 2527 Funda-

2410 2545 2514 2569 menta.
