2613 3990
105 792 148 818 Ad
164 799 231 826 opp.

91 3090 229 3120 Fundam.

751 196 876 238 DIST.
910 195 1066 237 XXVII.
1099 195 1249 237 PART.
1280 195 1331 236 II.
1363 195 1482 236 ART.
1515 195 1545 237 Ι.
1573 195 1770 245 QUAEST.
1802 196 1868 238 IV.

251 286 403 338 pienti,
440 286 571 327 immo
603 287 739 338 magis
774 286 934 339 accipit.
965 285 1081 334 Quod
1120 285 1271 326 ultimo

251 357 472 410 quaeritur,
490 360 580 410 Jam
600 357 929 398 determinatum
949 359 1024 396 est.

599 508 832 559 QUAESTIO
860 508 925 549 IV.

357 620 418 652 Αη
437 628 561 653 nomen
581 617 687 652 Verbi
706 619 797 652 recte
815 618 863 651 sit
884 617 1100 652 translatum
1119 617 1166 652 ad

674 675 800 710 divina
823 677 848 710 ¹.

304 781 360 822 De
390 782 658 822 translatione
678 781 808 833 hujus
836 781 1043 830 nominis,
1077 781 1270 832 Verbum,

251 852 302 892 ad
322 852 485 903 divina;
509 855 549 892 et
568 852 680 904 quod
693 852 810 892 nullo
825 852 950 893 modo
970 853 1115 893 debeat
1135 855 1271 893 trans-

249 923 363 972 ferri,
382 923 563 964 videtur.
578 923 722 964 Omnis
736 924 952 964 translatio
966 927 1026 964 est
1039 925 1271 965 secundum

250 994 568 1035 similitudinem
593 1009 600 1035 :
624 995 694 1035 sed
714 995 821 1034 nihil
849 995 892 1034 in
912 998 1102 1035 creatura
1120 996 1273 1036 vanius

250 1068 311 1106 est
334 1066 487 1116 verbo,
517 1066 622 1118 quia
650 1067 789 1106 statim
815 1067 918 1107 dum
951 1068 1017 1117 fit,
1038 1067 1206 1118 transit,
1233 1070 1274 1108 et

250 1149 334 1178 non
364 1139 426 1177 est
457 1151 466 1177 :
500 1137 672 1179 Verbum
697 1143 839 1179 autem
868 1139 1041 1181 Domini
1065 1143 1206 1181 manet
1225 1141 1273 1181 in

250 1213 454 1251 [eternum
471 1212 484 1233 2
503 1223 511 1249 :
536 1221 655 1261 ergo,
677 1212 756 1251 etc.

302 1283 340 1320 Ξ.
371 1279 495 1328 Item,
519 1293 617 1321 cum
643 1282 693 1320 sit
723 1282 902 1322 verbum
934 1282 1210 1334 intelligibile,
1234 1284 1274 1323 et

248 1351 457 1403 sensibile,
477 1353 712 1393 secundum
726 1354 882 1406 duplex
895 1354 1047 1404 dicere,
1066 1354 1274 1407 quaeritur

248 1423 362 1475 quod
381 1423 559 1464 istorum
578 1425 877 1475 transferatur3
899 1429 939 1466 et
958 1426 1071 1478 quod
1090 1438 1177 1466 non
1195 1438 1273 1466 ex-

247 1494 393 1545 terius,
414 1495 506 1536 vult
525 1496 796 1548 Augustinus
815 1497 842 1545 ²³,
864 1496 933 1536 XV
951 1497 1001 1538 de
1029 1497 1239 1539 Trz'm‘tate
1257 1511 1271 1536 :

254 1580 273 1604 ε(
293 1565 480 1607 Verbum
506 1567 690 1607 exterius
721 1579 806 1608 non
826 1572 886 1608 est
904 1569 1083 1609 verbum
1098 1601 1107 1619 ,
1127 1569 1198 1609 sed
1217 1568 1274 1608 si-

247 1648 386 1689 gnum
418 1637 537 1678 verbi
569 1652 619 1678 2»
645 1650 774 1690 ergo,
805 1639 838 1678 si
858 1638 1045 1680 Verbum
1078 1639 1272 1680 divinum

247 1712 309 1749 est
325 1721 476 1750 verum
492 1710 690 1759 verbum,
708 1722 826 1762 ergo,
847 1713 925 1759 etc,

301 1784 339 1822 3.
362 1781 465 1822 Item
483 1813 493 1831 ,
515 1782 700 1822 exterius
722 1782 904 1823 verbum
930 1783 1017 1823 exit
1038 1795 1064 1823 a
1079 1783 1240 1824 dicente
1262 1794 1272 1823 ε

247 1853 433 1895 Verbum
465 1857 608 1894 autem
635 1853 829 1895 divinum
862 1866 1026 1907 semper
1057 1857 1118 1895 est
1140 1855 1185 1895 in
1212 1855 1276 1895 di-

247 1927 390 1976 cente,
420 1925 521 1978 quia
552 1926 639 1978 qu
662 1926 711 1966 in
736 1926 861 1968 Patre
876 1958 888 1977 ,
913 1926 1011 1967 dicit
1031 1930 1045 1951 ⁴
1072 1925 1236 1968 Veritas
1261 1940 1271 1968 :

247 2008 365 2049 ergo,
387 1999 464 2037 010.

301 2067 407 2108 Item
439 2067 609 2109 videtur
645 2068 758 2121 quod
785 2080 862 2109 1100
882 2069 933 2109 ad
954 2069 1271 2111 similitudinem

246 2139 457 2181 interioris
491 2139 756 2191 cogitationis
772 2171 782 2191 ,
812 2139 912 2192 quia
939 2140 1037 2180 dicit
1065 2140 1276 2193 Augusti-

246 2223 329 2252 nus
350 2211 377 2262 5,
397 2209 466 2253 XV
487 2210 538 2253 de
561 2210 772 2254 Trinitate
800 2225 815 2252 .·
840 2210 1074 2264 «Cogitatio
1092 2214 1155 2253 est
1174 2212 1276 2265 quid

246 2284 433 2326 volubile
456 2298 464 2324 :
487 2298 506 2321 ›>
529 2284 574 2324 in
591 2283 673 2324 Deo
692 2286 836 2325 autem
853 2284 961 2324 nihil
981 2287 1042 2325 est
1063 2285 1272 2326 volubile:

248 2367 367 2408 ergo,
395 2358 474 2396 etc.

300 2429 340 2467 4.
373 2426 500 2475 Item,
530 2426 803 2479 cogitationes
830 2425 1075 2467 mortalium
1112 2426 1276 2469 timidoe

246 2503 349 2541 sunt
361 2503 399 2541 et
418 2499 591 2541 inoertoe
606 2497 891 2551 providentiae
908 2505 1064 2541 noscroe
1082 2504 1094 2525 ⁶
1114 2513 1127 2539 .·
1142 2500 1212 2541 sed
1229 2500 1275 2540 in

246 2569 383 2612 Verbo
406 2570 550 2612 divino
573 2569 690 2610 nulla
710 2572 771 2609 est
788 2568 945 2609 falsitas
960 2601 970 2620 ,
993 2570 1106 2612 nulla
1127 2570 1274 2612 dubie-

248 2645 310 2683 tas
332 2655 342 2682 2
364 2654 484 2694 ergo,
503 2644 582 2683 etc.

301 2717 341 2755 5.
364 2714 470 2755 Item
495 2713 631 2753 multa
662 2711 901 2763 cogitamus
926 2723 1023 2764 quae
1043 2712 1165 2752 nobis
1184 2713 1274 2753 dis-

248 2786 402 2839 plicent
423 2800 432 2826 :
455 2785 526 2825 sed
540 2783 725 2825 Verbum
745 2782 939 2824 divinum
960 2785 1021 2823 est
1039 2795 1113 2835 per
1132 2784 1274 2825 omnia

247 2857 414 2910 placens
436 2871 446 2897 z
467 2867 572 2908 ergo
588 2886 598 2904 ,
621 2857 701 2895 etc.
738 2853 842 2894 Item
871 2854 1005 2894 multa
1036 2855 1273 2906 cogitamus

248 2940 345 2981 quae
372 2940 460 2969 non
489 2938 714 2980 possumus
738 2940 746 2966 :
777 2925 847 2965 sed
874 2924 1061 2967 Verbum
1080 2926 1274 2968 divinum

249 3001 310 3040 est
328 2998 593 3051 omnipotens
616 3009 626 3038 ε
647 3008 767 3048 ergo,
788 2999 867 3036 etc.

303 3070 454 3111 Contra
479 3084 488 3110 :
507 3070 618 3110 inter
636 3068 780 3110 omnia
799 3070 938 3109 creata
954 3068 1098 3120 imago
1115 3072 1176 3110 est
1195 3082 1274 3111 ex-

250 3143 430 3197 pressior
450 3157 460 3183 :
480 3154 583 3195 ergo
608 3141 719 3182 inter
748 3153 896 3181 omnes
922 3141 1208 3182 emanationes
1226 3154 1275 3183 ea

249 3219 312 3256 est
328 3215 579 3268 expressior,
592 3226 690 3267 quae
707 3215 768 3253 est
784 3212 828 3252 in
841 3212 1028 3264 imagine
1045 3227 1054 3254 :
1072 3213 1142 3254 sed
1159 3226 1274 3255 ema-

249 3286 364 3327 natio
386 3284 533 3326 similis
557 3284 694 3326 Verbo
719 3283 903 3324 increato
921 3283 966 3324 in
984 3283 1192 3337 imagine,
1215 3288 1277 3326 est

294 3369 306 3390 ¹
322 3368 375 3408 Cf.
394 3369 490 3400 Alex.
511 3368 655 3408 Alensis,
676 3377 709 3408 p.
730 3368 765 3408 1,
785 3376 818 3407 q.
835 3374 927 3407 LXII,
947 3367 1074 3400 memb.
1095 3371 1132 3409 l,
1156 3371 1217 3401 art.
1236 3372 1272 3410 13

250 3415 424 3456 Richard.,
437 3417 449 3447 l
464 3415 570 3455 Sent„
583 3416 660 3447 (1131.
671 3422 779 3452 xxvu,
793 3416 856 3445 art.
868 3416 899 3455 2,
911 3423 945 3455 q.
959 3422 986 3455 13
1004 3416 1120 3456 Steph.
1134 3416 1273 3457 Brulef.,

251 3463 264 3494 I
284 3464 388 3504 Seni„
407 3463 485 3496 fflst.
498 3470 607 3504 xxvii,
628 3472 662 3504 q.
679 3470 725 3494 1v.
739 3480 780 3485 ——
794 3462 898 3502 ²lsa.,
918 3470 974 3502 XL,
993 3464 1022 3496 8.
1037 3481 1078 3486 ——
1091 3464 1272 3506 ³August.,

251 3510 290 3542 de
311 3511 414 3552 Trin„
433 3511 492 3544 lib.
511 3511 588 3552 XV,
609 3520 639 3543 0.
653 3518 710 3552 xi,
731 3519 766 3542 n.
783 3511 835 3542 20.
852 3527 887 3532 -
902 3510 1037 3551 Mean„
1060 3519 1136 3553 xiv,
1166 3515 1215 3546 10.
1232 3530 1272 3535 —

491 3582 592 3612 TOM.
620 3582 649 3611 1.

2291 201 2369 241 449

1346 285 1555 327 emanatio
1586 285 1705 328 verbi
1735 297 1759 325 a
1778 287 1918 325 mente
1940 298 2071 339 :ergo
2097 289 2367 342 expressiva:

1347 369 1450 408 ergo
1473 357 1768 398 convenienter
1785 356 2050 397 transfertur.

1402 427 1533 477 Item,
1567 428 1679 480 quod
1714 428 1879 468 dicatur
1907 439 1982 480 per
2014 430 2370 481 comparationem

1346 499 1464 539 verbi
1492 498 1726 539 intellectus
1740 530 1750 548 ,
1771 499 1852 539 hoc
1871 498 2038 539 videtur
2058 511 2131 551 per
2150 513 2372 554 compara—

1346 570 1505 610 tionem
1517 569 1566 609 ad
1578 582 1644 610 res
1654 572 1787 621 extra,
1799 570 1999 623 quoniam
2013 570 2371 625 Ecclesiasticusss

1348 640 1581 680 secundum
1592 640 1719 680 aliam
1733 641 2051 681 translationem
2066 641 2343 694 Septuaginta
2363 658 2371 684 :

1347 711 1622 763 Principium
1659 713 1796 754 omnis
1819 713 1957 764 operis
1976 712 2144 754 verbum
2172 726 2187 753 .·
2206 712 2276 753 sed
2301 725 2376 766 per

1348 781 1419 822 Dei
1440 781 1597 822 Filium
1618 783 1762 823 omnia
1785 786 1883 823 sunt
1902 784 2009 824 sacta
2031 798 2039 824 :
2060 795 2179 836 ergo,
2199 786 2277 824 010.

1405 853 1523 904 Item,
1551 854 1664 906 quod
1680 854 1861 895 verbum
1881 854 1996 895 vocis
2013 854 2065 895 sit
2089 854 2241 906 simile,
2258 854 2374 895 vide-

1347 928 1430 976 tur,
1453 926 1553 978 quia
1570 926 1751 967 verbum
1767 926 1933 977 dicitur,
1950 927 2050 979 quia
2064 927 2373 980 expressivum,

1348 999 1389 1036 et
1414 996 1796 1047 manifestativum,
1829 997 1943 1038 unde
1975 997 1988 1017 ⁸
2014 1012 2023 1038 ε
2063 1013 2082 1037 (1
2096 998 2180 1040 Neo
2210 998 2378 1040 Patrem

1348 1067 1446 1118 quis
1465 1068 1586 1110 novit
1605 1069 1696 1110 πίει·
1710 1068 1864 1119 Filius,
1884 1071 1922 1111 et
1944 1071 2016 1111 cuz·
2035 1069 2215 1112 voluerit
2234 1071 2376 1112 Filius

1348 1137 1546 1180 revelare.
1578 1138 1658 1179 Sed
1683 1139 1764 1180 1100
1793 1139 1980 1180 maxime
2006 1143 2068 1180 est
2086 1140 2131 1180 in
2149 1141 2280 1181 verbo
2298 1153 2375 1182 vo-

1349 1209 1432 1259 cis,
1465 1222 1565 1249 nam
1597 1210 1777 1251 verbum
1802 1210 1980 1251 interius
2017 1223 2104 1251 non
2135 1214 2271 1264 patet,
2294 1212 2375 1252 nisi

1348 1292 1422 1332 per
1441 1281 1623 1322 verbum
1639 1282 1753 1322 vocis
1773 1297 1782 1322 :
1806 1294 1908 1334 ergo
1931 1281 2120 1323 Verbum
2138 1283 2374 1324 increatum

1348 1351 1501 1392 dicitur
1525 1353 1577 1393 ad
1602 1353 1920 1395 similitudinem
1939 1356 2159 1397 exterioris
2183 1357 2318 1398 verbi.

1403 1423 1507 1464 Item
1538 1424 1716 1466 Basilius
1741 1430 1755 1450 ⁹
1785 1442 1793 1467 ε
1830 1442 1849 1465 ((
1883 1426 1990 1468 Filio
2020 1427 2092 1469 Dei
2129 1429 2374 1471 attribuitur

1348 1507 1508 1547 sensus,
1525 1497 1744 1549 sapientia,
1762 1498 1913 1550 virtus,
1930 1500 2125 1553 verbum,
2142 1501 2345 1543 etlumen
2362 1518 2370 1544 :

1348 1578 1520 1617 sensus,
1547 1580 1632 1619 quo
1662 1568 1903 1620 cogitantur
1936 1570 2105 1622 omnia3
2140 1572 2372 1625 sapientia,

1348 1649 1432 1689 qua
1450 1638 1594 1678 omnia
1612 1639 1895 1692 disponuntur
1911 1654 1920 1692 ;
1939 1642 2077 1684 virtus
2092 1675 2102 1693 ,
2122 1656 2208 1696 qua
2225 1647 2376 1685 cuncta

1348 1708 1480 1760 fiunt3
1502 1710 1683 1751 verbum
1699 1742 1709 1760 ,
1744 1723 1830 1764 quo
1858 1714 2188 1766 annuntiantum
2211 1715 2373 1766 lumen,

1348 1792 1433 1832 quo
1460 1781 1708 1823 clarescunt.
1739 1797 1759 1821 ›>
1792 1782 1836 1824 Si
1867 1796 1970 1837 ergo
2003 1784 2192 1827 Verbum
2222 1786 2377 1829 dicitur

1348 1851 1510 1893 ratione
1540 1854 1899 1906 annuntiationis,
1931 1858 1972 1896 et
1995 1855 2076 1898 hoc
2106 1857 2288 1910 pertinet
2325 1859 2377 1900 ad

1348 1924 1528 1965 verbum
1546 1925 1661 1966 vocis
1673 1957 1684 1977 ,
1704 1928 1817 1979 patet
1841 1927 1954 1980 quod
1978 1928 2084 1970 illud
2102 1928 2290 1971 Verbum
2308 1931 2376 1972 di-

1349 1994 1458 2036 citur
1477 1995 1528 2036 ad
1548 1996 1870 2039 similitudinem
1888 1999 2007 2041 verbi
2026 2000 2193 2054 prolati.

1708 2159 2007 2204 CONCLUSIO.

1353 2258 1462 2294 Verbi
1497 2261 1610 2295 creati
1652 2261 1837 2297 interioris
1884 2272 2008 2298 nomen
2046 2264 2292 2301 convenienter
2328 2266 2377 2302 ad

1585 2317 1712 2355 divina
1741 2319 1875 2356 dicitur
1905 2321 2136 2359 translatum.

1403 2423 1524 2477 Resp.
1545 2424 1597 2465 ad
1619 2425 1725 2477 Arg.
1743 2425 1975 2468 Dicendum
1991 2429 2105 2481 quod
2116 2461 2127 2481 ,
2143 2430 2250 2472 sicut
2265 2431 2374 2474 ratio

1347 2496 1608 2548 paternitatis
1621 2509 1697 2549 per
1715 2497 1834 2550 prius
1852 2499 2062 2552 reperitur
2080 2501 2126 2542 in
2145 2501 2229 2543 Deo
2242 2515 2372 2556 quam

1348 2567 1550 2608 creaturis
1565 2600 1575 2619 ,
1594 2571 1737 2609 tamen
1762 2568 1904 2622 ipsum
1932 2583 2090 2613 nomen
2116 2576 2177 2614 est
2192 2575 2374 2618 transla-

1347 2641 1440 2679 tum
1462 2652 1486 2680 a
1503 2639 1625 2680 nobis
1641 2641 1694 2681 ad
1711 2640 1869 2693 Deum3
1889 2642 1948 2683 sic
1967 2643 2073 2685 ratio
2090 2644 2209 2697 lucis,
2231 2646 2293 2687 sic
2311 2659 2372 2688 sa-

1346 2710 1533 2764 pientiae,
1562 2713 1602 2751 et
1620 2711 1776 2753 horum
1801 2713 2019 2766 similium,
2043 2715 2101 2755 sic
2120 2716 2247 2757 etiam
2266 2719 2373 2759 ratio

1347 2781 1466 2823 verbi
1487 2796 1496 2822 ι
1520 2785 1560 2822 01
1587 2782 1877 2835 significatum
1895 2797 1971 2838 per
1989 2786 2107 2838 prius
2131 2790 2172 2828 et
2190 2788 2373 2830 nobilius

1347 2857 1408 2893 est
1426 2853 1471 2893 in
1485 2853 1583 2902 Deo,
1597 2866 1727 2906 quam
1746 2855 1790 2895 in
1809 2855 2067 2907 hominibus,
2083 2858 2151 2899 vel
2164 2859 2209 2899 in
2222 2860 2344 2900 nobis
2360 2875 2368 2902 :

1346 2927 1490 2965 tamen
1520 2937 1678 2966 nomen
1715 2927 1967 2968 translatum
2010 2932 2072 2970 est
2107 2942 2132 2970 a
2165 2931 2287 2972 nobis
2320 2932 2372 2973 ad

1346 2997 1495 3038 Deum.
1528 2997 1760 3039 Translatio
1791 3002 1936 3040 autem
1968 3001 2017 3041 fit
2048 3005 2219 3056 propter
2246 3003 2330 3045 duo
2358 3017 2368 3045 :

1347 3081 1433 3109 una
1448 3070 1555 3110 ratio
1576 3072 1651 3119 est,
1673 3073 1844 3123 propter
1861 3071 2182 3114 similitudinem
2199 3086 2372 3127 expres—

1347 3152 1459 3191 sam;
1490 3140 1571 3181 alia
1598 3141 1705 3181 ratio
1734 3144 1819 3191 est,
1844 3144 2016 3195 propter
2051 3143 2370 3185 instructionem

1347 3213 1536 3252 nostram
1558 3226 1567 3252 :
1589 3214 1630 3252 et
1645 3212 1736 3253 haec
1751 3212 1835 3253 duo
1854 3213 1923 3253 hic
1935 3217 2049 3255 sunt.
2066 3214 2260 3256 Primum
2278 3216 2372 3268 qui-

1347 3283 1444 3324 dem
1473 3285 1535 3324 est
1561 3295 1759 3336 expressa
1784 3284 2015 3327 similitudo
2036 3286 2156 3329 verbi
2174 3286 2302 3327 creati
2319 3287 2371 3328 ad

1345 3417 1359 3438 5
1371 3417 1472 3457 Aug„
1491 3415 1529 3447 de
1552 3416 1653 3455 Trz'n„
1673 3416 1732 3448 lib.
1749 3417 1829 3458 XV,
1849 3426 1879 3448 c.
1893 3425 1952 3448 xvi
1964 3441 1974 3458 ,
1993 3426 2028 3450 11.
2042 3420 2095 3450 25.
2110 3435 2151 3440 —
2169 3418 2182 3439 6
2196 3418 2289 3460 Sap„
2311 3426 2344 3451 1x
2358 3444 2369 3460 ‚

1347 3465 1445 3495 14.—
1454 3463 1468 3485 ⁷
1479 3462 1599 3505 Ecclz'.,
1612 3470 1745 3505 xxxvn,
1760 3466 1863 3497 20.—
1873 3464 1886 3486 ⁸
1899 3464 2035 3504 Matth„
2051 3473 2099 3507 xl,
2114 3466 2166 3498 27.
2178 3483 2218 3489 -
2230 3467 2243 3488 ⁹
2254 3467 2368 3509 Basil.,

1345 3511 1439 3544 Cont.
1460 3511 1615 3553 Eunom„
1634 3511 1694 3545 lib.
1712 3512 1755 3544 11.

2105 3572 2157 3613 29

2394 2454 2531 2483 Fundam.
