2613 3990
1066 310 1317 355 DISTINCT.
1351 311 1403 352 ΙΙ.
2246 317 2293 354 51

179 414 273 452 tum
293 409 345 450 ad
372 408 531 462 aliquid
545 440 555 459 ,
578 409 752 448 notatur
771 404 991 459 pluralitas
1011 413 1208 456 persona-

180 495 293 523 rum.
325 480 375 521 Et
403 480 497 520 ideo
535 478 654 519 aliter
685 476 859 530 exponit
886 474 1156 527 Augustinus
1177 473 1204 523 ¹,

180 553 299 594 aliter
333 551 505 605 exponit
535 548 734 590 Hilarius.
766 547 1036 600 Augustinus
1070 544 1208 586 consi-

180 624 299 665 derat
325 627 487 677 partem
515 619 735 672 significati
761 619 995 660 secundum
1017 617 1208 657 essentiae

179 695 412 744 unitatem3
445 691 515 733 sed
547 690 732 731 Hilarius
764 692 901 731 totum
929 703 940 727 t
969 688 1081 729 unde
1111 687 1209 728 dicit

180 767 293 820 quod
330 764 501 806 nomine
537 761 771 814 Imagiuis,
811 764 851 802 et
884 759 1204 809 Similitudinis,

182 837 312 878 simul
341 834 595 886 intelligitur
623 833 785 884 unitas,
812 835 852 873 et
878 831 1109 886 pluralitas.
1143 830 1205 871 Si-

182 909 338 949 militer
356 905 626 958 Augustinus
639 936 649 955 ,
670 904 715 944 in
735 905 815 945 hoc
840 903 954 956 quod
974 905 1035 944 est
1053 903 1208 944 Facia-

181 990 293 1030 mus,
318 980 358 1019 et
387 977 611 1026 Nostram,
641 975 876 1016 considerat
904 975 1045 1016 solum
1070 974 1207 1015 consi-

180 1050 435 1103 gnificatum
450 1081 460 1099 ,
481 1050 522 1089 et
540 1047 633 1088 ideo
657 1046 963 1100 pluralitatem3
986 1045 1176 1087 Hilarius
1194 1050 1208 1070 ‘2

180 1133 282 1162 vero
314 1119 568 1169 considerat,
597 1120 637 1159 et
659 1118 973 1170 significatum,
1004 1120 1045 1158 et
1070 1117 1207 1158 consi-

179 1191 431 1244 gnificatum
459 1203 469 1231 :
498 1190 592 1231 ideo
620 1189 665 1230 in
690 1192 874 1242 utroque
899 1188 998 1230 dicit
1026 1187 1207 1240 intelligi

178 1263 461 1316 pluralitatem
477 1293 487 1312 ,
510 1263 550 1303 et
573 1260 796 1302 unitatem.

603 1393 693 1421 DUB.
715 1392 775 1421 VI.

182 1481 299 1522 Neque
320 1480 552 1512 diversitatem
566 1478 698 1511 duobus
716 1478 895 1511 admisceri
914 1477 1050 1510 alterius
1066 1478 1109 1509 ad
1129 1477 1208 1510 alte-

456 1537 532 1559 rum
552 1527 738 1559 similitudo
755 1526 932 1568 permittit.

231 1619 384 1661 Contra
399 1620 480 1660 ista
499 1619 629 1660 verba
655 1618 801 1659 Hilarii
829 1618 1027 1671 objicitur
1050 1630 1059 1658 :
1083 1617 1207 1658 Simi-

179 1691 314 1732 litudo
341 1694 403 1732 est
422 1703 565 1732 reruni
593 1690 878 1731 differentium
906 1690 1053 1731 eadem
1076 1689 1208 1742 quali-

183 1766 246 1804 tas
268 1776 277 1803 :
300 1775 403 1815 ergo
425 1761 654 1803 similitudo
677 1761 932 1815 compatitur
955 1774 1098 1803 secum
1128 1761 1205 1801 dis-

180 1834 416 1875 ferentiam.

233 1905 354 1959 Resp.
386 1905 617 1946 Dicendum
647 1905 758 1957 quod
787 1906 848 1945 est
875 1904 1109 1946 similitudo
1139 1918 1206 1947 se-

182 1977 368 2018 cundum
402 1976 615 2027 accidens,
648 1980 688 2017 et
712 1976 941 2016 similitudo
971 1977 1206 2018 secundum

177 2047 467 2089 substantiam.
489 2047 539 2088 Et
564 2048 655 2088 haec
681 2050 742 2088 est
761 2048 919 2100 duplex
940 2060 948 2088 :
972 2049 1207 2090 secundum

175 2121 337 2170 totum;
376 2121 416 2160 et
456 2119 691 2160 secundum
736 2122 915 2172 partem.
966 2119 1207 2162 Similitudo

175 2190 408 2232 secundum
438 2190 630 2232 accidens
649 2223 660 2242 ,
687 2190 757 2232 vel
783 2190 1017 2232 secundum
1043 2194 1205 2244 partem

175 2262 443 2311 substantiae,
473 2261 657 2302 admittit
685 2262 970 2303 diversitatem
988 2295 998 2312 ,
1026 2264 1097 2304 sed
1119 2276 1205 2304 non

175 2333 403 2374 similitudo
439 2333 674 2374 secundum
713 2336 866 2375 totum.
909 2334 960 2375 Et
1002 2335 1205 2388 quoniam

175 2404 218 2445 in
250 2404 395 2446 divina
425 2404 603 2446 essentia
638 2408 700 2446 est
736 2417 905 2446 summa
933 2406 1202 2459 simplicitas,

174 2476 268 2517 ideo
299 2489 386 2518 non
418 2478 554 2530 potest
583 2488 672 2517 esse
701 2476 932 2518 similitudo
963 2478 1205 2519 secundum

173 2547 384 2600 accidens,
406 2560 544 2601 neque
568 2549 803 2590 secundum
829 2552 1019 2602 partem3
1046 2552 1085 2589 et
1112 2549 1205 2591 ideo

173 2619 406 2661 similitudo
426 2632 515 2661 non
535 2621 790 2675 compatitur
817 2620 1103 2662 diversitatem
1128 2633 1205 2662 na-

172 2693 295 2732 turae.

592 2766 683 2796 DUB.
705 2767 780 2797 v11.

174 2845 383 2889 Significavit
409 2846 548 2880 nomine
580 2848 759 2890 consortii,
792 2848 845 2880 vel
875 2848 1074 2889 pluralitatis
1087 2873 1097 2890 ,
1130 2857 1202 2881 non

398 2895 480 2936 poni
502 2894 647 2937 aliquid,
668 2896 730 2928 sed
748 2896 934 2928 removeri.

224 2977 403 3020 Contra:
422 2978 528 3029 Quia
548 2992 602 3020 ex
625 2979 692 3020 his
717 2980 859 3021 verbis
879 2979 1069 3032 Magistri
1087 2980 1203 3021 vide-

173 3049 244 3089 tur
259 3049 373 3102 quod
390 3050 530 3091 omnis
548 3050 781 3092 numeralis
799 3051 925 3092 dictio
937 3083 947 3103 ,
968 3051 1204 3093 secundum

176 3118 316 3172 ipsum
330 3153 342 3172 ‚
360 3121 470 3161 nihil
490 3124 642 3174 ponat,
663 3121 736 3163 sed
756 3124 922 3163 tantum
941 3122 1080 3176 privet
1101 3137 1110 3163 :
1132 3123 1205 3164 sed

174 3189 254 3231 hoc
280 3191 448 3233 videtur
475 3193 643 3245 falsum,
666 3206 763 3235 cum
785 3194 899 3234 enim
918 3194 964 3234 in
982 3194 1137 3236 divinis
1153 3194 1206 3235 sit

171 3272 271 3302 vera
291 3262 507 3315 pluralitas
523 3277 818 3318 personarum,
834 3277 920 3306 non
938 3267 1105 3306 tantum
1123 3265 1205 3319 pri-

171 3332 315 3375 vative
331 3365 341 3384 ‚
364 3335 435 3376 sed
454 3335 583 3377 etiam
601 3337 780 3390 positive
805 3336 1005 3379 videntur
1024 3337 1120 3379 dici.

215 3428 227 3450 ²
241 3428 288 3459 De
307 3428 388 3461 Gen.
407 3430 452 3462 ad
467 3430 550 3471 litt„
569 3431 627 3464 lib.
648 3433 714 3473 ΙΙΙ,
735 3442 765 3464 c.
782 3440 863 3473 Xlx,
883 3441 919 3464 n.
936 3434 995 3473 293
1018 3432 1129 3474 idem,
1149 3433 1204 3465 vel

169 3475 282 3516 potius
303 3477 338 3508 S.
359 3477 526 3520 Fulgent„
547 3479 585 3511 de
603 3479 686 3512 Fide
705 3480 750 3512 ad
766 3481 869 3519 Petr„
891 3490 920 3512 c.
937 3488 970 3520 1,
990 3481 1052 3512 sub
1067 3481 1147 3513 fine.
1163 3499 1204 3505 —

169 3523 184 3544 ²
194 3523 242 3554 De
254 3523 388 3564 Trinit„
401 3524 458 3556 lib.
470 3526 527 3567 ΙΙΙ,
543 3527 631 3560 circa
640 3528 700 3559 fin.
710 3528 770 3551 -3
783 3528 870 3561 Dist.
884 3535 980 3569 XXIV,
1000 3537 1033 3569 q.
1048 3537 1071 3568 1,
1086 3531 1150 3561 art.
1164 3537 1202 3560 11.

168 3569 234 3593 —'·
246 3570 356 3612 Rich„
373 3574 434 3604 art.
449 3579 488 3613 11,
508 3582 542 3615 q.
560 3582 585 3606 1.
597 3575 801 3616 —5Mattlz.,
820 3582 944 3616 xxvni,
965 3577 1068 3609 19.—
1080 3577 1092 3595 ⁶
1109 3576 1205 3617 Gen„

213 3630 259 3673 (a)
270 3631 335 3665 Ed.
351 3632 562 3676 Vatic.1589,
577 3637 609 3668 et
629 3636 707 3669 Ven.
725 3638 804 3670 1753
817 3637 860 3669 Ιια
868 3637 942 3669 beat
952 3636 1202 3679 disperatione3

1337 400 1458 453 Resp.
1499 398 1598 439 Haec
1634 398 1715 439 fuit
1763 396 1914 450 positio
1951 397 2166 451 Magistri3
2207 414 2304 456 quae

1283 470 1568 512 communiter
1596 481 1683 510 non
1713 470 1896 520 tenetur,
1932 469 2033 522 quia
2063 482 2151 511 non
2181 471 2307 514 hahet

1282 542 1525 592 veritatem,
1556 541 1664 581 sicut
1684 540 1795 580 infra
1813 543 1826 565 ³
1852 540 2003 581 melius
2027 542 2198 594 patebit.
2228 543 2307 584 Ta-

1283 627 1386 655 men
1420 613 1621 665 Magister
1653 614 1895 662 excusatur,
1929 612 2030 666 quia
2063 613 2172 654 dixit
2197 616 2308 668 quod

1282 698 1370 726 non
1383 687 1549 738 ponunt
1568 684 1726 737 aliquid
1745 684 1920 725 nomina
1939 685 2191 737 numeralia,
2211 687 2311 740 quia

1283 757 1515 810 important
1545 768 1800 807 numerum,
1833 756 1908 808 qui
1933 768 2021 797 non
2053 759 2115 797 est
2144 758 2312 811 proprie

1281 829 1327 868 in
1345 827 1513 869 divinis.
1545 826 1759 868 Numerus
1785 827 1900 868 enim
1923 831 2118 869 causatur
2138 841 2190 870 ex
2213 830 2312 870 uni—

1282 902 1417 941 tatum
1438 898 1770 952 aggregatione,
1792 901 1833 939 et
1854 899 2122 940 distinctione
2142 911 2151 940 ε
2174 902 2214 941 et
2233 901 2313 942 dis-

1282 971 1427 1012 tinctio
1446 970 1663 1012 unitatum
1681 970 1730 1010 fit
1744 969 1979 1023 tripliciter,
1999 971 2192 1013 continui
2211 972 2314 1015 divi-

1282 1042 1413 1092 sione,
1431 1042 1668 1083 formarum
1687 1040 1944 1094 dispersione
1963 1044 2033 1094 (a),
2051 1043 2203 1095 gradu,
2225 1044 2313 1086 sive

1282 1114 1444 1155 ordine.
1477 1112 1686 1163 Quoniam
1721 1112 1857 1165 igitur
1884 1113 1928 1154 in
1957 1113 2111 1156 divinis
2138 1128 2225 1156 non
2253 1119 2315 1157 est

1282 1184 1556 1238 aggregatio,
1580 1196 1659 1225 nec
1683 1183 1821 1226 taliter
1849 1184 2084 1238 distinctio,
2113 1187 2207 1228 ideo
2230 1199 2308 1228 nec

1281 1269 1489 1298 numerus
1506 1256 1690 1310 proprie.

1695 1382 1786 1411 DUB.
1810 1381 1901 1412 VIII.

1375 1461 1413 1492 In
1431 1459 1598 1502 principio
1618 1459 1747 1491 creavit
1765 1460 1857 1491 Deus
1877 1459 2001 1492 coelum
2021 1462 2054 1493 et
2073 1463 2211 1494 terram.

1336 1542 1551 1593 Quaeritur
1566 1555 1698 1596 quare
1716 1542 1856 1595 magis
1875 1543 1956 1584 hoc
1975 1556 2153 1597 nomen,
2176 1545 2308 1598 Deus,

1282 1616 1389 1666 stet,
1428 1615 1517 1655 sive
1561 1617 1771 1668 supponat
1806 1627 1884 1668 pro
1926 1628 2107 1668 persona
2149 1616 2282 1658 Patris
2297 1649 2310 1668 ,

1281 1698 1411 1739 quam
1430 1698 1506 1739 pro
1525 1697 1705 1739 persona
1729 1685 1824 1726 Filii
1841 1699 1850 1736 3
1879 1689 1920 1727 et
1939 1688 2152 1741 quomodo
2172 1688 2312 1730 Trini-

1281 1760 1344 1798 tas
1370 1758 1633 1809 intelligatur
1654 1770 1708 1798 ex
1730 1758 1828 1798 hoc.

1335 1828 1458 1882 Resp:
1478 1829 1541 1870 Ad
1561 1829 1641 1870 hoc
1660 1829 1887 1870 dicendum
1907 1830 1920 1851 '⁶
1943 1844 1951 1870 :
1975 1830 2074 1872 Octo
2090 1832 2227 1873 modis
2246 1832 2313 1873 in-

1281 1901 1428 1941 nuitur
1447 1901 1569 1941 nobis
1583 1913 1865 1954 personarum
1883 1901 2102 1954 pluralitas
2121 1903 2163 1943 in
2179 1904 2314 1958 Scrip-

1280 1976 1391 2013 tura.
1426 1972 1569 2014 Primo
1601 1973 1726 2014 modo
1763 1973 2074 2025 significatione
2107 1990 2116 2016 ε
2154 1976 2205 2017 In
2236 1987 2312 2019 ηο-

1281 2045 1393 2087 mine
1423 2046 1587 2096 Patria,
1620 2049 1658 2087 et
1684 2044 1816 2094 Filii,
1837 2047 1873 2087 et
1893 2045 2084 2097 Spiritus
2111 2049 2256 2091 sancti
2281 2052 2309 2089 ⁵.

1281 2117 1495 2168 Secundo,
1534 2115 1927 2169 consignificat-ione
1958 2128 1968 2157 :
1999 2118 2053 2159 [ἠ
2088 2120 2312 2174 principio

1280 2190 1438 2231 creavit
1461 2189 1489 2229 ὃ.
1518 2188 1597 2229 Ubi
1630 2188 1839 2229 habemus
1877 2200 1956 2228 nos
1985 2189 2109 2242 Deus,
2143 2191 2313 2233 Hebraei

1279 2261 1324 2302 H
1323 2261 1461 2312 eloim,
1477 2261 1591 2314 quod
1605 2263 1666 2301 est
1682 2259 1974 2301 nominativus
1988 2262 2166 2314 pluralis
2179 2264 2313 2318 hujus

1279 2333 1533 2375 nominativi
1563 2333 1819 2386 singularis,
1846 2331 1937 2375 Hel.
1972 2332 2111 2376 Tertio
2152 2336 2308 2387 modo,

1279 2404 1581 2458 suppositione,
1603 2408 1652 2446 ut
1671 2418 1769 2446 cum
1790 2405 1970 2449 dicitur:
1988 2423 2008 2447 α
2026 2407 2136 2449 Deus
2154 2408 2308 2460 genuit

1279 2475 1433 2527 Deum;
1472 2491 1490 2515 »
1537 2477 1646 2520 Ante
1685 2488 1827 2521 omnes
1880 2479 2004 2522 colles
2042 2490 2112 2533 eqo
2146 2484 2310 2533 partu-

1279 2548 1417 2590 riebar
1451 2549 1492 2600 ⁷,
1523 2548 1565 2590 id
1598 2551 1682 2600 est,
1723 2551 1946 2602 generavit
1986 2564 2055 2593 me
2090 2551 2308 2593 Dominus

1279 2619 1437 2669 Quarto
1453 2620 1600 2671 modo,
1621 2622 1984 2675 appropriatione3
2008 2623 2066 2663 ibi
2086 2636 2096 2664 ε
2116 2623 2168 2664 In
2182 2624 2307 2676 prin-

1278 2691 1391 2743 cipio
1404 2691 1564 2734 creavit
1577 2691 1689 2734 Deus
1707 2696 1736 2742 ⁸,
1756 2695 1835 2734 etc.
1854 2694 1966 2736 Deus
1987 2693 2102 2735 enim
2119 2692 2178 2733 ibi
2198 2692 2309 2734 Patri

1278 2763 1590 2816 appropriatur,
1621 2766 1662 2804 et
1691 2763 1964 2818 Principium
1999 2765 2120 2806 Filio.
2153 2764 2308 2814 Quinto

1278 2834 1424 2884 modo,
1448 2834 1668 2876 iteratione
1690 2848 1700 2876 :
1724 2836 1922 2888 Sanctus,
1944 2838 2148 2888 Sanctus,
2172 2836 2308 2879 Sanc-

1278 2910 1348 2949 tus
1370 2907 1575 2949 Dominus
1598 2908 1709 2950 Deus
1736 2908 1919 2951 Sabaoth
1945 2912 1974 2950 ⁹.
2001 2908 2128 2950 Sexto
2157 2909 2307 2961 modo,

1277 2978 1423 3019 ordine
1439 2979 1691 3030 verborum3
1707 2979 1899 3020 Psalmus
1914 2980 1944 3002 ¹⁰
1958 2991 1968 3021 :
1983 2979 2217 3023 Benedicat
2232 2991 2309 3023 nos

1277 3050 1403 3101 Deus,
1430 3051 1538 3092 Deus
1557 3055 1710 3102 noster,
1734 3051 1957 3094 benedicat
1974 3062 2075 3104 nos,
2105 3055 2182 3094 etc.
2206 3052 2310 3107 Sep-

1276 3121 1380 3162 timo
1400 3122 1526 3163 modo
1539 3154 1550 3174 ‚
1572 3123 1872 3164 connotatione
1893 3123 1939 3164 in
1961 3126 2058 3165 actu
2079 3124 2306 3176 missionis,

1276 3196 1325 3233 ut
1352 3206 1450 3234 cum
1481 3193 1634 3234 dicitur
1663 3194 1716 3234 ad
1748 3193 1910 3236 Galatas
1928 3199 1957 3221 ¹¹
1990 3196 2145 3238 :Misit
2173 3197 2306 3246 DeuS,

1277 3267 1354 3305 etc.
1377 3264 1532 3306 Octavo
1554 3265 1702 3317 modo,
1725 3266 2015 3319 apparitione,
2043 3268 2152 3309 sicut
2176 3280 2308 3321 appa-

1276 3339 1456 3378 ruerunt
1476 3336 1524 3390 (b)
1546 3337 1732 3378 Abrahae
1756 3341 1836 3381 tres
1856 3339 1946 3381 viri
1966 3340 2011 3380 ¹².

1278 3465 1302 3499 1,
1322 3460 1351 3489 1.
1364 3474 1406 3480 ——
1418 3458 1432 3479 ’1
1447 3457 1556 3495 Prov„
1579 3464 1661 3498 vm,
1679 3459 1731 3490 25.
1747 3475 1787 3481 —
1801 3458 1815 3481 8
1829 3459 1966 3500 Gen.,1,
1985 3462 2015 3492 1.
2030 3477 2069 3483 —
2081 3460 2095 3482 ⁹
2108 3460 2186 3498 Jsa„
2205 3466 2254 3500 vi,
2272 3460 2304 3491 3.

1276 3522 1318 3529 -·
1333 3505 1360 3528 1⁰
1370 3504 1461 3537 Psal.
1477 3506 1604 3546 LXV1,8.
1617 3523 1659 3529 —
1669 3506 1696 3528 ¹¹
1710 3506 1898 3549 Galat.,1v,
1911 3509 1987 3540 4.-
2003 3508 2028 3529 ¹²
2042 3508 2137 3549 Gen„
2152 3515 2252 3549 xvm,
2271 3509 2304 3540 2.

1277 3585 1340 3618 Ed.
1360 3584 1464 3667 Lutyd.
1483 3583 1725 3627 disparatione.
1738 3586 1830 3628 —(b)
1854 3586 1936 3620 Caet.
1956 3586 2037 3620 edit.
2057 3586 2178 3620 habent
2196 3596 2303 3630 appa-

1275 3643 1399 3668 rueran
1418 3658 1426 3666 .
