2570 3986
1058 295 1238 337 SECTlo
1270 296 1299 335 Ι.
2098 308 2235 336 xxxin

118 392 192 435 dio
211 392 420 434 Patavino
440 389 659 433 ordinarie
679 387 899 439 leyentem,
922 384 1110 425 maxima
1129 397 1227 425 cum
1252 384 1472 437 diligentia
1491 384 1778 425 emendatum.
1800 383 1987 437 HuJ'usce
2008 384 2236 428 Commen—

117 464 212 505 tarii
234 463 429 503 meminit
451 459 622 502 Michael
647 458 852 499 Maittaire
870 459 897 497 ¹.

171 533 320 576 Omnia
338 534 379 573 in
401 544 537 574 unum
560 530 731 571 collecta
751 528 1060 569 Commentaria
1080 527 1329 580 prodierunt
1349 538 1402 566 ex
1422 526 1589 566 officina
1607 525 1809 566 Hermani
1829 525 2111 567 Lichtenstein
2132 527 2237 568 Tar-

117 606 212 646 visii
233 607 357 654 1478,
377 604 461 644 vol.
478 606 503 642 4
522 601 660 641 in·fol.
683 600 917 641 Servantur
937 599 1102 640 Schledi
1122 598 1316 639 Dioecesis
1335 596 1532 637 Vicetinae
1551 597 1663 649 apud
1683 596 1908 637 Nostrates.

171 678 279 718 Ante
298 686 461 716 annum
481 675 584 713 1489
600 705 610 723 ,
633 672 666 711 si
689 671 899 711 credimus
926 669 1130 719 Oudin02‚
1162 669 1307 710 omnia
1331 679 1502 721 quoque
1528 666 1837 708 Bonaventurae
1864 668 2173 710 Commentaria
2193 670 2239 710 in

116 748 257 789 lucem
278 745 524 800 prodierunt
545 742 794 795 Argentinae
814 742 860 782 in
881 741 1119 782 Germania.

174 815 531 860 Commentarium
551 815 595 854 in
616 815 802 866 primum
825 812 1141 854 Sententiarum
1162 812 1321 852 librum
1341 824 1491 852 cusum
1511 812 1593 852 fuit
1609 811 1762 852 Brixiae
1775 844 1784 862 ,
1806 823 1876 851 an.
1898 814 2017 861 4490,
2036 823 2112 865 per
2130 811 2241 865 Bap-

120 890 261 931 tistam
284 888 334 928 de
362 886 572 938 Farfengo
600 885 897 937 Presbyterum
915 916 925 933 ,
946 886 998 924 20
1021 883 1175 933 octob.,
1207 883 1312 923 iri-4.
1337 882 1498 923 Patavii
1521 883 1634 936 apud
1657 883 1950 924 Observantes.

175 960 382 1000 Praeterea
400 970 500 998 cusa
519 957 692 997 fuerunt
709 956 854 996 onmia
872 954 1185 995 Bonaventurae
1210 953 1520 994 Commentaria
1540 952 1861 1006 Nurembergae‚
1885 957 2003 1006 1491,
2023 955 2108 996 vol.
2128 955 2153 995 [ι
2174 956 2243 996 in-

121 1032 209 1080 fol„
231 1043 306 1083 per
324 1029 559 1070 Antonium
579 1027 820 1079 Koberger;
850 1038 1036 1079 quorum
1056 1025 1337 1078 peroptimam
1359 1025 1584 1066 editionem
1609 1038 1698 1066 non
1724 1026 1850 1067 modo
1877 1027 2042 1067 curavit
2060 1026 2244 1068 Joannes

121 1101 378 1143 Bekenhaub
398 1099 676 1152 Moguntinus
691 1130 702 1149 ,
730 1097 801 1138 sed
820 1098 948 1138 etiam
975 1097 1145 1150 copioso
1168 1109 1313 1138 rerum
1332 1097 1466 1137 indice
1494 1097 1790 1150 locupletavit,
1815 1097 2053 1150 dicavitque
2074 1097 2244 1140 Nicolao

120 1173 349 1223 Tinctoris⁷
381 1171 616 1224 Imperialis
646 1169 840 1210 Ecclesiae
870 1168 1199 1221 Bambergensis
1228 1168 1519 1211 Concionatori
1551 1168 1837 1209 celeberrimo.
1873 1168 1942 1210 Sic
1970 1169 2242 1211 Maecenatem

124 1243 299 1298 (suum)
328 1243 556 1296 alloquitur
575 1243 619 1282 in
644 1240 854 1294 Prologo:
884 1240 1150 1291 «Percurre,
1179 1242 1350 1293 inquit,
1378 1240 1593 1289 nationes,
1622 1253 1821 1294 percurre
1846 1240 1951 1282 latos
1978 1241 2134 1294 pariter
2165 1255 2246 1295 po-

119 1315 255 1370 pulos,
277 1314 447 1356 revolve
466 1316 624 1365 aetates,
643 1313 798 1354 coelum
816 1313 883 1355 vel
901 1313 1043 1366 ipsum
1061 1313 1247 1365 suspice,
1268 1312 1342 1353 vix
1362 1312 1504 1365 plures
1520 1312 1565 1352 in
1585 1312 1672 1352 ullo
1692 1312 1807 1353 dotes
1826 1312 2008 1366 reperies
2015 1345 2094 1354 .....
2118 1313 2248 1354 Amas

119 1386 379 1436 doctrinam,
407 1398 508 1439 pace
527 1385 722 1426 omnium
746 1385 911 1438 loquor,
940 1385 1014 1438 qui
1036 1383 1210 1425 Petrum
1227 1415 1236 1433 ‚
1267 1383 1555 1424 Lombardum
1575 1383 1751 1435 scilicet,
1780 1383 2091 1437 explanarunt,
2120 1397 2247 1426 nemo

118 1458 312 1501 devotius
327 1490 338 1509 ‚
362 1459 486 1498 nemo
512 1457 706 1498 subtilius
721 1489 732 1505 ,
759 1469 886 1498 nemo
911 1456 1080 1506 utilius,
1108 1467 1234 1496 nemo
1258 1455 1524 1496 mediocriter
1549 1455 1595 1495 in
1615 1456 1808 1495 omnium
1835 1457 2123 1509 quaestionum
2149 1470 2250 1511 pro-

119 1529 222 1570 cella
240 1529 431 1570 securius
449 1529 716 1581 navigaverit
729 1528 799 1581 (a).
813 1542 832 1565 »
855 1526 956 1568 Haec
974 1530 1118 1568 autem
1132 1526 1259 1567 editio
1276 1540 1300 1567 a
1318 1526 1536 1576 Maittaire‚
1555 1527 1813 1580 typographi
1829 1528 2034 1569 occultato
2052 1529 2247 1581 nomine,

119 1604 477 1642 commemoratur
490 1601 517 1651 ³,
536 1603 629 1641 tum
648 1613 673 1640 a
690 1599 795 1640 Joan
814 1615 823 1640 :
846 1598 978 1640 Paulo
993 1598 1170 1640 Roedero
1182 1598 1227 1638 in
1243 1598 1435 1650 catalogo
1452 1598 1674 1649 librorum,
1693 1599 1767 1651 qui
1787 1597 2089 1652 Norembergae
2108 1601 2249 1641 seculo

118 1673 269 1726 quinto
291 1672 452 1713 decimo
472 1671 665 1724 impressi
684 1674 785 1711 sunt
801 1671 831 1711 ¹⁹.

173 1743 335 1785 Recusa
358 1746 457 1784 sunt
484 1743 610 1783 etiam
636 1741 888 1795 Bambergae
915 1754 1029 1784 anno
1049 1744 1152 1783 1493
1171 1773 1183 1793 ‚
1206 1741 1291 1783 vol.
1313 1744 1338 1781 2
1357 1741 1518 1793 in-fol.,
1543 1741 1749 1783 referente
1776 1741 2011 1783 Christiano
2033 1741 2248 1784 Friderico

120 1815 332 1857 Wilisehss.

174 1888 330 1929 Deinde
349 1887 549 1940 Friburgi
571 1900 646 1940 per
662 1886 875 1928 Kilianuin
890 1919 900 1938 ,
926 1889 1029 1927 1473
1044 1919 1053 1937 ,
1072 1885 1231 1940 in-fol.,
1254 1888 1356 1926 teste
1375 1884 1581 1926 Maittaire
1595 1887 1623 1926 ⁶.

176 1959 323 2000 Postea
342 1959 491 2012 Lipsiae
504 1992 514 2010 ,
538 1961 667 2010 1498,
688 1959 849 2007 in-fol.‚
874 1959 1022 1999 eodem
1042 1959 1248 1998 referente
1269 1957 1488 1998 Maittaire.

174 2031 354 2072 Demum
373 2030 698 2083 Nurembergae,
722 2032 825 2071 1499
840 2031 853 2052 ⁷
870 2045 880 2081 3
911 2034 1004 2071 tum
1018 2030 1174 2070 ibidem
1190 2042 1261 2083 per
1277 2029 1510 2069 Antonium
1532 2028 1771 2081 Koburger,
1796 2032 1915 2082 1500,
1936 2031 2021 2072 vol.
2040 2035 2064 2072 2
2082 2032 2222 2073 in-fol.
2239 2046 2247 2074 :

121 2104 180 2144 sic
200 2103 401 2144 Roederus
416 2104 506 2156 Jam
527 2102 722 2142 laudatus
736 2105 764 2142 8.
792 2101 895 2151 Quae
917 2101 1090 2155 quidem
1114 2105 1328 2155 postrema
1348 2101 1761 2141 Commentariorum
1777 2100 1914 2143 Editio
1935 2106 2070 2144 exstat
2083 2103 2126 2144 in
2143 2103 2249 2145 Bibl.

122 2178 265 2215 nostra
289 2174 331 2215 S.
358 2173 482 2215 Blasii
509 2173 693 2215 Vicetiae.
724 2173 786 2214 Ad
815 2174 954 2227 quarti
978 2174 1161 2226 hujusce
1185 2173 1281 2213 libri
1311 2173 1469 2213 calcem
1499 2172 1714 2213 adduntur
1745 2173 1822 2214 ista
1844 2187 1855 2215 :
1884 2190 1903 2212 «
1935 2174 2118 2224 Quartus
2145 2176 2254 2217 liber

123 2245 439 2287 Sententiarum
460 2243 505 2286 P.
529 2245 648 2286 Dom.
673 2245 983 2286 Bonaventurae
1003 2245 1099 2287 Ord.
1120 2244 1239 2296 Min.,
1266 2258 1341 2298 per
1358 2244 1594 2285 Antonium
1612 2243 1829 2297 Koberger
1845 2244 2154 2301 Nurembergae
2170 2248 2252 2288 im-

122 2330 313 2371 pressus,
337 2331 406 2359 an.
430 2317 597 2358 Domini
617 2317 843 2358 millesimo
865 2317 1209 2370 quingentesimo
1232 2316 1326 2357 finit
1349 2316 1537 2357 feliciter.
1559 2330 1578 2353 ›>

178 2389 384 2442 Impressa
407 2393 507 2430 sunt
525 2401 697 2442 quoque
724 2388 926 2440 Lugduni
954 2389 1194 2441 sumptibus
1215 2391 1342 2441 atque
1363 2388 1564 2441 impensis
1586 2387 1759 2429 Joannis
1781 2387 2009 2442 Kobergis,
2038 2394 2079 2431 et
2106 2391 2253 2432 indus-

123 2461 204 2501 tria
219 2460 359 2502 Jacobi
380 2459 515 2502 Sacon
529 2493 539 2512 ,
562 2462 689 2511 1515,
711 2460 795 2501 vol.
818 2463 842 2499 4
861 2460 1002 2501 in-fol.
1024 2460 1088 2500 Ab
1113 2460 1290 2499 infinitis
1306 2459 1438 2500 ferme
1461 2460 1699 2511 erroribus,
1726 2460 1883 2513 quibus
1903 2461 2117 2502 scatebant
2140 2474 2253 2515 prae-

125 2532 316 2573 cedentes
333 2532 534 2573 editiones
551 2564 561 2581 ‚
582 2535 766 2572 correcta
782 2531 876 2571 haec
893 2532 1066 2572 fuerunt
1087 2531 1324 2572 secundum
1347 2531 1606 2584 exemplaria
1623 2531 1789 2572 dudum
1806 2545 1881 2585 per
1897 2531 1968 2573 Fr.
1988 2532 2253 2587 Stephanum

125 2602 304 2644 Brulifer
322 2602 364 2644 S.
387 2602 632 2655 Theologiae
654 2602 768 2644 Doct.
792 2602 1072 2644 parisiensem
1091 2603 1216 2643 edita.
1237 2602 1469 2644 Servantur
1488 2602 1535 2642 in
1553 2606 1696 2643 nostra
1713 2601 1926 2655 Vineana,
1949 2607 1989 2645 et
2010 2604 2254 2647 Tridentina

124 2673 463 2716 Reformatorum
483 2674 753 2715 Bibliotheca.

174 2745 302 2787 Juxta
325 2746 630 2787 correctionem
656 2745 859 2799 Stephani
882 2745 1064 2786 Brulifer
1091 2745 1137 2785 in
1163 2745 1304 2786 lucem
1330 2745 1578 2799 prodierunt
1606 2744 1775 2786 Parisiis
1800 2759 1912 2787 anno
1934 2749 2062 2797 1522,
2094 2751 2144 2788 12
2174 2749 2250 2790 cal.

117 2818 252 2870 junii,
274 2817 357 2858 vol.
382 2818 535 2869 4ssin-8,
555 2817 824 2871 typographo
844 2816 875 2857 F
878 2817 1065 2858 rancisco
1092 2816 1360 2869 Regnaultio.
1386 2816 1486 2858 Haec
1510 2816 1720 2858 habentur
1741 2818 1786 2858 in
1806 2818 1906 2858 bibl.
1930 2817 1972 2859 S.
1998 2817 2111 2859 Petri
2135 2833 2253 2861 mar-

123 2889 227 2942 tyris
247 2889 299 2930 de
324 2888 535 2930 Muriano.

178 2959 423 3013 Iterumque
459 2960 648 3001 Venetiis
682 2961 842 3013 publici
869 2960 979 3013 juris
1009 2960 1118 3001 facta
1149 2964 1272 3011 sunt,
1302 2962 1427 3013 jussu
1464 2960 1675 3001 Francisci
1711 2960 1898 3001 Zamorae
1929 2962 2058 3002 totius
2090 2962 2254 3004 Ordinis

125 3026 273 3072 Minor.
297 3031 511 3073 Generalis
533 3031 727 3083 Ministri,
751 3033 803 3073 ab
826 3032 1063 3073 innumeris
1080 3032 1165 3073 fere
1185 3032 1350 3073 mendis
1365 3031 1472 3073 aFr.
1494 3031 1514 3073 J
1520 3032 1606 3073 ulio
1620 3031 1820 3082 ⁴Urcetino
1841 3031 2078 3074 Provinciae
2098 3033 2253 3076 Brixiae

125 3105 329 3154 purgata,
357 3106 398 3144 et
421 3103 763 3144 adnotationibus
786 3107 875 3144 tam
901 3116 1047 3144 rerum
1072 3104 1414 3145 memorabilium
1429 3135 1439 3153 ‚
1472 3116 1602 3156 quam
1624 3103 1818 3144 omnium
1838 3103 2032 3145 locorum
2058 3106 2252 3159 Scriptu-

125 3182 185 3211 rae
205 3176 246 3213 et
266 3174 488 3215 doctorum
509 3175 555 3215 in
578 3175 772 3226 margine
796 3187 914 3215 nunc
937 3175 1077 3216 denuo
1097 3175 1293 3216 decorata
1312 3190 1321 3216 ε
1347 3175 1471 3228 Apud
1490 3174 1762 3215 Franciscum
1789 3173 2077 3218 Sansovinum
2091 3209 2101 3228 ,
2125 3179 2249 3229 1562,

125 3241 209 3282 vol.
229 3245 253 3282 5
269 3245 378 3286 iii-4.
401 3245 619 3286 Habentur
638 3246 683 3285 in
702 3245 804 3286 Min.
824 3245 1068 3286 Tridentina
1086 3245 1358 3287 Bibliotheca.

179 3313 231 3353 At
252 3314 396 3357 Romae
420 3318 558 3358 studio
580 3316 627 3357 F.
655 3316 829 3357 Antonii
851 3316 962 3358 Posii
988 3331 1014 3358 a
1038 3317 1309 3359 lllonteilcino
1334 3317 1658 3369 Conventualis,
1683 3318 1977 3360 munificentia
2005 3322 2046 3360 et
2067 3319 2252 3361 liberali—

165 3420 227 3450 ¹1n
246 3421 341 3452 Notis
357 3422 400 3454 ad
419 3425 501 3455 tom.
519 3424 531 3454 1
551 3421 675 3454 Anmzl.
694 3423 913 3464 Typoyraph„
930 3433 965 3465 p.
980 3426 1051 3456 382.

163 3467 178 3488 ²
190 3468 285 3498 Tom.
301 3469 364 3509 ΙΙΙ,
386 3469 425 3500 de
439 3471 589 3511 antiquis
607 3469 731 3501 Eccles.
750 3470 926 3511 Scrz'ptor„
947 3472 1012 3503 col.
1029 3473 1101 3503 379.

165 3512 179 3532 ³
192 3515 287 3546 Tom.
307 3515 318 3545 1
332 3539 341 3554 ,
360 3517 483 3548 Annal.
501 3517 719 3558 Typoqraplz..
734 3526 768 3557 p.
784 3519 853 3549 541.
868 3535 909 3540 —
922 3517 936 3539 ¹⁰
948 3519 1028 3559 Pag.
1047 3521 1098 3559 38,
1119 3519 1182 3550 col.
1198 3520 1230 3550 2.

163 3561 227 3592 ⁸111
246 3562 396 3603 Cataloq.
412 3564 502 3595 Bz'bl.
521 3565 679 3605 Gymnas.
699 3565 919 3596 Fridericiani
936 3565 1166 3606 Altemburgi‚
1188 3575 1221 3606 p.
1237 3567 1309 3596 551.
1323 3581 1364 3587 —-
1377 3564 1390 3585 ⁶
1404 3565 1500 3596 Tom.
1519 3565 1548 3606 l,
1569 3575 1603 3606 p.
1620 3568 1692 3599 556.

165 3604 178 3626 '¹
192 3604 293 3645 Idem,
313 3609 411 3650 ibid„
429 3620 462 3651 p.
479 3613 552 3643 694.
567 3612 633 3635 -8
648 3613 728 3653 Peg.
744 3614 796 3652 54,
819 3612 883 3645 col.
902 3615 976 3644 1.-
997 3614 1043 3654 (α)
1065 3613 1160 3645 Edit.
1188 3612 1264 3644 Ven.
1284 3612 1481 3644 navaverit.

338 3675 434 3708 Tou,
463 3683 494 3712 1.
2009 3686 2030 3713 c
