2613 3990
873 250 1123 293 DISTINCT.
1154 250 1257 291 XVi.
1289 250 1440 292 PART.
1472 251 1521 292 ΙΙ.
1553 252 1671 293 ART.
1704 252 1733 292 Ι.

204 348 265 387 θεῖ
290 357 395 399 pure
421 346 634 395 creatura,
658 347 719 384 est
739 353 865 395 super
884 353 1030 382 omnes
1055 339 1228 392 angelos

203 416 384 458 exaltata
407 428 417 455 :
436 427 553 468 ergo,
576 419 653 456 etc.

256 486 376 539 Resp.
402 486 633 527 Dicendum
652 485 764 538 quod
781 487 842 524 est
867 484 983 536 loqui
1001 483 1051 523 de
1068 482 1229 522 Christo

202 559 247 598 in
279 559 592 610 comparatione
631 557 681 596 ad
714 555 887 606 angelos
925 557 1132 606 quantum
1179 554 1230 594 ad

203 633 409 682 quatuor,
429 629 586 669 scilicet
619 643 626 667 ε
648 629 855 679 quantum
887 626 938 666 ad
961 625 1143 677 gratiam
1159 657 1168 675 ,
1191 628 1232 665 et

202 703 411 754 quantum
429 700 481 739 ad
500 701 697 739 naturam
718 697 884 745 mentis,
903 700 941 737 et
958 700 1165 749 quantum
1180 697 1232 737 ad

203 774 401 811 naturam
432 770 644 823 corporiS,
684 772 724 809 et
754 772 964 821 quantum
998 769 1049 808 ad
1076 770 1231 809 statum

203 842 500 896 passibilitatis.
524 840 740 891 Quantum
759 841 811 881 ad
830 840 1029 892 gratiam,
1051 843 1111 880 est
1131 840 1233 880 sim·

203 915 364 968 pliciter
382 915 531 966 maj0r.
552 913 768 962 Quantum
786 913 836 953 ad
850 915 1049 952 naturam
1066 911 1231 961 mentis,

203 985 350 1025 saltem
364 985 539 1025 nonfuit
550 984 703 1032 minor,
717 984 817 1036 quia
833 984 939 1023 sicut
953 983 1050 1023 dicit
1067 982 1207 1022 Glossa
1223 996 1230 1021 :

208 1070 227 1093 «
250 1055 386 1096 Minor
410 1055 572 1107 angelis
591 1055 671 1095 fuit
695 1067 871 1107 corpore
887 1087 896 1105 ,
918 1067 1004 1095 non
1032 1058 1187 1094 mente.
1210 1067 1228 1089 >³

203 1125 421 1176 Quantum
445 1127 497 1167 ad
525 1128 724 1167 naturam
744 1126 955 1179 corporis,
977 1126 1115 1166 minor
1139 1125 1232 1165 fuit.

204 1198 420 1249 Quantum
449 1201 592 1239 autem
619 1198 671 1239 ad
699 1201 897 1239 naturam
925 1197 1233 1252 passibilitatis,

202 1272 283 1312 fuit
303 1271 443 1312 minor
463 1273 503 1312 et
522 1270 687 1311 modico
706 1271 961 1320 minoratus,
984 1271 1085 1324 quia
1104 1273 1237 1310 status

204 1341 487 1396 passibilitatis
521 1341 566 1382 in
608 1344 765 1382 statum
803 1342 952 1394 gloriae
990 1345 1030 1383 et
1062 1341 1236 1382 honoris

205 1413 331 1467 paulo
349 1416 444 1467 post
464 1413 777 1456 convertendus
799 1417 902 1454 erat.

633 1538 724 1567 DUB.
756 1538 815 1566 IV.

389 1619 530 1651 Videtur
547 1619 638 1661 quod
659 1620 756 1650 Pater
772 1618 813 1650 sit
829 1617 940 1659 major
959 1617 1051 1649 Filio.

262 1704 413 1746 Contra
429 1719 438 1745 t
454 1703 496 1745 Si
510 1715 661 1745 verum
677 1702 864 1755 estquod
878 1702 988 1752 dicit,
1011 1713 1109 1741 cum
1123 1701 1235 1741 idem

208 1776 261 1816 sit
290 1776 335 1816 in
363 1775 445 1816 Deo
476 1775 699 1828 sapientia,
733 1774 938 1828 potentia,
977 1774 1161 1824 bonitas,
1195 1777 1236 1814 et

210 1846 480 1899 magnitudo,
500 1859 623 1898 ergo,
646 1847 680 1886 si
700 1847 835 1898 major
849 1848 930 1894 est,
949 1848 987 1885 et
1006 1849 1066 1885 est
1086 1848 1234 1898 poten-

209 1918 313 1968 tior,
340 1920 380 1958 et
407 1917 658 1970 sapientior,
683 1919 723 1957 et
749 1916 911 1957 melior.
940 1915 1168 1967 Praeterea,
1190 1917 1236 1957 in

209 1989 293 2031 Deo
312 2002 397 2030 non
419 1992 481 2029 est
499 1988 752 2041 magnitudo
773 1988 895 2029 molis
909 2019 918 2035 ,
941 1989 1012 2028 sed
1033 1989 1201 2029 virtutis
1225 2004 1232 2029 :

209 2073 328 2113 ergo,
350 2061 384 2101 si
402 2059 525 2101 Pater
545 2063 607 2100 est
620 2061 770 2113 maJor,
786 2063 847 2100 est
870 2059 1081 2112 potentior
1099 2075 1106 2101 :
1123 2060 1235 2113 quod

209 2135 319 2173 stare
338 2144 425 2173 non
442 2134 591 2184 potest.

263 2203 367 2244 Item
381 2235 392 2254 ,
419 2203 558 2255 major
577 2204 651 2243 aut
670 2202 771 2244 dicit
790 2203 1013 2244 essentiam
1027 2235 1037 2254 ,
1062 2205 1135 2244 aut
1156 2215 1236 2243 no-

208 2275 368 2316 tionem
388 2287 398 2315 :
427 2287 516 2315 non
535 2274 759 2315 essentiam
775 2306 785 2326 ,
806 2275 907 2327 quia
932 2275 1114 2315 essentia
1139 2278 1238 2315 sunt

209 2346 416 2399 aequales3
440 2346 474 2385 si
500 2347 743 2397 notionem,
776 2358 923 2399 quaero
952 2351 1107 2399 quam?
1130 2346 1172 2387 Si
1192 2350 1239 2387 tu

210 2418 346 2468 dicaS,
367 2417 478 2470 quod
506 2418 823 2470 patei‘nitaten13
852 2420 997 2458 contra
1023 2430 1032 2457 :
1060 2417 1238 2470 Compa-

210 2490 317 2530 ratio
336 2489 571 2530 secundum
593 2490 733 2542 majus
752 2492 825 2529 aut
844 2489 986 2529 minus
1005 2502 1091 2529 non
1108 2492 1239 2530 atten-

211 2561 340 2612 ditur,
360 2561 442 2601 nisi
461 2561 505 2601 in
530 2561 996 2614 comparticipantibus3
1019 2561 1132 2602 unde
1152 2574 1239 2601 non

210 2633 361 2674 dicitur
388 2645 398 2673 z
436 2648 455 2671 <‹
480 2633 653 2685 Cygnus
682 2635 743 2673 θεῖ
770 2633 903 2673 albior
929 2645 1056 2673 corvo
1082 2646 1091 2674 :
1120 2647 1139 2670 ))
1168 2633 1239 2674 sed

211 2704 342 2746 Filius
358 2717 445 2746 non
461 2708 524 2746 est
541 2705 894 2758 comparticipans
913 2705 1206 2758 paternitatem
1229 2720 1237 2746 2

211 2789 331 2830 ergo,
349 2780 428 2818 etc.
444 2808 448 2810 Δ

264 2847 368 2889 Item
396 2848 605 2902 quaeritur
636 2860 768 2901 quare
800 2860 887 2889 non
918 2847 1071 2889 dicitur
1104 2849 1241 2901 maJ'or

212 2919 372 2974 Spiritu
389 2922 550 2962 sancto.

266 2990 388 3045 Resp.
417 2991 649 3033 Dicendum
669 2991 782 3045 quod
802 2991 848 3032 in
872 2991 994 3033 Patre
1013 2994 1074 3033 est
1093 2993 1242 3033 aucto-

212 3063 313 3104 ritas
342 3066 536 3117 respectu
564 3063 684 3115 Filii,
721 3066 762 3104 et
794 3062 974 3116 Spiritus
999 3064 1133 3104 sancti
1165 3078 1173 3105 ε
1196 3064 1242 3104 in

214 3133 318 3175 Filio
328 3137 520 3188 respectu
530 3134 713 3188 Spiritus
725 3135 855 3175 sancti
868 3148 877 3186 3
894 3137 934 3175 et
946 3135 1040 3176 ideo
1053 3136 1097 3176 in
1115 3134 1241 3176 Patre

213 3209 350 3260 maj0r
381 3208 627 3259 auctoritas,
661 3211 701 3248 et
729 3209 865 3260 maj0r
897 3208 1171 3258 foecunditas3
1201 3210 1243 3248 et

215 3278 316 3331 quia
333 3278 502 3320 nullum
523 3291 679 3320 nomen
707 3279 766 3319 ita
794 3279 992 3332 competit
1017 3280 1068 3321 ad
1093 3279 1240 3333 expri-

216 3349 414 3390 mendam
449 3351 766 3402 auctoritatem,
804 3350 910 3391 sicut
945 3350 1026 3391 hoc
1054 3364 1238 3401 nomen,

217 3430 418 3472 maanus,
443 3421 536 3461 ideo
565 3421 662 3462 dicit
681 3422 864 3462 Hilarius
887 3422 999 3474 quod
1030 3421 1150 3463 Pater
1182 3426 1242 3463 est

218 3494 355 3545 major
378 3491 499 3534 Filio.
535 3493 597 3534 Ex
626 3495 706 3535 hoc
739 3497 881 3548 patent
915 3493 1103 3546 objecta,
1141 3494 1241 3547 quia

2251 264 2327 302 265

1301 341 1440 394 major
1460 353 1546 382 non
1565 341 1663 382 dicit
1683 343 1907 384 essentiam
1922 376 1932 395 ,
1959 345 2067 386 sicut
2087 350 2272 400 potentia
2290 354 2330 392 et

1304 415 1530 467 sapientia3
1574 415 1645 455 sed
1683 416 1782 456 dicit
1815 417 2047 459 notionem.
2087 419 2129 460 Si
2167 435 2330 473 quaeras

1305 498 1454 538 quam,
1478 484 1570 525 dico
1597 487 1709 538 quod
1735 487 1833 527 dicit
1856 490 2074 530 notionem
2095 494 2330 533 communi-

1306 560 1382 607 ter,
1416 557 1486 596 sed
1521 559 1664 597 tamen
1697 557 1741 597 in
1778 560 1939 600 ratione
1972 562 2197 614 principii,
2227 564 2333 605 sicut

1306 628 1611 668 subauctoritas
1629 629 1673 668 in
1691 631 1852 671 ratione
1881 633 2114 672 emanantis
2136 647 2145 672 ε
2167 636 2208 674 θῖ
2234 635 2333 676 hinc

1307 703 1368 739 est
1386 700 1498 752 quod
1519 699 1640 741 Pater
1658 701 1811 742 dicitur
1832 705 1967 755 maJ'or
1988 702 2114 755 filio,
2137 705 2237 757 quia
2256 707 2332 746 etsi

1307 772 1486 822 uterque
1513 770 1664 811 habeat
1689 773 1904 813 notionem
1921 774 1964 813 in
1984 775 2145 815 ratione
2175 776 2333 827 princi-

1308 841 1378 893 pii,
1401 840 1521 882 Pater
1534 845 1676 882 tamen
1694 843 1738 883 in
1756 845 1917 885 ratione
1933 846 2129 899 principii
2148 850 2330 896 tantum3

1308 917 1347 952 et
1378 914 1470 954 ideo
1498 914 1593 967 plus
1625 914 1747 955 habet
1778 916 1828 956 de
1859 918 2022 958 ratione
2057 919 2331 959 auctoritatis.

1309 984 1488 1037 Spiritus
1505 989 1648 1026 autem
1668 990 1839 1027 sanctus
1865 988 2025 1028 nullius
2052 1001 2242 1041 personae
2275 994 2337 1030 est

1309 1056 1590 1109 principium,
1613 1060 1653 1097 et
1672 1058 1765 1098 ideo
1789 1071 1876 1099 non
1900 1063 2170 1113 comparatur
2189 1062 2248 1102 eis
2268 1074 2335 1102 se-

1310 1128 1498 1169 cundum
1518 1129 1826 1170 auctoritatem.

1742 1255 1833 1283 DUB.
1861 1255 1905 1284 V.

1422 1330 1531 1372 Major
1550 1330 1662 1372 itaque
1685 1331 1816 1363 donans
1836 1334 1902 1373 est,
1923 1332 1982 1364 sed
2001 1332 2134 1374 minor,
2157 1335 2220 1365 etc.

1364 1413 1537 1455 Videtur
1562 1414 1699 1455 dicere
1728 1414 1881 1455 falsum
1900 1447 1910 1464 ,
1942 1415 2043 1468 quia
2069 1429 2339 1470 quocumque

1311 1486 1436 1526 modo
1465 1487 1695 1539 accipiatur
1718 1488 1879 1539 maj0r,
1909 1487 2062 1528 dicitur
2084 1488 2257 1529 relative
2288 1489 2340 1530 ad

1310 1558 1520 1598 minorem
1542 1573 1550 1599 :
1581 1571 1707 1610 ergo,
1728 1558 1762 1597 si
1782 1561 1843 1598 est
1867 1570 2024 1610 ponere
2054 1558 2220 1600 Patrem
2246 1573 2337 1601 ma-

1308 1631 1458 1682 jorem,
1482 1633 1542 1670 est
1561 1642 1715 1682 ponere
1732 1629 1888 1670 Filium
1907 1630 2131 1671 minorem.

1364 1700 1482 1752 Item,
1505 1701 1625 1742 Pater
1645 1701 1798 1742 dicitur
1812 1703 1961 1754 major,
1979 1703 2080 1755 quia
2100 1703 2225 1743 habet
2241 1715 2338 1744 auc-

1309 1773 1521 1813 toritatem
1549 1786 1678 1826 supra
1709 1773 1864 1814 Filium
1888 1789 1896 1814 ε
1926 1787 2053 1827 ergo,
2088 1787 2187 1815 cum
2211 1775 2340 1816 Filius

1310 1843 1462 1885 habeat
1486 1845 1859 1886 subauctoritatem
1878 1849 2071 1899 respectu
2092 1846 2239 1897 Patris,
2262 1847 2335 1888 de-

1310 1916 1378 1956 bet
1398 1916 1478 1956 dici
1496 1916 1648 1957 minor.

1364 1987 1486 2040 Resp.
1504 1987 1736 2029 Dicendum
1751 1988 1863 2041 quod
1877 1988 1984 2028 nihil
2000 1989 2189 2042 impedit,
2208 2003 2339 2043 quare

1311 2060 1442 2101 Filius
1467 2074 1554 2102 non
1577 2062 1740 2102 dicatur
1766 2062 1906 2102 minor
1924 2061 2045 2103 Patre
2064 2064 2226 2104 ratione
2246 2065 2342 2105 sub-

1312 2132 1596 2181 auctoritatis,
1635 2133 1743 2173 sicut
1784 2133 1904 2174 Pater
1938 2136 2097 2186 maJor,
2128 2135 2210 2175 nisi
2243 2137 2343 2189 quia

1311 2204 1486 2246 nomina
1511 2204 1773 2256 indignitatis
1807 2206 1850 2245 in
1882 2205 1964 2246 Deo
1995 2218 2082 2246 non
2110 2207 2262 2248 debent
2291 2209 2343 2249 ad

1312 2288 1440 2316 usum
1460 2276 1586 2316 trahi.
1609 2275 1683 2317 Vel
1703 2277 1802 2330 quia
1822 2278 1956 2318 sancti
1976 2278 2184 2329 Doctores,
2208 2293 2341 2333 quan-

1312 2350 1405 2388 tum
1428 2350 1623 2400 possunt,
1655 2360 1696 2388 se
1727 2348 1927 2400 elongant
1958 2350 2010 2390 ab
2044 2350 2342 2392 haereticorum

1313 2418 1475 2459 fallacia
1492 2451 1501 2468 ,
1526 2419 1619 2459 ideo
1645 2432 1741 2460 cum
1770 2419 1954 2461 Hilarius
1983 2421 2155 2462 dixisset
2178 2422 2340 2463 Patrem

1314 2492 1520 2544 majorem
1537 2523 1547 2541 ,
1569 2492 1706 2532 noluit
1732 2493 1844 2545 quod
1868 2492 2001 2534 Filius
2026 2493 2235 2535 diceretur
2260 2495 2343 2534 mi—

1314 2575 1408 2612 nor,
1434 2576 1488 2603 ne
1508 2563 1723 2604 videretur
1742 2564 1812 2604 illa
1833 2565 2051 2617 majoritas
2071 2579 2157 2606 non
2177 2570 2344 2608 tantum

1314 2634 1601 2686 auctoritatis,
1641 2635 1711 2676 sed
1749 2636 1876 2677 etiam
1911 2637 2207 2690 inaequalitatis
2250 2653 2258 2679 ;
2305 2641 2346 2679 θῖ

1314 2706 1511 2759 quamvis
1539 2705 1724 2747 Hilarius
1750 2707 1904 2748 diceret
1930 2709 1974 2748 in
2007 2708 2128 2750 Patre
2160 2711 2343 2751 auctori-

1314 2780 1464 2826 tatem,
1498 2790 1586 2818 non
1617 2782 1760 2819 tamen
1790 2779 1947 2831 legitur
1981 2780 2025 2820 in
2056 2780 2160 2821 Filio
2191 2782 2346 2824 dixisse

1315 2849 1720 2891 subauctoritatem:
1753 2849 1823 2890 sed
1849 2850 1954 2891 illud
1988 2851 2167 2892 verbum
2197 2865 2221 2893 a
2251 2866 2346 2894 ma-

1315 2920 1458 2973 gistris
1485 2924 1546 2962 est
1569 2920 1761 2962 additum
1792 2922 1839 2962 in
1870 2922 2172 2964 consuetudine
2201 2923 2346 2978 dispu-

1314 2992 1514 3033 tantium.

1540 3138 1790 3182 ARTICUL
1798 3137 1865 3182 US
1896 3138 2120 3184 UNICUS.

1368 3277 1433 3318 Ad
1470 3277 1724 3318 evidentiam
1760 3277 1892 3330 hujus
1925 3279 2055 3332 partis
2090 3282 2344 3332 quaeruntur

1316 3350 1398 3390 tria
1429 3350 1479 3390 de
1511 3349 1712 3390 missione
1741 3350 1897 3391 visibili
1919 3363 1928 3391 :
1950 3351 2112 3404 primo,
2133 3351 2232 3403 quid
2263 3350 2340 3399 sit3

1317 3421 1520 3469 secundo,
1540 3420 1592 3461 ad
1611 3421 1714 3473 quid
1744 3421 1796 3462 sit
1826 3423 1963 3471 utilis;
1986 3424 2108 3463 tertio
2138 3421 2344 3474 quaeritur

1316 3493 1473 3545 quibus
1493 3492 1627 3534 modis
1644 3493 1752 3534 facta
1771 3493 1836 3534 sit.
