2570 3986
1063 271 1349 313 DlC'l'lNCTIO
1378 271 1407 311 l.
2251 272 2301 312 33

180 366 256 407 ral.
284 365 445 406 ratione
476 364 574 405 dicit
605 363 759 405 amoris
790 362 1013 413 unionem,
1048 361 1203 401 scilicet

178 436 359 477 fruibilis
390 449 489 476 cnm
518 437 696 476 fruente.
729 433 938 483 Quoniam
969 444 1073 484 ergo
1102 445 1203 472 con-

178 508 305 561 tingit
321 508 481 561 aliquid
494 507 607 548 uniri
623 506 715 557 sibi,
737 508 777 546 et
793 505 877 556 alii,
903 504 1098 546 convenit
1114 516 1203 544 non

179 582 344 620 tantum
374 580 458 621 frui
477 579 580 629 alio,
602 579 673 619 sed
695 577 822 618 etiam
847 576 995 629 seipso.
1019 575 1099 616 Sed
1128 575 1203 615 nbi

179 653 241 691 est
258 651 364 692 unio
384 652 435 692 ad
454 650 648 700 alterum,
665 649 723 688 ibi
744 650 805 689 est
823 647 1112 701 dependentia,
1133 646 1202 686 in-

180 721 397 771 hrerentia,
425 725 466 762 et
492 720 725 772 indigentia
747 732 755 758 :
781 720 855 760 ubi
886 731 986 760 vero
1016 718 1068 759 ad
1094 718 1202 771 seip-

179 805 289 844 sum,
309 793 343 833 si
362 793 500 846 ipsum
520 795 581 832 est
599 804 816 832 summum
841 791 1017 841 bonum,
1039 802 1125 830 non
1145 793 1205 830 est

181 864 442 914 inhaerentia,
463 876 538 904 nec
559 863 850 916 dependentia,
868 862 935 904 vel
955 861 1202 914 indigentia,

180 936 251 977 sed
280 935 523 976 omnimoda
554 934 818 975 sufficientia.
854 933 896 974 Si
925 946 1025 974 vero
1062 934 1206 986 ipsum

180 1008 341 1048 honum
368 1007 563 1048 deficiens
594 1009 674 1057 est,
706 1006 883 1058 indiget.
919 1005 968 1046 Et
1000 1005 1095 1045 inde
1123 1008 1202 1057 est,

180 1078 294 1131 quod
310 1078 424 1120 solus
434 1078 543 1119 Deus
562 1078 696 1131 seipso
717 1078 895 1131 perfecte
912 1077 1085 1128 fruitur3
1101 1077 1207 1117 nihil

179 1152 322 1191 autem
353 1149 467 1190 aliud
495 1150 547 1191 ab
578 1150 668 1203 ipso
697 1152 831 1203 potest
861 1150 1040 1203 perfecte
1071 1149 1206 1202 seipso

179 1221 278 1262 frui.
301 1221 423 1262 Solus
442 1221 555 1262 enim
575 1220 684 1262 Deus
704 1224 764 1262 est
789 1234 1007 1262 summum
1025 1222 1204 1272 bonum,

179 1296 220 1333 et
243 1293 382 1346 diligit
413 1306 456 1334 se
482 1293 660 1334 fruendo
686 1306 752 1344 se;
790 1293 929 1346 diligit
966 1294 1092 1334 eiiam
1127 1294 1208 1334 alia

180 1365 357 1406 fruendo
375 1377 419 1406 se
442 1380 450 1406 :
473 1368 514 1406 et
535 1366 592 1406 ita
617 1378 695 1406 nec
714 1365 857 1406 fruitio
878 1365 965 1416 Dei,
991 1377 1067 1406 nec
1087 1378 1204 1417 usus,

180 1440 241 1478 est
269 1450 367 1479 cum
396 1433 657 1490 indigentia,
674 1437 781 1479 sicut
809 1441 951 1478 nostra
974 1437 1139 1488 fruitio,
1168 1440 1207 1478 et

180 1521 297 1551 USUS.

587 1576 676 1605 DL‘B.
709 1574 801 1604 XIII.

425 1648 508 1679 ltem
529 1647 607 1688 quia
624 1648 734 1679 bonus
748 1649 813 1688 est,
835 1656 960 1679 sumus.

235 1723 453 1777 Objicitur.
482 1723 654 1766 Videtur
680 1724 793 1765 enim
820 1724 988 1765 falsum.
1020 1723 1126 1765 Nam
1155 1725 1204 1777 si,

181 1796 280 1848 quia
289 1796 426 1836 bonus
445 1799 519 1846 est,
535 1809 702 1847 sumus3
726 1809 844 1849 ergo,
866 1797 964 1850 quia
978 1797 1030 1837 ab
1048 1799 1206 1839 {eterno

182 1867 321 1908 bonus
340 1870 414 1918 est,
438 1868 490 1909 ab
505 1871 661 1910 aeterno
679 1881 843 1910 sumus.

236 1939 356 1993 Resp.
377 1939 607 1981 Dicendum
638 1941 821 1982 breviter
840 1942 953 1994 quod
982 1942 1080 1994 hoc,
1103 1944 1207 1995 qza'a

183 2010 312 2053 bonus
331 2014 406 2063 esc,
427 2011 526 2052 dicit
544 2025 729 2053 causam.
747 2011 826 2054 Sed
846 2016 907 2053 θεῖ
926 2013 1068 2067 aliqua
1081 2027 1208 2055 causa

180 2081 382 2124 naturalis
427 2083 553 2124 etiam
591 2084 847 2134 necessaria,
893 2088 934 2125 et
969 2089 1031 2126 est
1067 2086 1209 2139 aliqua

180 2165 306 2195 causa
330 2152 583 2197 voluntaria.
605 2155 775 2197 Bonitas
804 2158 948 2197 autem
975 2157 1121 2199 divina
1148 2160 1210 2198 θεῖ

179 2237 304 2267 causa
329 2227 462 2268 nostri
486 2240 590 2280 esse,
620 2231 660 2269 et
684 2228 784 2269 boni
809 2241 912 2279 esse,
937 2241 1010 2282 per
1030 2230 1208 2270 modum

179 2297 421 2351 voluntatis,
442 2312 529 2341 non
557 2303 722 2342 naturae
742 2303 783 2342 et
805 2301 1059 2342 necessitatis
1085 2316 1093 2343 :
1116 2302 1207 2343 haec

180 2373 322 2412 autem
341 2383 467 2414 causa
488 2383 575 2413 non
593 2372 714 2426 ponit
736 2372 931 2415 effectum
950 2373 1090 2415 statim
1110 2387 1208 2416 cum

180 2445 254 2483 est.

561 2508 585 2538 Ι)
599 2511 622 2539 U
637 2510 673 2538 B.
715 2511 743 2538 x
757 2511 770 2538 1
785 2511 828 2539 v.

575 2581 681 2614 Porro
703 2581 816 2614 etiam.

235 2650 451 2706 Objicitur,
494 2666 624 2707 quare
655 2655 846 2697 similiter
879 2669 966 2697 non
1002 2658 1208 2711 sequitur,

182 2725 286 2777 quia
303 2724 449 2777 ,fustus
471 2729 548 2778 est,
560 2725 676 2778 justi
694 2738 839 2769 sumus
859 2742 873 2769 .·
893 2728 1000 2769 sicut
1016 2730 1121 2782 quia
1141 2730 1211 2773 bo-

181 2806 263 2838 nus
283 2799 356 2848 est,
379 2797 478 2840 bom·
496 2808 657 2841 sumus.
683 2798 726 2840 Si
754 2799 885 2851 dicas,
907 2800 1020 2853 quod
1046 2802 1212 2854 justitia

182 2878 268 2908 non
301 2871 362 2910 est
391 2871 484 2923 ejus
517 2871 735 2925 dispositio
765 2872 809 2912 in
844 2875 1054 2926 quantum
1085 2886 1212 2915 causa

183 2942 265 2989 est3
298 2943 443 2981 contra
468 2955 477 2982 ε
501 2940 715 2995 Sapientia
743 2946 805 2984 est
831 2944 1044 2997 dispositio
1069 2944 1141 2986 Dei
1167 2945 1212 2986 in

184 3013 395 3064 quantum
418 3025 570 3054 causa:
596 3026 700 3066 ergo
721 3015 812 3067 pari
829 3016 1004 3068 ratione,
1027 3017 1127 3070 quia
1145 3030 1213 3058 sa-

183 3083 303 3136 piens
321 3087 396 3134 est,
415 3084 623 3138 sapientes
642 3098 806 3128 sumus
828 3086 871 3128 Si
890 3090 938 3129 tu
954 3088 1080 3140 dicas,
1098 3090 1213 3142 quod

184 3165 272 3195 non
290 3158 352 3196 est
369 3155 584 3209 dispositio
605 3157 868 3209 immediata,
891 3159 1000 3201 sicut
1023 3160 1210 3212 bonitas3

186 3225 384 3278 objicitur
401 3227 452 3268 de
472 3227 709 3282 voluntate,
731 3241 828 3283 quae
857 3233 918 3271 est
936 3231 1211 3273 immediatis—

187 3295 322 3338 sima:
353 3301 393 3339 et
419 3301 562 3340 tamen
588 3312 676 3342 non
704 3301 910 3354 sequitur,
937 3304 1042 3355 quia
1072 3304 1214 3348 volens

189 3371 262 3418 est,
280 3368 462 3413 volentes
480 3382 638 3415 sumus.

241 3437 361 3493 Resp.
387 3440 631 3495 Dicendum,
652 3443 766 3496 quod
789 3444 896 3486 ratio
915 3445 1044 3500 hujus
1068 3460 1216 3490 conse-

189 3511 372 3564 quentiae
391 3513 544 3565 triplex
558 3517 632 3555 est.
656 3514 748 3557 Una
766 3520 841 3568 est,
855 3517 954 3570 quia
971 3519 1136 3562 bonitas
1155 3525 1216 3562 est

232 3596 243 3618 ¹
264 3596 340 3630 vid.
369 3596 477 3638 infra,
504 3597 580 3630 dist.
609 3599 675 3640 ΙΙΙ,
708 3610 810 3642 super
835 3601 979 3636 litteram
1010 3604 1089 3638 dub.
1113 3615 1158 3640 vi.
1177 3623 1216 3630 -—

402 3669 502 3699 TOM.
532 3670 561 3698 1.

1276 358 1489 413 dispositio
1532 369 1693 407 causae,
1724 357 1768 398 in
1802 359 2010 410 quantum
2046 370 2184 400 causa.
2224 359 2303 401 Se-

1277 431 1414 471 cunda
1433 432 1507 479 est,
1530 430 1630 482 quia
1650 433 1711 470 est
1730 429 1924 482 proxima
1942 430 1993 470 ad
2009 433 2163 483 actum,
2187 435 2299 486 quia,

1277 515 1374 543 cum
1396 502 1559 542 bonum
1573 502 1625 541 sit
1643 501 1708 542 sui
1727 502 2147 555 communicativum,
2170 505 2218 547 de
2238 509 2304 548 sui

1277 574 1439 614 ratione
1466 573 1665 626 importat
1696 574 2189 628 communicabilitatem3
2223 578 2305 619 im-

1277 647 1414 697 portat
1442 644 1569 685 etiam
1594 644 1879 696 voluntatem3
1908 659 2005 699 quae
2032 648 2116 688 duo
2142 653 2307 701 ponunt

1278 716 1474 757 effectum
1496 716 1539 756 in
1562 718 1673 757 actu.
1695 716 1855 769 Tertia,
1879 718 1978 770 quia
1998 719 2209 772 dispositio
2230 734 2308 774 ge-

1278 788 1432 828 neralis
1458 787 1502 827 in
1525 800 1609 841 qua
1636 789 1823 829 consistit
1850 789 2020 842 vestigii
2048 791 2177 843 ratio,
2211 793 2309 834 dicit

1278 861 1516 913 respectum
1562 861 1614 901 ad
1650 861 1779 902 finem
1804 867 1830 901 ¹.
1879 861 2019 912 Unde,
2063 863 2170 905 sicut
2199 864 2309 907 Deus

1279 944 1390 972 unus
1411 931 1617 985 imprimit
1641 933 1867 984 unitatem,
1891 933 1948 974 ita
1978 935 2115 977 bonus
2140 936 2309 979 bonita-

1281 1006 1379 1044 tem.

1693 1071 1782 1099 nun.
1814 1072 1888 1101 xv.

1386 1145 1428 1176 Ut
1447 1144 1576 1177 scilicet
1595 1148 1726 1178 ametur
1743 1149 1883 1188 propter
1899 1148 2049 1190 seipsum
2068 1152 2207 1185 tantum.

1337 1222 1510 1265 Contra:
1532 1224 1652 1275 Quia,
1675 1226 1782 1268 sicut
1799 1240 1842 1268 se
1864 1228 1992 1270 habet
2011 1241 2084 1282 per
2103 1242 2146 1273 se
2166 1232 2216 1272 ad
2237 1243 2311 1285 per

1282 1294 1493 1346 accidens,
1511 1296 1568 1336 ita
1584 1302 1752 1351 propter
1765 1310 1807 1341 se
1824 1300 1875 1340 ad
1890 1307 2062 1354 propter
2078 1303 2226 1345 aliud:
2240 1305 2312 1345 sed

1280 1366 1385 1406 nihil
1404 1368 1516 1419 quod
1536 1370 1733 1410 convenit
1751 1370 1875 1412 alicui
1895 1385 1969 1425 per
1988 1374 2193 1425 accidens,
2212 1388 2314 1416 con-

1281 1438 1397 1478 venit
1416 1452 1491 1491 per
1510 1453 1552 1480 se
1577 1456 1584 1481 :
1607 1454 1709 1494 ergo
1724 1442 1832 1482 nihil
1845 1444 1958 1496 quod
1977 1447 2176 1487 convenit
2189 1447 2313 1488 alicui

1281 1512 1451 1562 propter
1475 1511 1611 1563 aliud,
1641 1514 1838 1554 convenit
1862 1519 2032 1568 propter
2059 1530 2117 1559 se.
2146 1518 2189 1559 Si
2209 1531 2313 1571 ergo

1281 1582 1462 1623 virtutes
1481 1586 1579 1623 sunt
1603 1586 1848 1638 appetendae
1877 1591 2048 1641 propter
2067 1589 2203 1642 aliud,
2227 1603 2315 1632 non

1282 1665 1385 1706 ergo
1405 1658 1577 1708 propter
1595 1668 1652 1697 se.

1336 1725 1457 1780 llesp.
1482 1727 1599 1768 Sicut
1628 1729 1728 1770 dicit
1754 1729 2091 1785 Philosophus2:
2117 1733 2231 1775 Idem
2256 1739 2316 1776 est

1281 1799 1400 1850 finis,
1423 1803 1462 1840 θῖ
1478 1805 1647 1853 propter
1674 1802 1801 1855 quod.
1822 1804 1948 1846 Fe'm's
1975 1807 2119 1846 autem
2139 1806 2317 1860 dupiici-

1282 1873 1345 1911 ter
1371 1874 1431 1912 est
1453 1884 1462 1911 ε
1486 1885 1573 1913 uno
1602 1874 1728 1915 modo
1755 1875 1850 1915 finis
1879 1876 2078 1929 ultimus,
2111 1879 2186 1931 qni
2217 1891 2317 1932 pro-

1282 1943 1490 1995 priissime
1518 1948 1579 1986 est
1615 1946 1739 1998 finis,
1771 1948 1815 1988 in
1845 1961 1929 2001 quo
1959 1953 2020 1990 est
2046 1953 2200 2002 status;
2236 1952 2316 1992 alio

1284 2015 1409 2056 modo
1429 2017 1524 2057 finis
1542 2018 1621 2058 sul)
1638 2020 1738 2069 fine,
1756 2023 1797 2060 et
1815 2020 1967 2062 dicitur
1986 2023 2153 2076 proprie
2172 2023 2318 2064 termi-

1282 2100 1378 2128 nus.
1401 2088 1468 2129 Sic
1487 2092 1527 2130 et
1542 2092 1836 2144 propterquod
1853 2093 2160 2136 diversificatur
2179 2108 2188 2136 ε
2205 2096 2317 2137 unde

1284 2172 1371 2200 uno
1391 2161 1515 2202 modo
1534 2162 1721 2204 excludit
1739 2165 1885 2217 finem,
1903 2166 1984 2207 alio
2005 2167 2130 2208 modo
2146 2180 2248 2219 non,
2270 2173 2319 2208 ut

1284 2230 1383 2272 dicit
1404 2232 1618 2286 Magister.
1638 2234 1758 2284 Quod
1776 2248 1879 2289 ergo
1894 2237 2091 2290 objicitur
2108 2239 2158 2280 de
2171 2250 2246 2292 per
2259 2251 2315 2290 86,

1284 2303 1375 2344 dico
1401 2305 1513 2357 quod
1545 2306 1653 2347 sicut
1681 2318 1755 2360 per
1773 2319 1815 2350 se
1837 2321 1923 2350 uno
1944 2311 2069 2352 modo
2089 2312 2319 2365 opponitur

1285 2375 1323 2416 ei
1345 2376 1459 2429 quod
1486 2380 1547 2418 est
1565 2390 1640 2431 per
1658 2379 1787 2430 aliud,
1810 2383 1850 2421 et
1871 2381 1929 2421 sic
1948 2381 2061 2423 idem
2081 2386 2142 2424 est
2161 2396 2236 2437 per
2257 2396 2316 2435 se,

1287 2448 1398 2500 quod
1428 2450 1662 2491 secundum
1693 2452 1805 2504 quod
1832 2453 1987 2506 ipsum,
2010 2454 2099 2497 sive
2128 2456 2318 2508 primum

1288 2519 1528 2562 universale
1539 2522 1570 2572 3;
1587 2522 1668 2563 alio
1686 2524 1812 2565 modo
1826 2525 2053 2578 opponitur
2069 2527 2107 2567 ei
2126 2528 2239 2580 quod
2258 2530 2320 2568 est

1286 2603 1361 2643 per
1381 2592 1596 2635 accidens:
1614 2594 1673 2635 sic
1693 2598 1734 2636 et
1749 2601 1922 2650 propter
1941 2609 1984 2641 Se
2005 2598 2227 2652 dupliciter
2248 2612 2319 2640 ac-

1287 2662 1472 2716 pritur:
1501 2678 1588 2706 uno
1619 2668 1767 2719 modo,
1792 2669 2022 2723 opponitur
2052 2671 2090 2711 ei
2113 2671 2226 2724 quod
2259 2675 2320 2712 est

1286 2738 1457 2789 propter
1475 2736 1609 2788 aliud3
1631 2738 1712 2780 alio
1731 2740 1871 2792 modo,
1889 2742 1928 2783 ei
1945 2742 2058 2795 quod
2080 2745 2142 2783 est
2160 2755 2235 2796 per
2248 2755 2320 2785 ac-

1287 2806 1448 2859 cidens,
1471 2808 1572 2861 quia
1592 2810 1707 2851 aliud
1727 2811 1778 2852 ad
1798 2812 1902 2853 illud
1920 2813 2228 2856 accidentaliter
2246 2827 2320 2857 or—

1288 2878 1471 2920 dinatur.
1494 2879 1740 2923 Secundum
1769 2883 1849 2925 hoc
1873 2884 2097 2938 distinguit
2120 2886 2320 2940 Magister

1285 2956 1456 3004 propter
1477 2963 1534 3004 se,
1561 2956 1602 2994 et
1630 2957 1933 3008 consequenter
1954 2957 2181 2999 honestum
2196 2992 2206 3011 ,
2229 2961 2319 3003 sive

1288 3023 1471 3075 fruibile,
1497 3028 1536 3066 et
1554 3025 1690 3078 ipsam
1710 3027 1891 3080 denique
1910 3028 2170 3072 fruitionem.

1692 3150 1782 3179 DL‘B.
1815 3151 1904 3181 XVI.

1292 3225 1398 3257 Etiam
1416 3227 1571 3268 quaedam
1584 3229 1661 3259 sunt
1677 3237 1744 3269 reS,
1763 3238 1825 3269 per
1839 3239 1920 3271 quas
1938 3231 2093 3275 fruimur,
2114 3236 2150 3266 ut
2163 3234 2316 3268 virtutes.

1344 3310 1495 3351 Contra
1516 3323 1526 3351 ε
1545 3310 1720 3353 Videtur
1739 3314 1853 3366 quod
1864 3314 1961 3356 solis
1975 3318 2171 3369 potentiis
2188 3320 2317 3371 possit

1290 3381 1373 3422 frui
1413 3382 1556 3422 anima
1583 3382 1673 3424 sine
1705 3385 1822 3425 omni
1858 3386 2029 3429 virtute.
2068 3388 2167 3430 Sine
2199 3392 2318 3432 omni

1290 3453 1403 3493 enim
1427 3454 1584 3495 virtute
1606 3458 1741 3508 potest
1761 3457 1845 3498 frui
1867 3459 1976 3500 bono
2008 3463 2166 3512 creato;
2196 3474 2315 3516 ergo,

1290 3560 1304 3582 2
1316 3561 1429 3599 Arist„
1449 3561 1579 3603 Phys-ic.
1597 3562 1655 3595 lib.
1670 3563 1709 3605 ΙΙ,
1731 3567 1880 3598 context.
1895 3568 1954 3606 293
1970 3564 2078 3599 Etlzz'c.
2099 3566 2157 3601 lib.
2176 3569 2211 3611 Ι,
2231 3580 2261 3604 e.
2276 3579 2314 3605 11.

1291 3626 1329 3633 —
1343 3609 1356 3631 3
1371 3609 1485 3651 Arist„
1511 3611 1520 3641 1
1542 3611 1682 3653 Postera,
1704 3621 1733 3644 c.
1751 3620 1798 3654 lv,
1818 3615 1966 3648 context.
1985 3616 2014 3646 9.

2079 3681 2102 3716 3
