2613 3990
71 620 116 647 Ad
130 629 181 656 op-

45 670 106 697 pos.

206 263 283 300 470

203 351 264 388 est
283 347 391 388 ratio
408 345 686 387 emanationis
702 348 742 385 et
764 343 955 395 originis,
978 342 1037 381 ibi
1056 344 1118 382 est
1130 351 1233 380 vera

203 418 310 458 ratio
330 416 548 470 principii:
566 416 636 456 sed
655 415 699 456 in
719 414 873 455 divinis
889 424 988 453 vere
1008 415 1049 452 et
1064 409 1232 464 proprie

204 492 264 529 est
282 488 388 528 ratio
408 486 686 528 emanationis
707 498 717 525 ε
739 496 842 536 ergo
872 483 930 523 ibi
950 494 1050 523 vere
1069 485 1109 522 et
1127 492 1227 534 pro-

205 559 293 612 prie
313 562 374 599 est
389 558 496 598 ratio
508 556 719 610 principii.

260 629 413 670 Contra
445 641 454 669 :
488 633 523 669 1.
552 626 814 678 Principium
847 628 886 665 et
916 624 1105 677 primum
1133 625 1233 662 sunt

210 702 322 742 idem
359 706 370 727 ¹
415 715 422 741 :
462 711 564 751 ergo
606 698 681 738 ubi
719 696 828 745 cadit
865 695 972 736 ratio
1009 694 1228 748 principii,

203 776 265 814 est
292 772 429 813 dicere
460 770 649 824 primum
681 782 689 807 t
715 771 756 808 et
786 767 860 807 ubi
888 769 948 806 est
977 765 1113 806 dicere
1145 764 1230 817 pri-

203 857 324 885 mum
341 876 351 894 ,
374 845 434 884 θεῖ
461 842 597 882 dicere
624 840 763 892 priUS,
797 838 899 891 quia
924 836 1231 890 superlativum

202 913 492 968 praesupponit
520 910 863 963 comparativum
886 923 894 949 :
918 911 958 948 et
979 907 1054 947 ubi
1086 907 1203 959 prius
1218 939 1228 957 ‚

203 987 261 1027 ibi
278 984 487 1039 posterius
517 997 526 1023 :
556 993 660 1034 ergo
690 994 715 1021 a
747 981 901 1033 primo,
932 978 1006 1019 ubi
1039 980 1099 1018 est.
1126 977 1231 1018 ratio

203 1057 412 1112 principii,
435 1055 492 1096 ibi
513 1058 574 1095 est
592 1054 698 1095 ratio
718 1051 961 1106 posterioris
983 1066 991 1091 :
1013 1051 1083 1091 sed
1101 1050 1145 1090 in
1165 1050 1232 1090 di-

205 1128 316 1168 vinis
333 1126 450 1167 nullo
466 1125 591 1166 modo
605 1124 808 1177 recipitur
822 1123 936 1177 quod
949 1134 1036 1162 una
1052 1133 1233 1174 persona

204 1200 257 1239 sit
278 1197 485 1252 posterior
504 1197 610 1237 alia:
635 1208 739 1248 ergo
762 1194 880 1236 nullo
899 1193 1024 1234 modo
1052 1204 1233 1246 persona

203 1272 265 1311 est
283 1268 539 1322 principium
558 1278 765 1320 personae.

256 1344 294 1381 02.
319 1339 438 1388 Item,
458 1339 501 1378 in
520 1337 725 1379 creaturis
751 1336 863 1377 idem
883 1337 945 1376 est
971 1335 1229 1388 principium

203 1415 243 1453 et
262 1411 457 1458 initium,
484 1409 592 1450 sicut
608 1410 722 1461 patet
740 1420 815 1461 per
850 1407 1157 1460 Philosophum
1184 1409 1196 1429 ²
1219 1420 1229 1448 ε

203 1495 306 1535 ergo
335 1482 406 1523 ubi
433 1494 520 1522 non
551 1480 752 1533 recipitur
789 1479 976 1528 initium,
1011 1490 1089 1519 nec
1115 1479 1233 1532 prin-

204 1554 364 1607 cipium
393 1568 401 1594 :
425 1553 497 1594 sed
515 1564 664 1593 omnes
681 1562 874 1604 personae
894 1550 939 1590 in
959 1550 1113 1591 divinis
1132 1555 1233 1592 sunt

204 1625 292 1666 sine
318 1624 438 1665 initio
465 1636 598 1676 :ergo
632 1626 672 1663 et
708 1623 797 1662 sine
833 1621 1043 1675 principio
1083 1637 1090 1662 :
1127 1635 1231 1675 ergo

204 1695 460 1750 principium
479 1707 567 1736 non
586 1694 686 1735 dicit
704 1696 944 1746 respectum
966 1705 1158 1745 personae
1179 1695 1230 1736 ad

204 1780 426 1822 personam
449 1780 459 1808 ε
484 1778 588 1819 ergo
608 1777 696 1806 non
717 1764 918 1818 accipitur
938 1765 1228 1817 personaliter,

206 1840 296 1880 sive
315 1838 596 1880 notionaliter.

257 1913 295 1950 3.
319 1909 425 1950 Item
445 1909 558 1950 idem
579 1911 640 1949 est
671 1919 798 1948 causa
825 1910 866 1948 et
884 1907 1142 1960 principium
1158 1921 1228 1960 re,

204 1981 403 2023 differens
435 1981 622 2031 ratione,
654 1978 754 2032 quia
786 1978 1048 2032 principium
1077 1980 1231 2021 dicitur

201 2055 411 2106 quantum
431 2052 482 2093 ad
512 2051 620 2102 fieri,
649 2063 774 2091 causa
801 2053 1012 2103 quantum
1037 2052 1088 2092 ad
1109 2064 1197 2093 esse
1218 2067 1226 2093 :

201 2136 304 2176 ergo
329 2124 363 2164 si
393 2123 567 2176 majoris
598 2121 831 2163 nobilitatis
864 2125 926 2162 est
953 2134 1042 2163 esse
1062 2154 1071 2172 ,
1100 2136 1230 2176 quam

201 2195 306 2247 fieri,
327 2195 525 2249 proprius
544 2195 666 2235 debet
691 2194 749 2233 ibi
784 2193 915 2246 accipi
944 2194 1052 2235 ratio
1073 2207 1226 2246 causae,

201 2279 330 2320 quam
347 2265 545 2320 principii
570 2280 579 2306 ε
602 2265 674 2306 sed
693 2277 781 2305 non
799 2264 1003 2317 recipitur
1016 2265 1129 2318 quod
1142 2279 1229 2307 una

201 2350 380 2391 persona
399 2337 450 2377 sit
468 2349 594 2378 causa
612 2368 622 2387 ,
656 2338 696 2376 et
713 2335 795 2376 alia
824 2335 878 2375 sit
897 2335 1070 2376 effectus
1093 2351 1101 2377 :
1125 2349 1228 2389 ergo

201 2422 278 2450 nec
296 2409 419 2450 debet
434 2408 494 2449 ihi
508 2408 639 2461 recipi
658 2406 835 2448 intentio
855 2406 1065 2460 principii.

254 2484 293 2522 4.
318 2480 421 2522 Item
441 2480 550 2521 Deus
569 2483 629 2520 est
655 2499 675 2519 α
697 2482 734 2521 et
752 2499 791 2530 ω,
815 2479 1083 2532 principium
1106 2483 1146 2522 et
1171 2480 1227 2531 Ῑῑ-

200 2553 270 2594 m‘s
288 2553 314 2603 ³,
342 2555 383 2592 et
401 2554 634 2604 utrumque
662 2553 723 2592 est
747 2550 922 2603 aequaiis
953 2550 1187 2592 nobilitatis
1214 2566 1223 2592 ε

201 2623 271 2664 scd
291 2623 466 2664 intentio
487 2622 584 2662 finis
598 2621 657 2662 ita
675 2621 828 2662 dicitur
848 2621 898 2662 de
918 2621 1001 2662 Deo
1020 2623 1227 2663 essentia-

199 2694 308 2745 liter,
342 2693 457 2747 quod
483 2693 603 2734 nullo
632 2692 757 2732 modo
788 2692 1082 2744 personaliter;
1119 2693 1229 2734 Deus

201 2769 262 2806 est
281 2765 394 2805 enim
425 2765 483 2805 ita
517 2764 613 2804 finis
652 2766 881 2814 creaturae,
906 2764 1021 2816 quod
1050 2776 1138 2805 non
1167 2769 1229 2806 est

201 2835 297 2876 finis
319 2847 511 2888 personae
535 2849 544 2875 ε
566 2846 670 2887 ergo
700 2834 894 2875 similiter
925 2835 1094 2876 videtur
1115 2837 1227 2889 quod

201 2906 260 2946 ita
295 2909 356 2946 est
390 2906 651 2959 principium
685 2908 915 2956 creaturae,
952 2907 1066 2959 quod
1105 2909 1224 2950 nullo

201 2978 325 3019 modo
346 2978 397 3018 sit
426 2978 686 3031 principium
703 2988 910 3030 personae.

575 3136 878 3179 CONCLUSIO.

202 3247 382 3294 Principii
394 3258 518 3283 nomen
533 3247 661 3292 absque
679 3249 756 3283 ulla
771 3250 1039 3295 imperfectione
1055 3253 1229 3298 recipitur

248 3308 289 3341 in
308 3306 461 3352 divinis,
483 3306 680 3351 ibidemque
702 3310 775 3343 tum
803 3310 1058 3355 notionaliter,
1083 3313 1157 3346 tum
1178 3322 1227 3346 es-

248 3367 451 3402 sentialiter
469 3368 587 3413 accipi
599 3369 731 3412 potest.

258 3473 380 3527 Resp.
412 3475 465 3516 ad
490 3475 673 3528 Argum.
702 3474 933 3518 Dicendum
952 3478 1066 3530 quod
1093 3479 1136 3519 in
1166 3480 1224 3521 di-

248 3556 258 3576 ¹
275 3556 386 3598 Arist„
402 3558 525 3590 Poster.
546 3558 603 3590 lib.
627 3559 652 3600 1,
673 3560 764 3590 cont.
785 3559 876 3591 13.—-
895 3559 905 3577 ⁷
921 3559 1026 3601 Idem,
1043 3562 1226 3604 Meiaplzys.

949 249 1362 294 SENTENTIARUM
1390 248 1487 308 LIB.
1519 249 1551 290 Ι.

1305 339 1419 378 vinis
1438 342 1501 379 est
1518 350 1620 379 vera
1639 338 1776 389 origo,
1791 337 1879 377 sive
1897 337 2123 388 emanatio,
2140 349 2227 378 non
2240 341 2328 379 tan-

1310 412 1403 448 tum
1419 421 1536 459 vera,
1561 409 1632 449 sed
1661 409 1788 449 etiam
1808 407 2144 460 completissima.
2167 408 2229 448 Ad
2250 409 2331 450 hoc

1305 482 1450 520 autem
1479 480 1593 532 quod
1628 480 1679 521 sit
1707 478 2033 532 perfectissima,
2075 491 2243 520 necesse
2270 483 2331 520 est

1306 551 1417 603 quod
1432 563 1634 591 emanans
1651 550 1803 590 habeat
1816 562 1914 590 cum
1925 550 2179 602 producente.
2190 562 2330 604 aequa-

1305 622 1469 663 litatem
1499 621 1810 671 omnimodam,
1847 633 1895 660 ac
1927 620 2131 661 unitatem
2157 621 2202 661 in
2230 623 2332 662 sul]-

1306 693 1485 742 stantia,
1523 692 1623 744 quia
1650 692 1759 732 nihil
1786 695 1920 745 potest
1942 692 2103 744 aequari
2133 692 2216 733 Deo
2251 693 2331 733 nisi

1307 763 1416 804 Deus
1435 778 1443 803 :
1463 763 1497 803 si
1530 774 1634 815 ergo
1663 763 1873 804 emanatio
1892 766 1933 804 et
1958 763 2080 815 origo
2105 763 2226 804 debet
2257 776 2333 804 ex-

1306 834 1433 887 primi
1458 834 1758 875 convenienter
1778 836 1829 875 et'
1843 834 2044 875 catholice
2058 867 2068 884 ,
2091 834 2243 875 debent
2262 847 2332 875 re·-

1306 906 1388 958 cipi
1408 906 1583 946 nomina
1612 905 1790 945 dicentia
1822 906 2001 958 originis
2027 906 2273 955 veritatem,
2292 909 2333 947 et:

1305 990 1393 1018 non
1425 977 1555 1030 recipi
1588 976 1764 1016 nomina
1795 976 2064 1029 importantia
2110 977 2332 1030 imperfec-

1308 1049 1483 1098 tionem,
1502 1047 1569 1088 vel
1587 1047 1889 1096 diversitatem,
1903 1048 1970 1088 vel
1983 1049 2329 1101 inaequalitatem.

1307 1119 1518 1169 Quoniam
1535 1131 1638 1171 ergo
1661 1118 1673 1139 ¹¹
1695 1118 1954 1171 principium
1973 1122 2013 1159 et
2032 1120 2330 1173 principiatum

1306 1191 1451 1231 dicunt
1482 1190 1660 1242 originis
1699 1190 1947 1240 veritatem,
1975 1191 2068 1232 ideo
2102 1195 2333 1245 utrumque

1306 1262 1509 1315 recipitur
1528 1262 1572 1301 in
1599 1262 1763 1310 divinis,
1786 1262 1975 1302 maxime
1994 1266 2137 1303 autem
2158 1265 2332 1306 intentio

1306 1333 1516 1386 principii.
1544 1333 1624 1374 Sed
1653 1333 1857 1385 quoniam
1886 1333 2095 1386 posterius
2125 1335 2222 1376 dicit
2248 1336 2333 1376 im-

1306 1402 1602 1455 perfectionem
1620 1434 1630 1452 ,
1676 1404 1716 1441 et
1751 1401 1926 1441 initium
1973 1402 2164 1443 similiter
2186 1435 2196 1451 ,
2234 1405 2332 1456 quia

1307 1473 1703 1526 dicitimperfectam
1721 1473 2002 1523 durationem,
2020 1473 2174 1514 scilicet
2187 1474 2332 1528 incep-

1305 1545 1485 1595 tionem;
1500 1548 1540 1585 et
1554 1545 1730 1585 intentio
1746 1556 1884 1585 causae
1900 1544 2099 1597 importat
2110 1545 2333 1586 diversita-

1305 1617 1539 1669 tem,'quia
1559 1629 1686 1656 causa
1713 1620 1774 1656 est
1799 1616 1850 1656 ad
1879 1617 2003 1668 cujus
2029 1630 2118 1657 esse
2144 1618 2334 1670 sequitur

1306 1688 1441 1738 aliud3
1470 1691 1510 1729 et
1537 1688 1713 1728 intentio
1736 1688 1835 1728 finis
1854 1688 2202 1740 inaequalitatem,
2233 1689 2333 1742 quia

1306 1761 1404 1801 finis
1424 1760 1635 1800 meliorest
1652 1759 1719 1799 his
1738 1772 1834 1812 quae
1854 1762 1953 1799 sunt
1979 1760 2031 1800 ad
2050 1760 2180 1801 finem
2198 1776 2205 1801 :
2238 1761 2331 1802 ideo

1305 1844 1383 1873 nec
1401 1832 1578 1872 intentio
1604 1830 1756 1884 prioris
1777 1834 1818 1871 et
1844 1831 2099 1884 posterioris,
2131 1845 2210 1873 nec
2225 1833 2333 1874 initii

1306 1907 1346 1944 et
1365 1903 1530 1954 initiati,
1549 1915 1628 1943 nec
1648 1914 1788 1943 causae
1803 1905 1843 1943 et
1863 1903 2058 1954 effectus,
2081 1916 2159 1944 nec
2177 1905 2274 1945 finis
2293 1907 2335 1946 et

1305 1977 1397 2028 ejus
1418 1975 1531 2028 quod
1551 1978 1613 2015 est
1635 1974 1685 2014 ad
1705 1974 1850 2024 finem,
1874 1974 2072 2027 recipitur
2093 1975 2139 2015 in
2152 1988 2334 2028 persona

1304 2051 1496 2101 respectu
1505 2058 1715 2100 personae3
1733 2046 1802 2087 sed
1814 2046 1990 2086 intentio
2012 2047 2281 2099 producentis
2294 2050 2334 2088 et

1305 2120 1520 2172 producti,
1543 2119 1643 2171 quia
1661 2118 1855 2171 possibile
1886 2121 1947 2158 est
1969 2119 2081 2171 quod
2104 2119 2334 2172 productus

1305 2192 1357 2231 sit
1379 2203 1546 2231 summe
1559 2191 1783 2243 perfectus,
1799 2192 1840 2230 et
1855 2192 2050 2242 aequetur
2067 2190 2331 2242 producenti,

1304 2262 1397 2302 ideo
1418 2261 1620 2314 recipitur
1638 2261 1683 2300 in
1703 2260 1873 2310 divinis,
1891 2260 2083 2301 similiter
2099 2264 2140 2301 et
2158 2261 2333 2302 intentio

1303 2332 1517 2385 principii.

1359 2407 1397 2444 1.
1414 2404 1478 2444 Ad
1496 2403 1601 2444 illud
1621 2403 1735 2456 quod
1755 2403 1954 2456 objicitur
1968 2403 2081 2456 quod
2098 2403 2149 2443 ad
2176 2403 2335 2456 princi-

1304 2477 1425 2529 pium
1448 2475 1640 2528 sequitur
1670 2475 1803 2528 prius,
1824 2477 1865 2516 et
1884 2475 1935 2515 ad
1961 2475 2080 2528 prius
2108 2476 2332 2528 posterius,

1304 2549 1530 2590 dicendum
1551 2548 1679 2601 quod,
1702 2548 1810 2589 sicut
1832 2548 1985 2589 dicitur
2007 2549 2243 2590 secundum
2262 2549 2336 2589 Hi-

1303 2620 1460 2661 larium
1479 2624 1507 2669 5,
1529 2619 1651 2661 Pater
1672 2621 1810 2672 maJ'or
1840 2622 1903 2660 est
1929 2619 2058 2670 Filio,
2090 2632 2167 2660 nec
2193 2623 2334 2661 tamen

1305 2691 1438 2732 Filius
1482 2691 1637 2742 minor,
1677 2691 1778 2743 quia
1814 2694 1935 2731 sonat
1974 2691 2334 2744 imperfectionem

1305 2763 1399 2814 hoc,
1421 2763 1535 2816 quod
1554 2766 1615 2803 est
1635 2764 1776 2805 minor
1795 2762 1919 2804 :ideo
1938 2763 2136 2815 quamvis
2154 2763 2335 2816 recipia-

1304 2837 1375 2876 tur
1404 2834 1517 2888 quod
1543 2833 1665 2875 Pater
1696 2834 1748 2874 sit
1765 2834 1882 2887 prior
1902 2833 2008 2875 Filio
2023 2867 2032 2883 ,
2051 2834 2152 2887 quia
2171 2835 2248 2875 iste
2273 2838 2335 2875 est

1305 2907 1357 2947 ab
1376 2906 1463 2957 illo,
1479 2918 1567 2946 non
1585 2918 1606 2946 e
1620 2917 1824 2946 converso
1841 2918 1850 2956 3
1873 2907 2116 2945 nontamen
2133 2904 2334 2957 recipitur

1305 2980 1418 3032 quod
1443 2979 1518 3019 iste
1551 2978 1604 3018 sit
1635 2977 1856 3030 posterior.
1889 2977 2088 3017 Attamen
2124 2988 2202 3017 nec
2227 2976 2334 3017 ratio

1305 3050 1460 3103 prioris
1480 3049 1656 3090 omnino
1681 3048 1883 3101 recipitur
1903 3048 2092 3101 proprie,
2113 3047 2215 3100 quia
2233 3060 2334 3088 cum

1305 3122 1350 3162 in
1370 3121 1523 3163 divinis
1542 3121 1596 3161 sit
1612 3121 1715 3161 ordo
1733 3123 1774 3161 et
1794 3120 1931 3172 origo,
1953 3119 2152 3173 proprius
2171 3122 2234 3159 est
2252 3119 2331 3160 ori-

1306 3208 1386 3248 go,
1408 3198 1450 3236 et
1468 3195 1610 3235 minus
1634 3194 1803 3246 proprie
1831 3193 1934 3234 ordo
1951 3224 1961 3241 ,
1983 3204 2060 3232 nec
2078 3195 2140 3232 θεῖ
2165 3192 2245 3232 111ε1
2264 3205 2333 3233 εο-

1305 3267 1397 3308 lum
1414 3266 1578 3307 ratione
1594 3264 1785 3317 originis.
1813 3263 2022 3314 Quoniam
2045 3275 2149 3314 ergo
2171 3263 2332 3316 princi-

1306 3340 1426 3392 pium
1466 3336 1753 3390 principaliter
1780 3336 1980 3388 importat
2020 3334 2230 3385 originem
2246 3366 2257 3384 ,
2292 3337 2332 3375 et

1304 3421 1363 3452 lib.
1385 3422 1427 3461 Y,
1448 3421 1540 3451 cont.
1559 3422 1638 3450 2.-
1657 3419 1670 3440 3
1683 3419 1796 3459 Apoc„
1819 3426 1842 3456 1,
1858 3420 1888 3448 8.
1907 3433 1944 3438 —
1965 3416 1977 3437 4
1994 3418 2222 3448 Damascenus
2236 3417 2330 3457 prin—

1306 3469 1430 3509 cipium
1450 3469 1549 3498 vocat
1568 3467 1732 3507 majorem
1749 3469 1779 3497 et
1796 3473 1944 3504 causam,
1963 3464 2020 3495 lib.
2041 3466 2065 3504 Ι,
2085 3474 2114 3496 c.
2133 3473 2182 3503 tx,
2196 3464 2235 3495 cle
2250 3464 2330 3496 Fide

1304 3515 1433 3547 orthod.
1453 3532 1494 3538 —-
1514 3515 1526 3536 5
1539 3515 1657 3555 nilus„
1676 3514 1715 3545 de
1736 3514 1868 3551 Trinit„
1890 3512 1946 3544 lib.
1967 3512 2022 3553 lx,
2041 3515 2074 3544 et
2089 3513 2141 3545 ,Ιο-
2159 3514 2328 3553 Damaso„

1304 3564 1342 3596 cle
1357 3563 1440 3596 Fide
1460 3561 1600 3601 orthod„
1617 3562 1675 3593 lib.
1691 3562 1702 3593 I
1717 3584 1724 3601 ‚
1746 3570 1777 3593 c.
1794 3568 1840 3592 lx.
