<?xml version="1.0" encoding="UTF-8"?>
<!DOCTYPE html PUBLIC "-//W3C//DTD XHTML 1.0 Transitional//EN"
    "http://www.w3.org/TR/xhtml1/DTD/xhtml1-transitional.dtd">
<html xmlns="http://www.w3.org/1999/xhtml" xml:lang="en" lang="en">
 <head>
  <title>
</title>
<meta http-equiv="Content-Type" content="text/html;charset=utf-8" />
  <meta name='ocr-system' content='tesseract 3.04.00' />
  <meta name='ocr-capabilities' content='ocr_page ocr_carea ocr_par ocr_line ocrx_word'/>
</head>
<body>
  <div class='ocr_page' id='page_1' title='image "./operaomniasixtiv01bonauoft/operaomniasixtiv01bonauoft_0562.png"; bbox 0 0 2613 3990; ppageno 0'>
   <div class='ocr_carea' id='block_1_1' title="bbox 190 1865 327 1892">
    <p class='ocr_par' dir='ltr' id='par_1_1' title="bbox 190 1865 327 1892">
     <span class='ocr_line' id='line_1_1' title="bbox 190 1865 327 1892; baseline -0.015 0"><span class='ocrx_word' id='word_1_1' title='bbox 190 1865 327 1892; x_wconf 77' lang='lat' dir='ltr'>fundam.</span> 
     </span>
    </p>
   </div>
   <div class='ocr_carea' id='block_1_2' title="bbox 343 267 1374 1477">
    <p class='ocr_par' dir='ltr' id='par_1_2' title="bbox 353 267 430 304">
     <span class='ocr_line' id='line_1_2' title="bbox 353 267 430 304; baseline 0 -1"><span class='ocrx_word' id='word_1_2' title='bbox 353 267 430 304; x_wconf 75' lang='lat'>460</span> 
     </span>
    </p>

    <p class='ocr_par' dir='ltr' id='par_1_3' title="bbox 343 351 1374 1477">
     <span class='ocr_line' id='line_1_3' title="bbox 395 351 1366 406; baseline 0 -15"><span class='ocrx_word' id='word_1_3' title='bbox 395 355 435 391; x_wconf 77' lang='lat'>4.</span> <span class='ocrx_word' id='word_1_4' title='bbox 456 352 520 392; x_wconf 91' lang='lat' dir='ltr'>Ad</span> <span class='ocrx_word' id='word_1_5' title='bbox 550 352 655 393; x_wconf 90' lang='lat' dir='ltr'>illud</span> <span class='ocrx_word' id='word_1_6' title='bbox 684 353 795 406; x_wconf 86' lang='lat' dir='ltr'>quod</span> <span class='ocrx_word' id='word_1_7' title='bbox 827 352 1023 404; x_wconf 86' lang='lat' dir='ltr'>objicitur</span> <span class='ocrx_word' id='word_1_8' title='bbox 1045 351 1218 399; x_wconf 87' lang='lat' dir='ltr'>ultimo,</span> <span class='ocrx_word' id='word_1_9' title='bbox 1253 351 1366 403; x_wconf 90' lang='lat' dir='ltr'>quod</span> 
     </span>
     <span class='ocr_line' id='line_1_4' title="bbox 343 422 1365 475; baseline -0.002 -12"><span class='ocrx_word' id='word_1_10' title='bbox 343 423 441 464; x_wconf 89' lang='lat' dir='ltr'>dicit</span> <span class='ocrx_word' id='word_1_11' title='bbox 461 422 728 474; x_wconf 83' lang='lat' dir='ltr'>1·elationem;</span> <span class='ocrx_word' id='word_1_12' title='bbox 746 423 971 464; x_wconf 82' lang='lat' dir='ltr'>dicendum</span> <span class='ocrx_word' id='word_1_13' title='bbox 985 423 1112 475; x_wconf 89' lang='lat' dir='ltr'>quod,</span> <span class='ocrx_word' id='word_1_14' title='bbox 1132 422 1365 462; x_wconf 87' lang='lat' dir='ltr'>secundum</span> 
     </span>
     <span class='ocr_line' id='line_1_5' title="bbox 343 493 1366 547; baseline -0.002 -13"><span class='ocrx_word' id='word_1_15' title='bbox 343 494 453 546; x_wconf 82' lang='lat' dir='ltr'>quod</span> <span class='ocrx_word' id='word_1_16' title='bbox 474 495 673 547; x_wconf 75' lang='lat' dir='ltr'>importat</span> <span class='ocrx_word' id='word_1_17' title='bbox 695 495 937 535; x_wconf 77' lang='lat' dir='ltr'>relationem</span> <span class='ocrx_word' id='word_1_18' title='bbox 959 494 1167 545; x_wconf 78' lang='lat' dir='ltr'>privative</span> <span class='ocrx_word' id='word_1_19' title='bbox 1183 525 1192 541; x_wconf 94' lang='lat'>,</span> <span class='ocrx_word' id='word_1_20' title='bbox 1214 493 1366 533; x_wconf 87' lang='lat' dir='ltr'>dicitur</span> 
     </span>
     <span class='ocr_line' id='line_1_6' title="bbox 343 564 1366 618; baseline -0.002 -12"><span class='ocrx_word' id='word_1_21' title='bbox 343 569 533 618; x_wconf 89' lang='lat' dir='ltr'>respectu</span> <span class='ocrx_word' id='word_1_22' title='bbox 560 566 752 618; x_wconf 86' lang='lat' dir='ltr'>principii</span> <span class='ocrx_word' id='word_1_23' title='bbox 772 580 781 615; x_wconf 82' lang='lat'><em>3</em></span> <span class='ocrx_word' id='word_1_24' title='bbox 804 569 844 605; x_wconf 89' lang='lat' dir='ltr'>et</span> <span class='ocrx_word' id='word_1_25' title='bbox 874 577 926 604; x_wconf 76' lang='lat' dir='ltr'>ex</span> <span class='ocrx_word' id='word_1_26' title='bbox 953 565 1033 604; x_wconf 91' lang='grc'><strong>1100</strong></span> <span class='ocrx_word' id='word_1_27' title='bbox 1058 577 1145 605; x_wconf 89' lang='grc'><strong>11011</strong></span> <span class='ocrx_word' id='word_1_28' title='bbox 1175 564 1366 616; x_wconf 89' lang='lat' dir='ltr'>sequitur</span> 
     </span>
     <span class='ocr_line' id='line_1_7' title="bbox 343 635 1367 690; baseline -0.001 -13"><span class='ocrx_word' id='word_1_29' title='bbox 343 637 454 690; x_wconf 88' lang='lat' dir='ltr'>quod</span> <span class='ocrx_word' id='word_1_30' title='bbox 489 636 610 677; x_wconf 86' lang='lat' dir='ltr'>Pater</span> <span class='ocrx_word' id='word_1_31' title='bbox 635 636 786 676; x_wconf 87' lang='lat' dir='ltr'>habeat</span> <span class='ocrx_word' id='word_1_32' title='bbox 819 635 1074 688; x_wconf 88' lang='lat' dir='ltr'>principium</span> <span class='ocrx_word' id='word_1_33' title='bbox 1105 650 1113 676; x_wconf 90' lang='lat'>:</span> <span class='ocrx_word' id='word_1_34' title='bbox 1140 635 1225 675; x_wconf 85' lang='lat' dir='ltr'>imo</span> <span class='ocrx_word' id='word_1_35' title='bbox 1255 635 1367 688; x_wconf 87' lang='lat' dir='ltr'>quod</span> 
     </span>
     <span class='ocr_line' id='line_1_8' title="bbox 343 707 1367 759; baseline -0.001 -12"><span class='ocrx_word' id='word_1_36' title='bbox 343 720 429 748; x_wconf 89' lang='lat' dir='ltr'>non</span> <span class='ocrx_word' id='word_1_37' title='bbox 449 708 625 757; x_wconf 77' lang='lat' dir='ltr'>habeat3</span> <span class='ocrx_word' id='word_1_38' title='bbox 649 707 749 759; x_wconf 83' lang='lat' dir='ltr'>quia</span> <span class='ocrx_word' id='word_1_39' title='bbox 766 719 851 747; x_wconf 93' lang='grc'><strong>11011</strong></span> <span class='ocrx_word' id='word_1_40' title='bbox 866 707 1017 747; x_wconf 91' lang='lat' dir='ltr'>dicitur</span> <span class='ocrx_word' id='word_1_41' title='bbox 1036 707 1270 747; x_wconf 86' lang='lat' dir='ltr'>secundum</span> <span class='ocrx_word' id='word_1_42' title='bbox 1290 718 1367 759; x_wconf 86' lang='lat' dir='ltr'>po-</span> 
     </span>
     <span class='ocr_line' id='line_1_9' title="bbox 345 776 1368 827; baseline 0 -8"><span class='ocrx_word' id='word_1_43' title='bbox 345 779 537 819; x_wconf 87' lang='lat' dir='ltr'>sitionem</span> <span class='ocrx_word' id='word_1_44' title='bbox 552 811 561 827; x_wconf 95' lang='lat'>,</span> <span class='ocrx_word' id='word_1_45' title='bbox 585 778 655 818; x_wconf 91' lang='lat' dir='ltr'>sed</span> <span class='ocrx_word' id='word_1_46' title='bbox 676 778 908 818; x_wconf 88' lang='lat' dir='ltr'>secundum</span> <span class='ocrx_word' id='word_1_47' title='bbox 929 777 1226 818; x_wconf 81' lang='lat' dir='ltr'>remotionem.</span> <span class='ocrx_word' id='word_1_48' title='bbox 1251 776 1368 818; x_wconf 84' lang='lat' dir='ltr'>Unde</span> 
     </span>
     <span class='ocr_line' id='line_1_10' title="bbox 344 849 1370 901; baseline -0.002 -11"><span class='ocrx_word' id='word_1_49' title='bbox 344 851 449 890; x_wconf 89' lang='lat' dir='ltr'>bene</span> <span class='ocrx_word' id='word_1_50' title='bbox 469 850 567 889; x_wconf 83' lang='lat' dir='ltr'>dicit</span> <span class='ocrx_word' id='word_1_51' title='bbox 584 849 853 901; x_wconf 80' lang='lat' dir='ltr'>Augustinus</span> <span class='ocrx_word' id='word_1_52' title='bbox 867 853 896 897; x_wconf 86' lang='lat'>¹,</span> <span class='ocrx_word' id='word_1_53' title='bbox 913 849 1025 901; x_wconf 90' lang='lat' dir='ltr'>quod</span> <span class='ocrx_word' id='word_1_54' title='bbox 1045 849 1201 889; x_wconf 88' lang='lat' dir='ltr'>dicitur</span> <span class='ocrx_word' id='word_1_55' title='bbox 1215 849 1266 889; x_wconf 89' lang='lat' dir='ltr'>ad</span> <span class='ocrx_word' id='word_1_56' title='bbox 1283 861 1370 888; x_wconf 88' lang='lat' dir='ltr'>non</span> 
     </span>
     <span class='ocr_line' id='line_1_11' title="bbox 343 920 1370 973; baseline -0.001 -12"><span class='ocrx_word' id='word_1_57' title='bbox 343 922 600 973; x_wconf 72' lang='lat' dir='ltr'>genitorem,</span> <span class='ocrx_word' id='word_1_58' title='bbox 620 920 719 973; x_wconf 86' lang='lat' dir='ltr'>quia</span> <span class='ocrx_word' id='word_1_59' title='bbox 749 921 968 973; x_wconf 68' lang='lat' dir='ltr'>inqenitus</span> <span class='ocrx_word' id='word_1_60' title='bbox 988 920 1199 972; x_wconf 80' lang='lat' dir='ltr'>significat</span> <span class='ocrx_word' id='word_1_61' title='bbox 1225 932 1370 960; x_wconf 86' lang='lat' dir='ltr'>remo—</span> 
     </span>
     <span class='ocr_line' id='line_1_12' title="bbox 344 992 1371 1044; baseline -0.001 -12"><span class='ocrx_word' id='word_1_62' title='bbox 344 993 498 1033; x_wconf 87' lang='lat' dir='ltr'>tionem</span> <span class='ocrx_word' id='word_1_63' title='bbox 523 992 739 1043; x_wconf 70' lang='lat' dir='ltr'>genitoris.</span> <span class='ocrx_word' id='word_1_64' title='bbox 765 992 1009 1032; x_wconf 81' lang='lat' dir='ltr'>Secundum</span> <span class='ocrx_word' id='word_1_65' title='bbox 1029 1004 1130 1032; x_wconf 88' lang='lat' dir='ltr'>vero</span> <span class='ocrx_word' id='word_1_66' title='bbox 1151 992 1264 1044; x_wconf 87' lang='lat' dir='ltr'>quod</span> <span class='ocrx_word' id='word_1_67' title='bbox 1285 993 1371 1032; x_wconf 83' lang='grc'><strong>1111--</strong></span> 
     </span>
     <span class='ocr_line' id='line_1_13' title="bbox 344 1066 1368 1118; baseline 0 -13"><span class='ocrx_word' id='word_1_68' title='bbox 344 1069 477 1118; x_wconf 82' lang='lat' dir='ltr'>portat</span> <span class='ocrx_word' id='word_1_69' title='bbox 494 1066 738 1105; x_wconf 76' lang='lat' dir='ltr'>relationem</span> <span class='ocrx_word' id='word_1_70' title='bbox 753 1066 944 1118; x_wconf 74' lang='lat' dir='ltr'>positive,</span> <span class='ocrx_word' id='word_1_71' title='bbox 959 1069 998 1105; x_wconf 88' lang='lat' dir='ltr'>et</span> <span class='ocrx_word' id='word_1_72' title='bbox 1012 1078 1064 1106; x_wconf 85' lang='lat' dir='ltr'>ex</span> <span class='ocrx_word' id='word_1_73' title='bbox 1080 1066 1368 1118; x_wconf 87' lang='lat' dir='ltr'>consequenti,</span> 
     </span>
     <span class='ocr_line' id='line_1_14' title="bbox 344 1136 1372 1189; baseline 0.002 -14"><span class='ocrx_word' id='word_1_74' title='bbox 344 1137 401 1176; x_wconf 92' lang='lat' dir='ltr'>sic</span> <span class='ocrx_word' id='word_1_75' title='bbox 428 1139 619 1189; x_wconf 86' lang='lat' dir='ltr'>respectu</span> <span class='ocrx_word' id='word_1_76' title='bbox 645 1137 884 1189; x_wconf 84' lang='lat' dir='ltr'>principiati</span> <span class='ocrx_word' id='word_1_77' title='bbox 909 1152 916 1177; x_wconf 93' lang='lat'>:</span> <span class='ocrx_word' id='word_1_78' title='bbox 941 1140 981 1177; x_wconf 86' lang='lat' dir='ltr'>et</span> <span class='ocrx_word' id='word_1_79' title='bbox 1012 1136 1070 1176; x_wconf 87' lang='lat' dir='ltr'>sic</span> <span class='ocrx_word' id='word_1_80' title='bbox 1102 1149 1188 1177; x_wconf 84' lang='lat' dir='ltr'>non</span> <span class='ocrx_word' id='word_1_81' title='bbox 1222 1139 1283 1177; x_wconf 91' lang='lat' dir='ltr'>est</span> <span class='ocrx_word' id='word_1_82' title='bbox 1303 1137 1372 1177; x_wconf 90' lang='lat' dir='ltr'>in-</span> 
     </span>
     <span class='ocr_line' id='line_1_15' title="bbox 344 1207 1370 1260; baseline 0.001 -13"><span class='ocrx_word' id='word_1_83' title='bbox 344 1208 622 1255; x_wconf 85' lang='lat' dir='ltr'>conveniens,</span> <span class='ocrx_word' id='word_1_84' title='bbox 658 1208 771 1260; x_wconf 83' lang='lat' dir='ltr'>quod</span> <span class='ocrx_word' id='word_1_85' title='bbox 802 1207 973 1260; x_wconf 77' lang='lat' dir='ltr'>aliquod</span> <span class='ocrx_word' id='word_1_86' title='bbox 1002 1220 1160 1248; x_wconf 88' lang='lat' dir='ltr'>nomen</span> <span class='ocrx_word' id='word_1_87' title='bbox 1191 1208 1370 1260; x_wconf 89' lang='lat' dir='ltr'>privati-</span> 
     </span>
     <span class='ocr_line' id='line_1_16' title="bbox 344 1281 1374 1336; baseline 0.003 -15"><span class='ocrx_word' id='word_1_88' title='bbox 344 1294 447 1322; x_wconf 86' lang='lat' dir='ltr'>vum</span> <span class='ocrx_word' id='word_1_89' title='bbox 469 1281 629 1334; x_wconf 87' lang='lat' dir='ltr'>aliquid</span> <span class='ocrx_word' id='word_1_90' title='bbox 649 1294 703 1322; x_wconf 81' lang='lat' dir='ltr'>ex</span> <span class='ocrx_word' id='word_1_91' title='bbox 726 1281 998 1334; x_wconf 82' lang='lat' dir='ltr'>consequenti</span> <span class='ocrx_word' id='word_1_92' title='bbox 1019 1281 1237 1335; x_wconf 84' lang='lat' dir='ltr'>importet,</span> <span class='ocrx_word' id='word_1_93' title='bbox 1259 1283 1374 1336; x_wconf 89' lang='lat' dir='ltr'>quod</span> 
     </span>
     <span class='ocr_line' id='line_1_17' title="bbox 345 1352 1366 1407; baseline 0.002 -14"><span class='ocrx_word' id='word_1_94' title='bbox 345 1365 432 1393; x_wconf 92' lang='lat' dir='ltr'>non</span> <span class='ocrx_word' id='word_1_95' title='bbox 451 1353 649 1406; x_wconf 78' lang='lat' dir='ltr'>importat</span> <span class='ocrx_word' id='word_1_96' title='bbox 668 1352 972 1393; x_wconf 79' lang='lat' dir='ltr'>affirmativum</span> <span class='ocrx_word' id='word_1_97' title='bbox 999 1353 1077 1393; x_wconf 90' lang='lat' dir='ltr'>sibi</span> <span class='ocrx_word' id='word_1_98' title='bbox 1097 1354 1336 1407; x_wconf 86' lang='lat' dir='ltr'>oppositum</span> <span class='ocrx_word' id='word_1_99' title='bbox 1359 1370 1366 1395; x_wconf 93' lang='lat'>:</span> 
     </span>
     <span class='ocr_line' id='line_1_18' title="bbox 346 1424 812 1477; baseline -0.004 -12"><span class='ocrx_word' id='word_1_100' title='bbox 346 1427 387 1465; x_wconf 87' lang='lat' dir='ltr'>et</span> <span class='ocrx_word' id='word_1_101' title='bbox 405 1424 463 1465; x_wconf 91' lang='grc'>510</span> <span class='ocrx_word' id='word_1_102' title='bbox 483 1427 627 1477; x_wconf 88' lang='lat' dir='ltr'>patent</span> <span class='ocrx_word' id='word_1_103' title='bbox 647 1427 812 1464; x_wconf 84' lang='lat' dir='ltr'>caetera.</span> 
     </span>
    </p>
   </div>
   <div class='ocr_carea' id='block_1_3' title="bbox 705 1581 1026 1633">
    <p class='ocr_par' dir='ltr' id='par_1_4' title="bbox 705 1581 1026 1633">
     <span class='ocr_line' id='line_1_19' title="bbox 705 1581 1026 1633; baseline 0 -10"><span class='ocrx_word' id='word_1_104' title='bbox 705 1581 942 1633; x_wconf 75' lang='lat' dir='ltr'>QUAEsrio</span> <span class='ocrx_word' id='word_1_105' title='bbox 975 1582 1026 1623; x_wconf 89' lang='lat'>11.</span> 
     </span>
    </p>
   </div>
   <div class='ocr_carea' id='block_1_4' title="bbox 347 1684 1378 1791">
    <p class='ocr_par' dir='ltr' id='par_1_5' title="bbox 347 1684 1378 1791">
     <span class='ocr_line' id='line_1_20' title="bbox 347 1684 1378 1731; baseline 0 -10"><span class='ocrx_word' id='word_1_106' title='bbox 347 1686 408 1721; x_wconf 83' lang='lat' dir='ltr'>An</span> <span class='ocrx_word' id='word_1_107' title='bbox 440 1685 709 1721; x_wconf 70' lang='lat' dir='ltr'>innascibilitas</span> <span class='ocrx_word' id='word_1_108' title='bbox 737 1684 889 1720; x_wconf 81' lang='lat' dir='ltr'>eamdem</span> <span class='ocrx_word' id='word_1_109' title='bbox 921 1685 1132 1720; x_wconf 69' lang='lat' dir='ltr'>relationem</span> <span class='ocrx_word' id='word_1_110' title='bbox 1153 1685 1250 1721; x_wconf 82' lang='lat' dir='ltr'>dicat</span> <span class='ocrx_word' id='word_1_111' title='bbox 1273 1696 1378 1731; x_wconf 74' lang='lat' dir='ltr'>quam</span> 
     </span>
     <span class='ocr_line' id='line_1_21' title="bbox 736 1744 984 1791; baseline 0 -11"><span class='ocrx_word' id='word_1_112' title='bbox 736 1746 943 1791; x_wconf 72' lang='lat' dir='ltr'>paternitas</span> <span class='ocrx_word' id='word_1_113' title='bbox 958 1744 984 1780; x_wconf 70' lang='lat'>⁶³.</span> 
     </span>
    </p>
   </div>
   <div class='ocr_carea' id='block_1_5' title="bbox 347 1851 1389 3477">
    <p class='ocr_par' dir='ltr' id='par_1_6' title="bbox 347 1851 1382 2476">
     <span class='ocr_line' id='line_1_22' title="bbox 402 1851 1376 1904; baseline 0.001 -11"><span class='ocrx_word' id='word_1_114' title='bbox 402 1851 625 1904; x_wconf 86' lang='lat' dir='ltr'>Supposito</span> <span class='ocrx_word' id='word_1_115' title='bbox 653 1851 767 1903; x_wconf 89' lang='lat' dir='ltr'>quod</span> <span class='ocrx_word' id='word_1_116' title='bbox 798 1851 879 1891; x_wconf 89' lang='lat' dir='ltr'>hoc</span> <span class='ocrx_word' id='word_1_117' title='bbox 911 1862 1092 1901; x_wconf 90' lang='lat' dir='ltr'>nomen,</span> <span class='ocrx_word' id='word_1_118' title='bbox 1129 1851 1376 1904; x_wconf 59' lang='lat' dir='ltr'>myterium,</span> 
     </span>
     <span class='ocr_line' id='line_1_23' title="bbox 350 1922 1380 1974; baseline 0 -11"><span class='ocrx_word' id='word_1_119' title='bbox 350 1922 512 1963; x_wconf 90' lang='lat' dir='ltr'>dicatur</span> <span class='ocrx_word' id='word_1_120' title='bbox 564 1922 799 1963; x_wconf 91' lang='lat' dir='ltr'>secundum</span> <span class='ocrx_word' id='word_1_121' title='bbox 844 1922 1093 1963; x_wconf 84' lang='lat' dir='ltr'>relationem</span> <span class='ocrx_word' id='word_1_122' title='bbox 1111 1954 1120 1971; x_wconf 92' lang='lat'>‚</span> <span class='ocrx_word' id='word_1_123' title='bbox 1173 1922 1380 1974; x_wconf 82' lang='lat' dir='ltr'>quaeritur</span> 
     </span>
     <span class='ocr_line' id='line_1_24' title="bbox 348 1993 1380 2047; baseline 0 -13"><span class='ocrx_word' id='word_1_124' title='bbox 348 1996 494 2035; x_wconf 85' lang='lat' dir='ltr'>utrum</span> <span class='ocrx_word' id='word_1_125' title='bbox 518 1993 716 2046; x_wconf 87' lang='lat' dir='ltr'>importet</span> <span class='ocrx_word' id='word_1_126' title='bbox 748 1993 941 2034; x_wconf 89' lang='lat' dir='ltr'>eamdem</span> <span class='ocrx_word' id='word_1_127' title='bbox 969 1993 1218 2034; x_wconf 81' lang='lat' dir='ltr'>relationem</span> <span class='ocrx_word' id='word_1_128' title='bbox 1249 2006 1380 2047; x_wconf 87' lang='lat' dir='ltr'>quam</span> 
     </span>
     <span class='ocr_line' id='line_1_25' title="bbox 347 2064 1382 2115; baseline 0.001 -10"><span class='ocrx_word' id='word_1_129' title='bbox 347 2065 427 2106; x_wconf 90' lang='lat' dir='ltr'>hoc</span> <span class='ocrx_word' id='word_1_130' title='bbox 445 2077 616 2115; x_wconf 90' lang='lat' dir='ltr'>nomen,</span> <span class='ocrx_word' id='word_1_131' title='bbox 640 2065 786 2115; x_wconf 79' lang='lat' dir='ltr'>Pater,</span> <span class='ocrx_word' id='word_1_132' title='bbox 808 2067 956 2105; x_wconf 88' lang='lat' dir='ltr'>utrum</span> <span class='ocrx_word' id='word_1_133' title='bbox 976 2064 1132 2105; x_wconf 87' lang='grc'><strong>50111001</strong></span> <span class='ocrx_word' id='word_1_134' title='bbox 1151 2065 1298 2106; x_wconf 88' lang='lat' dir='ltr'>eadem</span> <span class='ocrx_word' id='word_1_135' title='bbox 1318 2077 1382 2106; x_wconf 88' lang='lat' dir='ltr'>re-</span> 
     </span>
     <span class='ocr_line' id='line_1_26' title="bbox 347 2135 1379 2189; baseline 0.001 -13"><span class='ocrx_word' id='word_1_136' title='bbox 347 2136 446 2177; x_wconf 89' lang='lat' dir='ltr'>latio</span> <span class='ocrx_word' id='word_1_137' title='bbox 466 2136 519 2176; x_wconf 89' lang='lat' dir='ltr'>sit</span> <span class='ocrx_word' id='word_1_138' title='bbox 539 2136 857 2186; x_wconf 77' lang='lat' dir='ltr'>innascibilitas,</span> <span class='ocrx_word' id='word_1_139' title='bbox 874 2139 915 2176; x_wconf 89' lang='lat' dir='ltr'>et</span> <span class='ocrx_word' id='word_1_140' title='bbox 934 2135 1180 2189; x_wconf 88' lang='lat' dir='ltr'>paternitas.</span> <span class='ocrx_word' id='word_1_141' title='bbox 1201 2136 1250 2176; x_wconf 84' lang='lat' dir='ltr'>Et</span> <span class='ocrx_word' id='word_1_142' title='bbox 1265 2137 1379 2189; x_wconf 89' lang='lat' dir='ltr'>quod</span> 
     </span>
     <span class='ocr_line' id='line_1_27' title="bbox 348 2208 1379 2260; baseline 0 -12"><span class='ocrx_word' id='word_1_143' title='bbox 348 2220 450 2257; x_wconf 79' lang='lat' dir='ltr'>non,</span> <span class='ocrx_word' id='word_1_144' title='bbox 474 2208 710 2248; x_wconf 83' lang='lat' dir='ltr'>ostenditur</span> <span class='ocrx_word' id='word_1_145' title='bbox 729 2208 786 2248; x_wconf 86' lang='lat' dir='ltr'>sic</span> <span class='ocrx_word' id='word_1_146' title='bbox 817 2220 891 2260; x_wconf 89' lang='lat' dir='ltr'>per</span> <span class='ocrx_word' id='word_1_147' title='bbox 915 2208 1232 2260; x_wconf 89' lang='lat' dir='ltr'>Augustinum,</span> <span class='ocrx_word' id='word_1_148' title='bbox 1263 2208 1308 2247; x_wconf 92' lang='lat' dir='ltr'>in</span> <span class='ocrx_word' id='word_1_149' title='bbox 1328 2208 1379 2248; x_wconf 89' lang='lat' dir='ltr'>li—</span> 
     </span>
     <span class='ocr_line' id='line_1_28' title="bbox 347 2279 1377 2322; baseline 0 -2"><span class='ocrx_word' id='word_1_150' title='bbox 347 2280 423 2320; x_wconf 87' lang='lat' dir='ltr'>bro</span> <span class='ocrx_word' id='word_1_151' title='bbox 456 2279 507 2321; x_wconf 79' lang='lat' dir='ltr'>de</span> <span class='ocrx_word' id='word_1_152' title='bbox 538 2280 748 2322; x_wconf 72' lang='lat' dir='ltr'>Trmnate</span> <span class='ocrx_word' id='word_1_153' title='bbox 767 2283 780 2304; x_wconf 75' lang='lat'><strong>³</strong></span> <span class='ocrx_word' id='word_1_154' title='bbox 798 2294 812 2321; x_wconf 93' lang='lat'>.·</span> <span class='ocrx_word' id='word_1_155' title='bbox 838 2279 995 2319; x_wconf 85' lang='lat' dir='ltr'>«Aliud</span> <span class='ocrx_word' id='word_1_156' title='bbox 1015 2282 1077 2320; x_wconf 89' lang='lat' dir='ltr'>est</span> <span class='ocrx_word' id='word_1_157' title='bbox 1095 2280 1265 2321; x_wconf 77' lang='lat' dir='ltr'>Patrem</span> <span class='ocrx_word' id='word_1_158' title='bbox 1288 2292 1377 2320; x_wconf 88' lang='lat' dir='ltr'>esse</span> 
     </span>
     <span class='ocr_line' id='line_1_29' title="bbox 348 2351 1377 2404; baseline -0.001 -12"><span class='ocrx_word' id='word_1_159' title='bbox 348 2352 499 2401; x_wconf 86' lang='lat' dir='ltr'>dicere,</span> <span class='ocrx_word' id='word_1_160' title='bbox 521 2354 562 2392; x_wconf 90' lang='lat' dir='ltr'>et</span> <span class='ocrx_word' id='word_1_161' title='bbox 575 2351 687 2391; x_wconf 88' lang='lat' dir='ltr'>aliud</span> <span class='ocrx_word' id='word_1_162' title='bbox 702 2353 942 2404; x_wconf 73' lang='lat' dir='ltr'>inqenz&#39;tnm</span> <span class='ocrx_word' id='word_1_163' title='bbox 964 2364 977 2390; x_wconf 88' lang='lat'>.·</span> <span class='ocrx_word' id='word_1_164' title='bbox 995 2365 1014 2388; x_wconf 90' lang='lat'>»</span> <span class='ocrx_word' id='word_1_165' title='bbox 1034 2351 1105 2391; x_wconf 89' lang='lat' dir='ltr'>sed</span> <span class='ocrx_word' id='word_1_166' title='bbox 1120 2363 1210 2391; x_wconf 88' lang='lat' dir='ltr'>non</span> <span class='ocrx_word' id='word_1_167' title='bbox 1225 2364 1377 2392; x_wconf 90' lang='lat' dir='ltr'>secun-</span> 
     </span>
     <span class='ocr_line' id='line_1_30' title="bbox 348 2423 1379 2476; baseline -0.002 -12"><span class='ocrx_word' id='word_1_168' title='bbox 348 2424 451 2464; x_wconf 89' lang='lat' dir='ltr'>dum</span> <span class='ocrx_word' id='word_1_169' title='bbox 469 2424 693 2464; x_wconf 77' lang='lat' dir='ltr'>essentiam</span> <span class='ocrx_word' id='word_1_170' title='bbox 708 2436 833 2476; x_wconf 88' lang='lat' dir='ltr'>:ergo</span> <span class='ocrx_word' id='word_1_171' title='bbox 854 2423 1091 2464; x_wconf 88' lang='lat' dir='ltr'>secundum</span> <span class='ocrx_word' id='word_1_172' title='bbox 1111 2423 1379 2463; x_wconf 83' lang='lat' dir='ltr'>relationem.</span> 
     </span>
    </p>

    <p class='ocr_par' dir='ltr' id='par_1_7' title="bbox 349 2495 1384 2966">
     <span class='ocr_line' id='line_1_31' title="bbox 402 2495 1381 2548; baseline 0 -12"><span class='ocrx_word' id='word_1_173' title='bbox 402 2495 505 2536; x_wconf 88' lang='lat' dir='ltr'>Item</span> <span class='ocrx_word' id='word_1_174' title='bbox 525 2496 606 2536; x_wconf 88' lang='grc' dir='ltr'>11οο</span> <span class='ocrx_word' id='word_1_175' title='bbox 626 2496 794 2536; x_wconf 84' lang='lat' dir='ltr'>videtur</span> <span class='ocrx_word' id='word_1_176' title='bbox 817 2507 892 2548; x_wconf 89' lang='lat' dir='ltr'>per</span> <span class='ocrx_word' id='word_1_177' title='bbox 911 2495 1140 2546; x_wconf 89' lang='lat' dir='ltr'>rationem,</span> <span class='ocrx_word' id='word_1_178' title='bbox 1163 2495 1266 2547; x_wconf 90' lang='lat' dir='ltr'>quia</span> <span class='ocrx_word' id='word_1_179' title='bbox 1288 2507 1381 2548; x_wconf 86' lang='lat' dir='ltr'>pos-</span> 
     </span>
     <span class='ocr_line' id='line_1_32' title="bbox 349 2567 1378 2620; baseline 0 -13"><span class='ocrx_word' id='word_1_180' title='bbox 349 2567 469 2608; x_wconf 84' lang='lat' dir='ltr'>sibile</span> <span class='ocrx_word' id='word_1_181' title='bbox 487 2571 548 2608; x_wconf 90' lang='lat' dir='ltr'>est</span> <span class='ocrx_word' id='word_1_182' title='bbox 579 2568 765 2620; x_wconf 86' lang='lat' dir='ltr'>aliquem</span> <span class='ocrx_word' id='word_1_183' title='bbox 795 2567 975 2618; x_wconf 79' lang='lat' dir='ltr'>intelligi</span> <span class='ocrx_word' id='word_1_184' title='bbox 1004 2579 1092 2607; x_wconf 89' lang='lat' dir='ltr'>esse</span> <span class='ocrx_word' id='word_1_185' title='bbox 1112 2567 1378 2619; x_wconf 83' lang='lat' dir='ltr'>ingenitum,</span> 
     </span>
     <span class='ocr_line' id='line_1_33' title="bbox 350 2638 1378 2692; baseline 0 -13"><span class='ocrx_word' id='word_1_186' title='bbox 350 2642 391 2679; x_wconf 86' lang='lat' dir='ltr'>et</span> <span class='ocrx_word' id='word_1_187' title='bbox 412 2651 498 2679; x_wconf 90' lang='lat' dir='ltr'>non</span> <span class='ocrx_word' id='word_1_188' title='bbox 529 2651 617 2680; x_wconf 83' lang='lat' dir='ltr'>esse</span> <span class='ocrx_word' id='word_1_189' title='bbox 642 2641 826 2692; x_wconf 88' lang='lat' dir='ltr'>patrem,</span> <span class='ocrx_word' id='word_1_190' title='bbox 859 2642 906 2679; x_wconf 87' lang='lat' dir='ltr'>ut</span> <span class='ocrx_word' id='word_1_191' title='bbox 926 2639 970 2678; x_wconf 88' lang='lat' dir='ltr'>in</span> <span class='ocrx_word' id='word_1_192' title='bbox 990 2638 1150 2689; x_wconf 81' lang='lat' dir='ltr'>Adam3</span> <span class='ocrx_word' id='word_1_193' title='bbox 1174 2643 1214 2679; x_wconf 90' lang='lat' dir='ltr'>et</span> <span class='ocrx_word' id='word_1_194' title='bbox 1233 2652 1255 2679; x_wconf 90' lang='lat' dir='ltr'>e</span> <span class='ocrx_word' id='word_1_195' title='bbox 1276 2651 1378 2680; x_wconf 86' lang='lat' dir='ltr'>con-</span> 
     </span>
     <span class='ocr_line' id='line_1_34' title="bbox 350 2710 1379 2764; baseline 0 -13"><span class='ocrx_word' id='word_1_196' title='bbox 350 2723 486 2761; x_wconf 89' lang='lat' dir='ltr'>verso,</span> <span class='ocrx_word' id='word_1_197' title='bbox 506 2713 554 2751; x_wconf 90' lang='lat' dir='ltr'>ut</span> <span class='ocrx_word' id='word_1_198' title='bbox 574 2711 618 2750; x_wconf 89' lang='lat' dir='ltr'>in</span> <span class='ocrx_word' id='word_1_199' title='bbox 637 2710 755 2751; x_wconf 84' lang='lat' dir='ltr'>Abel.</span> <span class='ocrx_word' id='word_1_200' title='bbox 786 2710 828 2750; x_wconf 86' lang='lat' dir='ltr'>Si</span> <span class='ocrx_word' id='word_1_201' title='bbox 848 2723 951 2762; x_wconf 84' lang='lat' dir='ltr'>ergo</span> <span class='ocrx_word' id='word_1_202' title='bbox 971 2722 1058 2751; x_wconf 88' lang='lat' dir='ltr'>una</span> <span class='ocrx_word' id='word_1_203' title='bbox 1076 2710 1224 2751; x_wconf 89' lang='lat' dir='ltr'>relatio</span> <span class='ocrx_word' id='word_1_204' title='bbox 1243 2713 1379 2764; x_wconf 89' lang='lat' dir='ltr'>potest</span> 
     </span>
     <span class='ocr_line' id='line_1_35' title="bbox 352 2782 1380 2834; baseline 0.002 -13"><span class='ocrx_word' id='word_1_205' title='bbox 352 2782 531 2834; x_wconf 86' lang='lat' dir='ltr'>intelligi</span> <span class='ocrx_word' id='word_1_206' title='bbox 552 2782 682 2822; x_wconf 90' lang='lat' dir='ltr'>altera</span> <span class='ocrx_word' id='word_1_207' title='bbox 703 2794 790 2822; x_wconf 90' lang='lat' dir='ltr'>non</span> <span class='ocrx_word' id='word_1_208' title='bbox 805 2782 1029 2831; x_wconf 86' lang='lat' dir='ltr'>intellecta,</span> <span class='ocrx_word' id='word_1_209' title='bbox 1052 2786 1093 2822; x_wconf 89' lang='lat' dir='ltr'>et</span> <span class='ocrx_word' id='word_1_210' title='bbox 1112 2794 1134 2822; x_wconf 90' lang='lat' dir='ltr'>e</span> <span class='ocrx_word' id='word_1_211' title='bbox 1154 2794 1380 2833; x_wconf 86' lang='lat' dir='ltr'>converso;</span> 
     </span>
     <span class='ocr_line' id='line_1_36' title="bbox 354 2853 1384 2906; baseline 0.001 -13"><span class='ocrx_word' id='word_1_212' title='bbox 354 2856 394 2893; x_wconf 88' lang='lat' dir='ltr'>et</span> <span class='ocrx_word' id='word_1_213' title='bbox 412 2853 528 2906; x_wconf 87' lang='lat' dir='ltr'>poni,</span> <span class='ocrx_word' id='word_1_214' title='bbox 550 2853 681 2894; x_wconf 90' lang='lat' dir='ltr'>altera</span> <span class='ocrx_word' id='word_1_215' title='bbox 702 2865 791 2894; x_wconf 92' lang='lat' dir='ltr'>non</span> <span class='ocrx_word' id='word_1_216' title='bbox 814 2853 948 2906; x_wconf 90' lang='lat' dir='ltr'>posita</span> <span class='ocrx_word' id='word_1_217' title='bbox 968 2867 977 2904; x_wconf 79' lang='lat'>3</span> <span class='ocrx_word' id='word_1_218' title='bbox 1001 2866 1105 2906; x_wconf 88' lang='lat' dir='ltr'>ergo</span> <span class='ocrx_word' id='word_1_219' title='bbox 1125 2857 1224 2894; x_wconf 91' lang='lat' dir='ltr'>sunt</span> <span class='ocrx_word' id='word_1_220' title='bbox 1244 2853 1384 2895; x_wconf 89' lang='lat' dir='ltr'>diver-</span> 
     </span>
     <span class='ocr_line' id='line_1_37' title="bbox 354 2925 670 2966; baseline 0.006 -2"><span class='ocrx_word' id='word_1_221' title='bbox 354 2936 412 2965; x_wconf 79' lang='lat' dir='ltr'>sae</span> <span class='ocrx_word' id='word_1_222' title='bbox 432 2925 670 2966; x_wconf 83' lang='lat' dir='ltr'>relationes.</span> 
     </span>
    </p>

    <p class='ocr_par' dir='ltr' id='par_1_8' title="bbox 356 2995 1389 3477">
     <span class='ocr_line' id='line_1_38' title="bbox 409 2995 1388 3049; baseline 0.002 -14"><span class='ocrx_word' id='word_1_223' title='bbox 409 2995 528 3045; x_wconf 86' lang='lat' dir='ltr'>Item,</span> <span class='ocrx_word' id='word_1_224' title='bbox 551 2997 772 3037; x_wconf 87' lang='lat' dir='ltr'>relationes</span> <span class='ocrx_word' id='word_1_225' title='bbox 792 2996 1135 3037; x_wconf 87' lang='lat' dir='ltr'>diversificantur</span> <span class='ocrx_word' id='word_1_226' title='bbox 1154 3008 1282 3049; x_wconf 89' lang='lat' dir='ltr'>penes</span> <span class='ocrx_word' id='word_1_227' title='bbox 1301 3000 1388 3037; x_wconf 90' lang='lat' dir='ltr'>ter-</span> 
     </span>
     <span class='ocr_line' id='line_1_39' title="bbox 356 3068 1387 3121; baseline 0.002 -14"><span class='ocrx_word' id='word_1_228' title='bbox 356 3068 507 3119; x_wconf 91' lang='lat' dir='ltr'>minos,</span> <span class='ocrx_word' id='word_1_229' title='bbox 530 3069 629 3120; x_wconf 88' lang='lat' dir='ltr'>quia</span> <span class='ocrx_word' id='word_1_230' title='bbox 648 3068 794 3108; x_wconf 89' lang='lat' dir='ltr'>relatio</span> <span class='ocrx_word' id='word_1_231' title='bbox 808 3099 817 3116; x_wconf 91' lang='lat'>,</span> <span class='ocrx_word' id='word_1_232' title='bbox 837 3068 1071 3108; x_wconf 88' lang='lat' dir='ltr'>secundum</span> <span class='ocrx_word' id='word_1_233' title='bbox 1092 3069 1206 3121; x_wconf 91' lang='lat' dir='ltr'>quod</span> <span class='ocrx_word' id='word_1_234' title='bbox 1229 3069 1387 3121; x_wconf 78' lang='lat' dir='ltr'>hujus-</span> 
     </span>
     <span class='ocr_line' id='line_1_40' title="bbox 356 3138 1388 3193; baseline 0.003 -15"><span class='ocrx_word' id='word_1_235' title='bbox 356 3138 485 3189; x_wconf 84' lang='lat' dir='ltr'>modi,</span> <span class='ocrx_word' id='word_1_236' title='bbox 505 3139 557 3179; x_wconf 88' lang='lat' dir='ltr'>ad</span> <span class='ocrx_word' id='word_1_237' title='bbox 579 3139 758 3179; x_wconf 86' lang='lat' dir='ltr'>alterum</span> <span class='ocrx_word' id='word_1_238' title='bbox 779 3142 840 3179; x_wconf 89' lang='lat' dir='ltr'>est</span> <span class='ocrx_word' id='word_1_239' title='bbox 862 3152 871 3179; x_wconf 92' lang='lat'>:</span> <span class='ocrx_word' id='word_1_240' title='bbox 895 3139 967 3180; x_wconf 90' lang='lat' dir='ltr'>sed</span> <span class='ocrx_word' id='word_1_241' title='bbox 993 3141 1212 3193; x_wconf 70' lang='lat' dir='ltr'>inqem&#39;tas</span> <span class='ocrx_word' id='word_1_242' title='bbox 1234 3140 1388 3181; x_wconf 85' lang='lat' dir='ltr'>dicitur</span> 
     </span>
     <span class='ocr_line' id='line_1_41' title="bbox 357 3210 1388 3263; baseline 0.002 -14"><span class='ocrx_word' id='word_1_243' title='bbox 357 3222 433 3263; x_wconf 89' lang='lat' dir='ltr'>per</span> <span class='ocrx_word' id='word_1_244' title='bbox 463 3210 744 3263; x_wconf 88' lang='lat' dir='ltr'>privationem</span> <span class='ocrx_word' id='word_1_245' title='bbox 771 3210 944 3262; x_wconf 92' lang='lat' dir='ltr'>prioris,</span> <span class='ocrx_word' id='word_1_246' title='bbox 967 3211 1122 3251; x_wconf 87' lang='lat' dir='ltr'>scilicet</span> <span class='ocrx_word' id='word_1_247' title='bbox 1152 3211 1314 3262; x_wconf 86' lang='lat' dir='ltr'>Patris;</span> <span class='ocrx_word' id='word_1_248' title='bbox 1348 3214 1388 3252; x_wconf 90' lang='lat' dir='ltr'>et</span> 
     </span>
     <span class='ocr_line' id='line_1_42' title="bbox 359 3281 1389 3334; baseline 0.001 -12"><span class='ocrx_word' id='word_1_249' title='bbox 359 3281 500 3332; x_wconf 85' lang='lat' dir='ltr'>Pater,</span> <span class='ocrx_word' id='word_1_250' title='bbox 523 3281 758 3321; x_wconf 88' lang='lat' dir='ltr'>secundum</span> <span class='ocrx_word' id='word_1_251' title='bbox 776 3281 1027 3333; x_wconf 83' lang='lat' dir='ltr'>positionem</span> <span class='ocrx_word' id='word_1_252' title='bbox 1058 3282 1288 3334; x_wconf 87' lang='lat' dir='ltr'>germinis,</span> <span class='ocrx_word' id='word_1_253' title='bbox 1322 3283 1389 3323; x_wconf 89' lang='lat' dir='ltr'>vel</span> 
     </span>
     <span class='ocr_line' id='line_1_43' title="bbox 359 3352 1389 3406; baseline 0.003 -14"><span class='ocrx_word' id='word_1_254' title='bbox 359 3352 453 3393; x_wconf 89' lang='lat' dir='ltr'>Filii</span> <span class='ocrx_word' id='word_1_255' title='bbox 499 3366 508 3393; x_wconf 71' lang='grc' dir='ltr'>ε</span> <span class='ocrx_word' id='word_1_256' title='bbox 543 3363 648 3404; x_wconf 79' lang='grc'><strong>0130</strong></span> <span class='ocrx_word' id='word_1_257' title='bbox 692 3352 837 3392; x_wconf 89' lang='lat' dir='ltr'>dicunt</span> <span class='ocrx_word' id='word_1_258' title='bbox 871 3356 1110 3406; x_wconf 85' lang='lat' dir='ltr'>respectum</span> <span class='ocrx_word' id='word_1_259' title='bbox 1153 3354 1389 3395; x_wconf 89' lang='lat' dir='ltr'>secundum</span> 
     </span>
     <span class='ocr_line' id='line_1_44' title="bbox 360 3423 1148 3477; baseline 0.003 -13"><span class='ocrx_word' id='word_1_260' title='bbox 360 3424 485 3464; x_wconf 87' lang='lat' dir='ltr'>aliam</span> <span class='ocrx_word' id='word_1_261' title='bbox 505 3426 546 3464; x_wconf 89' lang='lat' dir='ltr'>et</span> <span class='ocrx_word' id='word_1_262' title='bbox 563 3423 690 3464; x_wconf 89' lang='lat' dir='ltr'>aliam</span> <span class='ocrx_word' id='word_1_263' title='bbox 710 3426 873 3475; x_wconf 89' lang='lat' dir='ltr'>partem</span> <span class='ocrx_word' id='word_1_264' title='bbox 896 3438 905 3464; x_wconf 78' lang='lat' dir='ltr'>t</span> <span class='ocrx_word' id='word_1_265' title='bbox 928 3437 1048 3477; x_wconf 89' lang='lat' dir='ltr'>ergo,</span> <span class='ocrx_word' id='word_1_266' title='bbox 1071 3428 1148 3466; x_wconf 88' lang='grc'><strong>010.</strong></span> 
     </span>
    </p>
   </div>
   <div class='ocr_carea' id='block_1_6' title="bbox 370 3530 1389 3623">
    <p class='ocr_par' dir='ltr' id='par_1_9' title="bbox 370 3530 1389 3623">
     <span class='ocr_line' id='line_1_45' title="bbox 405 3530 1389 3576; baseline 0.004 -13"><span class='ocrx_word' id='word_1_267' title='bbox 405 3533 416 3554; x_wconf 90' lang='lat'>¹</span> <span class='ocrx_word' id='word_1_268' title='bbox 438 3534 535 3574; x_wconf 64' lang='lat' dir='ltr'>Aug„</span> <span class='ocrx_word' id='word_1_269' title='bbox 552 3532 590 3563; x_wconf 85' lang='lat' dir='ltr'>cle</span> <span class='ocrx_word' id='word_1_270' title='bbox 618 3531 722 3572; x_wconf 82' lang='lat' dir='ltr'>Trin.,</span> <span class='ocrx_word' id='word_1_271' title='bbox 739 3530 797 3562; x_wconf 88' lang='lat' dir='ltr'>lib.</span> <span class='ocrx_word' id='word_1_272' title='bbox 814 3533 855 3572; x_wconf 86' lang='lat' dir='ltr'>V,</span> <span class='ocrx_word' id='word_1_273' title='bbox 877 3542 907 3563; x_wconf 86' lang='grc'>0.</span> <span class='ocrx_word' id='word_1_274' title='bbox 920 3540 980 3573; x_wconf 85' lang='lat' dir='ltr'>vn,</span> <span class='ocrx_word' id='word_1_275' title='bbox 998 3542 1032 3564; x_wconf 89' lang='lat'>11.</span> <span class='ocrx_word' id='word_1_276' title='bbox 1051 3536 1081 3566; x_wconf 86' lang='lat'>8.</span> <span class='ocrx_word' id='word_1_277' title='bbox 1094 3553 1129 3557; x_wconf 96' lang='lat'>—</span> <span class='ocrx_word' id='word_1_278' title='bbox 1143 3536 1156 3556; x_wconf 75' lang='lat'><strong>²</strong></span> <span class='ocrx_word' id='word_1_279' title='bbox 1169 3534 1222 3576; x_wconf 83' lang='lat' dir='ltr'>Cf.</span> <span class='ocrx_word' id='word_1_280' title='bbox 1238 3534 1362 3567; x_wconf 84' lang='lat' dir='ltr'>Henric</span> <span class='ocrx_word' id='word_1_281' title='bbox 1378 3559 1389 3575; x_wconf 89' lang='lat'>,</span> 
     </span>
     <span class='ocr_line' id='line_1_46' title="bbox 370 3580 1388 3623; baseline 0.002 -11"><span class='ocrx_word' id='word_1_282' title='bbox 370 3589 391 3613; x_wconf 89' lang='grc'>11</span> <span class='ocrx_word' id='word_1_283' title='bbox 412 3581 562 3621; x_wconf 80' lang='lat' dir='ltr'>Summa,</span> <span class='ocrx_word' id='word_1_284' title='bbox 579 3581 642 3611; x_wconf 84' lang='lat' dir='ltr'>art.</span> <span class='ocrx_word' id='word_1_285' title='bbox 655 3586 711 3620; x_wconf 84' lang='lat' dir='ltr'>LV,</span> <span class='ocrx_word' id='word_1_286' title='bbox 730 3587 765 3620; x_wconf 87' lang='lat' dir='ltr'>q.</span> <span class='ocrx_word' id='word_1_287' title='bbox 783 3581 822 3621; x_wconf 77' lang='lat'>53</span> <span class='ocrx_word' id='word_1_288' title='bbox 846 3580 961 3621; x_wconf 73' lang='lat' dir='ltr'>steph.</span> <span class='ocrx_word' id='word_1_289' title='bbox 982 3581 1120 3623; x_wconf 64' lang='lat' dir='ltr'>Brulef„</span> <span class='ocrx_word' id='word_1_290' title='bbox 1143 3583 1154 3614; x_wconf 96' lang='grc'>1</span> <span class='ocrx_word' id='word_1_291' title='bbox 1177 3582 1282 3621; x_wconf 65' lang='lat' dir='ltr'>Seni„</span> <span class='ocrx_word' id='word_1_292' title='bbox 1309 3582 1388 3614; x_wconf 88' lang='lat' dir='ltr'>dist.</span> 
     </span>
    </p>
   </div>
   <div class='ocr_carea' id='block_1_7' title="bbox 1106 260 1710 309">
    <p class='ocr_par' dir='ltr' id='par_1_10' title="bbox 1106 260 1710 309">
     <span class='ocr_line' id='line_1_47' title="bbox 1106 260 1710 309; baseline 0 -7"><span class='ocrx_word' id='word_1_293' title='bbox 1106 260 1521 309; x_wconf 80' lang='lat' dir='ltr'>SENTENTIARUM</span> <span class='ocrx_word' id='word_1_294' title='bbox 1549 262 1647 303; x_wconf 92' lang='lat' dir='ltr'>LIB.</span> <span class='ocrx_word' id='word_1_295' title='bbox 1679 261 1710 302; x_wconf 91' lang='grc' dir='ltr'>Ι.</span> 
     </span>
    </p>
   </div>
   <div class='ocr_carea' id='block_1_8' title="bbox 1440 352 2487 2760">
    <p class='ocr_par' dir='ltr' id='par_1_11' title="bbox 1440 352 2468 891">
     <span class='ocr_line' id='line_1_48' title="bbox 1495 352 2463 406; baseline 0 -14"><span class='ocrx_word' id='word_1_296' title='bbox 1495 352 1619 404; x_wconf 89' lang='lat' dir='ltr'>Item,</span> <span class='ocrx_word' id='word_1_297' title='bbox 1650 353 1746 406; x_wconf 90' lang='lat' dir='ltr'>plus</span> <span class='ocrx_word' id='word_1_298' title='bbox 1764 352 1903 393; x_wconf 84' lang='lat' dir='ltr'>differt</span> <span class='ocrx_word' id='word_1_299' title='bbox 1921 352 2139 403; x_wconf 85' lang='lat' dir='ltr'>generatio</span> <span class='ocrx_word' id='word_1_300' title='bbox 2166 353 2207 391; x_wconf 92' lang='lat' dir='ltr'>et</span> <span class='ocrx_word' id='word_1_301' title='bbox 2236 352 2463 404; x_wconf 86' lang='lat' dir='ltr'>ingenera-</span> 
     </span>
     <span class='ocr_line' id='line_1_49' title="bbox 1440 422 2464 477; baseline 0.001 -14"><span class='ocrx_word' id='word_1_302' title='bbox 1440 424 1513 475; x_wconf 90' lang='lat' dir='ltr'>tio,</span> <span class='ocrx_word' id='word_1_303' title='bbox 1535 437 1663 477; x_wconf 88' lang='lat' dir='ltr'>quam</span> <span class='ocrx_word' id='word_1_304' title='bbox 1684 424 1900 477; x_wconf 87' lang='lat' dir='ltr'>generatio</span> <span class='ocrx_word' id='word_1_305' title='bbox 1920 426 1961 463; x_wconf 89' lang='grc'>01</span> <span class='ocrx_word' id='word_1_306' title='bbox 1980 422 2177 475; x_wconf 79' lang='lat' dir='ltr'>spirati03</span> <span class='ocrx_word' id='word_1_307' title='bbox 2197 435 2297 462; x_wconf 88' lang='lat' dir='ltr'>nam</span> <span class='ocrx_word' id='word_1_308' title='bbox 2313 424 2383 464; x_wconf 90' lang='grc'><strong>1110</strong></span> <span class='ocrx_word' id='word_1_309' title='bbox 2401 427 2464 464; x_wconf 88' lang='grc'>051</span> 
     </span>
     <span class='ocr_line' id='line_1_50' title="bbox 1442 493 2463 547; baseline 0.001 -14"><span class='ocrx_word' id='word_1_310' title='bbox 1442 495 1645 546; x_wconf 84' lang='lat' dir='ltr'>oppositio</span> <span class='ocrx_word' id='word_1_311' title='bbox 1666 495 1849 547; x_wconf 81' lang='lat' dir='ltr'>propria,</span> <span class='ocrx_word' id='word_1_312' title='bbox 1872 494 1931 533; x_wconf 89' lang='lat' dir='ltr'>ibi</span> <span class='ocrx_word' id='word_1_313' title='bbox 1948 496 2091 534; x_wconf 86' lang='lat' dir='ltr'>autem</span> <span class='ocrx_word' id='word_1_314' title='bbox 2113 493 2250 533; x_wconf 88' lang='lat' dir='ltr'>solum</span> <span class='ocrx_word' id='word_1_315' title='bbox 2273 493 2463 546; x_wconf 87' lang='lat' dir='ltr'>dispara-</span> 
     </span>
     <span class='ocr_line' id='line_1_51' title="bbox 1445 565 2466 618; baseline 0.002 -14"><span class='ocrx_word' id='word_1_316' title='bbox 1445 565 1502 605; x_wconf 88' lang='lat' dir='ltr'>tio</span> <span class='ocrx_word' id='word_1_317' title='bbox 1525 579 1534 603; x_wconf 87' lang='lat'>:</span> <span class='ocrx_word' id='word_1_318' title='bbox 1556 566 1624 606; x_wconf 87' lang='lat' dir='ltr'>sed</span> <span class='ocrx_word' id='word_1_319' title='bbox 1643 566 1724 606; x_wconf 88' lang='lat' dir='ltr'>alia</span> <span class='ocrx_word' id='word_1_320' title='bbox 1743 565 1888 606; x_wconf 85' lang='lat' dir='ltr'>relatio</span> <span class='ocrx_word' id='word_1_321' title='bbox 1914 567 1975 605; x_wconf 90' lang='lat' dir='ltr'>est</span> <span class='ocrx_word' id='word_1_322' title='bbox 1994 565 2230 616; x_wconf 87' lang='lat' dir='ltr'>generatio,</span> <span class='ocrx_word' id='word_1_323' title='bbox 2261 567 2302 605; x_wconf 90' lang='lat' dir='ltr'>et</span> <span class='ocrx_word' id='word_1_324' title='bbox 2333 565 2466 618; x_wconf 86' lang='lat' dir='ltr'>spira-</span> 
     </span>
     <span class='ocr_line' id='line_1_52' title="bbox 1444 635 2467 689; baseline 0.002 -14"><span class='ocrx_word' id='word_1_325' title='bbox 1444 636 1504 676; x_wconf 88' lang='lat' dir='ltr'>tio</span> <span class='ocrx_word' id='word_1_326' title='bbox 1528 649 1537 676; x_wconf 93' lang='lat'><strong>:</strong></span> <span class='ocrx_word' id='word_1_327' title='bbox 1559 648 1662 688; x_wconf 85' lang='lat' dir='ltr'>ergo</span> <span class='ocrx_word' id='word_1_328' title='bbox 1682 640 1722 678; x_wconf 92' lang='lat' dir='ltr'>et</span> <span class='ocrx_word' id='word_1_329' title='bbox 1747 636 1985 689; x_wconf 84' lang='lat' dir='ltr'>generatio,</span> <span class='ocrx_word' id='word_1_330' title='bbox 2007 639 2048 676; x_wconf 88' lang='lat' dir='ltr'>et</span> <span class='ocrx_word' id='word_1_331' title='bbox 2075 635 2342 687; x_wconf 87' lang='lat' dir='ltr'>ingeneratio</span> <span class='ocrx_word' id='word_1_332' title='bbox 2364 650 2372 676; x_wconf 91' lang='lat'><strong>:</strong></span> <span class='ocrx_word' id='word_1_333' title='bbox 2396 637 2467 677; x_wconf 87' lang='lat' dir='ltr'>sed</span> 
     </span>
     <span class='ocr_line' id='line_1_53' title="bbox 1445 707 2468 761; baseline 0.002 -15"><span class='ocrx_word' id='word_1_334' title='bbox 1445 707 1677 758; x_wconf 82' lang='lat' dir='ltr'>generatio,</span> <span class='ocrx_word' id='word_1_335' title='bbox 1697 710 1736 748; x_wconf 91' lang='lat' dir='ltr'>et</span> <span class='ocrx_word' id='word_1_336' title='bbox 1755 708 1997 761; x_wconf 84' lang='lat' dir='ltr'>paternitas,</span> <span class='ocrx_word' id='word_1_337' title='bbox 2017 709 2078 747; x_wconf 90' lang='lat' dir='ltr'>est</span> <span class='ocrx_word' id='word_1_338' title='bbox 2091 707 2252 758; x_wconf 85' lang='lat' dir='ltr'>eadem,</span> <span class='ocrx_word' id='word_1_339' title='bbox 2272 710 2320 748; x_wconf 92' lang='lat' dir='ltr'>ut</span> <span class='ocrx_word' id='word_1_340' title='bbox 2339 719 2468 760; x_wconf 86' lang='lat' dir='ltr'>supra</span> 
     </span>
     <span class='ocr_line' id='line_1_54' title="bbox 1443 778 2468 832; baseline 0.001 -14"><span class='ocrx_word' id='word_1_341' title='bbox 1443 781 1660 819; x_wconf 86' lang='lat' dir='ltr'>ostensum</span> <span class='ocrx_word' id='word_1_342' title='bbox 1678 782 1739 820; x_wconf 87' lang='grc'>051</span> <span class='ocrx_word' id='word_1_343' title='bbox 1757 793 1766 818; x_wconf 89' lang='lat'>:</span> <span class='ocrx_word' id='word_1_344' title='bbox 1786 792 1889 832; x_wconf 86' lang='lat' dir='ltr'>ergo</span> <span class='ocrx_word' id='word_1_345' title='bbox 1909 778 2211 819; x_wconf 82' lang='lat' dir='ltr'>innascibilitas</span> <span class='ocrx_word' id='word_1_346' title='bbox 2228 781 2268 820; x_wconf 86' lang='lat' dir='ltr'>et</span> <span class='ocrx_word' id='word_1_347' title='bbox 2287 779 2468 832; x_wconf 90' lang='lat' dir='ltr'>paterni-</span> 
     </span>
     <span class='ocr_line' id='line_1_55' title="bbox 1443 836 2174 891; baseline 0.001 -2"><span class='ocrx_word' id='word_1_348' title='bbox 1443 852 1506 889; x_wconf 82' lang='lat' dir='ltr'>tas</span> <span class='ocrx_word' id='word_1_349' title='bbox 1526 862 1611 890; x_wconf 91' lang='lat' dir='ltr'>non</span> <span class='ocrx_word' id='word_1_350' title='bbox 1637 852 1737 890; x_wconf 89' lang='lat' dir='ltr'>sunt</span> <span class='ocrx_word' id='word_1_351' title='bbox 1755 836 1914 891; x_wconf 77' lang='lat' dir='ltr'>eaedem</span> <span class='ocrx_word' id='word_1_352' title='bbox 1935 850 2174 891; x_wconf 87' lang='lat' dir='ltr'>relationes.</span> 
     </span>
    </p>

    <p class='ocr_par' dir='ltr' id='par_1_12' title="bbox 1444 921 2478 1603">
     <span class='ocr_line' id='line_1_56' title="bbox 1498 921 1686 961; baseline 0 0"><span class='ocrx_word' id='word_1_353' title='bbox 1498 921 1649 961; x_wconf 83' lang='lat' dir='ltr'>Contra</span> <span class='ocrx_word' id='word_1_354' title='bbox 1678 935 1686 961; x_wconf 90' lang='lat'>:</span> 
     </span>
     <span class='ocr_line' id='line_1_57' title="bbox 1444 993 2470 1045; baseline 0 -12"><span class='ocrx_word' id='word_1_355' title='bbox 1444 1005 1637 1045; x_wconf 59' lang='lat' dir='ltr'>persona)</span> <span class='ocrx_word' id='word_1_356' title='bbox 1657 993 1709 1033; x_wconf 84' lang='lat' dir='ltr'>ad</span> <span class='ocrx_word' id='word_1_357' title='bbox 1729 1005 1948 1045; x_wconf 83' lang='lat' dir='ltr'>personam</span> <span class='ocrx_word' id='word_1_358' title='bbox 1969 1008 1976 1034; x_wconf 90' lang='lat'>:</span> <span class='ocrx_word' id='word_1_359' title='bbox 1996 994 2031 1033; x_wconf 92' lang='lat' dir='ltr'>si</span> <span class='ocrx_word' id='word_1_360' title='bbox 2051 1006 2153 1045; x_wconf 86' lang='lat' dir='ltr'>ergo</span> <span class='ocrx_word' id='word_1_361' title='bbox 2171 993 2392 1045; x_wconf 59' lang='lat' dir='ltr'>ingenitus</span> <span class='ocrx_word' id='word_1_362' title='bbox 2411 994 2470 1034; x_wconf 94' lang='lat' dir='ltr'>di-</span> 
     </span>
     <span class='ocr_line' id='line_1_58' title="bbox 1445 1063 2472 1116; baseline 0.001 -13"><span class='ocrx_word' id='word_1_363' title='bbox 1445 1063 1500 1103; x_wconf 83' lang='lat' dir='ltr'>cit</span> <span class='ocrx_word' id='word_1_364' title='bbox 1523 1063 1791 1114; x_wconf 84' lang='lat' dir='ltr'>relationem,</span> <span class='ocrx_word' id='word_1_365' title='bbox 1813 1067 1885 1103; x_wconf 86' lang='lat' dir='ltr'>aut</span> <span class='ocrx_word' id='word_1_366' title='bbox 1913 1076 2017 1116; x_wconf 87' lang='lat' dir='ltr'>ergo</span> <span class='ocrx_word' id='word_1_367' title='bbox 2038 1065 2089 1105; x_wconf 88' lang='lat' dir='ltr'>ad</span> <span class='ocrx_word' id='word_1_368' title='bbox 2118 1064 2294 1114; x_wconf 83' lang='lat' dir='ltr'>Filium,</span> <span class='ocrx_word' id='word_1_369' title='bbox 2330 1066 2472 1106; x_wconf 81' lang='lat' dir='ltr'>autad</span> 
     </span>
     <span class='ocr_line' id='line_1_59' title="bbox 1446 1134 2473 1188; baseline 0.002 -13"><span class='ocrx_word' id='word_1_370' title='bbox 1446 1134 1650 1187; x_wconf 88' lang='lat' dir='ltr'>Spiritum</span> <span class='ocrx_word' id='word_1_371' title='bbox 1671 1138 1887 1183; x_wconf 76' lang='lat' dir='ltr'>sanctum,</span> <span class='ocrx_word' id='word_1_372' title='bbox 1920 1138 1994 1175; x_wconf 91' lang='lat' dir='ltr'>aut</span> <span class='ocrx_word' id='word_1_373' title='bbox 2013 1136 2064 1176; x_wconf 91' lang='lat' dir='ltr'>ad</span> <span class='ocrx_word' id='word_1_374' title='bbox 2084 1139 2316 1188; x_wconf 89' lang='lat' dir='ltr'>utrumque</span> <span class='ocrx_word' id='word_1_375' title='bbox 2345 1151 2354 1177; x_wconf 72' lang='grc' dir='ltr'>ε</span> <span class='ocrx_word' id='word_1_376' title='bbox 2388 1149 2473 1178; x_wconf 87' lang='grc'><strong>11011</strong></span> 
     </span>
     <span class='ocr_line' id='line_1_60' title="bbox 1445 1206 2472 1260; baseline 0.004 -15"><span class='ocrx_word' id='word_1_377' title='bbox 1445 1206 1497 1246; x_wconf 88' lang='lat' dir='ltr'>ad</span> <span class='ocrx_word' id='word_1_378' title='bbox 1519 1208 1773 1258; x_wconf 82' lang='lat' dir='ltr'>utrumque,</span> <span class='ocrx_word' id='word_1_379' title='bbox 1803 1206 1905 1259; x_wconf 86' lang='lat' dir='ltr'>quia</span> <span class='ocrx_word' id='word_1_380' title='bbox 1931 1206 2052 1247; x_wconf 84' lang='lat' dir='ltr'>Pater</span> <span class='ocrx_word' id='word_1_381' title='bbox 2079 1219 2168 1247; x_wconf 90' lang='lat' dir='ltr'>non</span> <span class='ocrx_word' id='word_1_382' title='bbox 2201 1211 2472 1260; x_wconf 88' lang='lat' dir='ltr'>comparatur</span> 
     </span>
     <span class='ocr_line' id='line_1_61' title="bbox 1446 1276 2477 1328; baseline 0.003 -12"><span class='ocrx_word' id='word_1_383' title='bbox 1446 1276 1571 1317; x_wconf 88' lang='lat' dir='ltr'>unica</span> <span class='ocrx_word' id='word_1_384' title='bbox 1599 1277 1823 1320; x_wconf 75' lang='lat' dir='ltr'>relatione.</span> <span class='ocrx_word' id='word_1_385' title='bbox 1851 1278 1922 1317; x_wconf 87' lang='lat' dir='ltr'>sed</span> <span class='ocrx_word' id='word_1_386' title='bbox 1954 1277 2149 1328; x_wconf 86' lang='lat' dir='ltr'>diversis,</span> <span class='ocrx_word' id='word_1_387' title='bbox 2173 1278 2225 1319; x_wconf 89' lang='lat' dir='ltr'>ad</span> <span class='ocrx_word' id='word_1_388' title='bbox 2248 1278 2403 1319; x_wconf 84' lang='lat' dir='ltr'>Filium</span> <span class='ocrx_word' id='word_1_389' title='bbox 2436 1283 2477 1320; x_wconf 89' lang='lat' dir='ltr'>et</span> 
     </span>
     <span class='ocr_line' id='line_1_62' title="bbox 1448 1348 2475 1403; baseline 0.002 -14"><span class='ocrx_word' id='word_1_390' title='bbox 1448 1348 1653 1401; x_wconf 84' lang='lat' dir='ltr'>Spiritum</span> <span class='ocrx_word' id='word_1_391' title='bbox 1673 1351 1866 1389; x_wconf 86' lang='lat' dir='ltr'>sanctum</span> <span class='ocrx_word' id='word_1_392' title='bbox 1884 1361 1894 1399; x_wconf 80' lang='lat'><em>3</em></span> <span class='ocrx_word' id='word_1_393' title='bbox 1911 1360 1995 1388; x_wconf 92' lang='lat' dir='ltr'>non</span> <span class='ocrx_word' id='word_1_394' title='bbox 2021 1348 2073 1388; x_wconf 89' lang='lat' dir='ltr'>ad</span> <span class='ocrx_word' id='word_1_395' title='bbox 2091 1361 2314 1401; x_wconf 84' lang='lat' dir='ltr'>personam</span> <span class='ocrx_word' id='word_1_396' title='bbox 2342 1350 2475 1403; x_wconf 87' lang='lat' dir='ltr'>Spiri-</span> 
     </span>
     <span class='ocr_line' id='line_1_63' title="bbox 1448 1420 2474 1471; baseline 0.002 -11"><span class='ocrx_word' id='word_1_397' title='bbox 1448 1422 1518 1460; x_wconf 87' lang='lat' dir='ltr'>tus</span> <span class='ocrx_word' id='word_1_398' title='bbox 1549 1420 1697 1470; x_wconf 88' lang='lat' dir='ltr'>sancti,</span> <span class='ocrx_word' id='word_1_399' title='bbox 1730 1420 1809 1460; x_wconf 91' lang='grc'><strong>1100</strong></span> <span class='ocrx_word' id='word_1_400' title='bbox 1841 1421 2003 1459; x_wconf 86' lang='lat' dir='ltr'>constat</span> <span class='ocrx_word' id='word_1_401' title='bbox 2031 1431 2164 1471; x_wconf 84' lang='lat' dir='ltr'>:ergo</span> <span class='ocrx_word' id='word_1_402' title='bbox 2197 1421 2249 1461; x_wconf 89' lang='lat' dir='ltr'>ad</span> <span class='ocrx_word' id='word_1_403' title='bbox 2278 1421 2436 1462; x_wconf 88' lang='lat' dir='ltr'>Filium</span> <span class='ocrx_word' id='word_1_404' title='bbox 2465 1437 2474 1462; x_wconf 75' lang='grc' dir='ltr'>ε</span> 
     </span>
     <span class='ocr_line' id='line_1_64' title="bbox 1449 1491 2478 1546; baseline 0.003 -14"><span class='ocrx_word' id='word_1_405' title='bbox 1449 1491 1483 1532; x_wconf 89' lang='grc'>51</span> <span class='ocrx_word' id='word_1_406' title='bbox 1503 1503 1607 1543; x_wconf 86' lang='lat' dir='ltr'>ergo</span> <span class='ocrx_word' id='word_1_407' title='bbox 1625 1491 1771 1531; x_wconf 87' lang='lat' dir='ltr'>relatio</span> <span class='ocrx_word' id='word_1_408' title='bbox 1786 1492 1837 1532; x_wconf 90' lang='lat' dir='ltr'>ad</span> <span class='ocrx_word' id='word_1_409' title='bbox 1859 1491 2014 1532; x_wconf 84' lang='lat' dir='ltr'>Filium</span> <span class='ocrx_word' id='word_1_410' title='bbox 2037 1493 2099 1532; x_wconf 89' lang='lat' dir='ltr'>est</span> <span class='ocrx_word' id='word_1_411' title='bbox 2117 1492 2356 1544; x_wconf 89' lang='lat' dir='ltr'>paternitas,</span> <span class='ocrx_word' id='word_1_412' title='bbox 2373 1505 2478 1546; x_wconf 90' lang='lat' dir='ltr'>ergo</span> 
     </span>
     <span class='ocr_line' id='line_1_65' title="bbox 1448 1562 2180 1603; baseline -0.001 0"><span class='ocrx_word' id='word_1_413' title='bbox 1448 1562 1749 1603; x_wconf 83' lang='lat' dir='ltr'>innascibilitas</span> <span class='ocrx_word' id='word_1_414' title='bbox 1769 1565 1829 1603; x_wconf 88' lang='lat' dir='ltr'>est</span> <span class='ocrx_word' id='word_1_415' title='bbox 1849 1562 1995 1603; x_wconf 88' lang='lat' dir='ltr'>eadem</span> <span class='ocrx_word' id='word_1_416' title='bbox 2020 1562 2180 1602; x_wconf 87' lang='lat' dir='ltr'>relatio.</span> 
     </span>
    </p>

    <p class='ocr_par' dir='ltr' id='par_1_13' title="bbox 1451 1633 2483 2045">
     <span class='ocr_line' id='line_1_66' title="bbox 1503 1633 2479 1686; baseline 0.002 -12"><span class='ocrx_word' id='word_1_417' title='bbox 1503 1637 1542 1674; x_wconf 75' lang='lat'>9..</span> <span class='ocrx_word' id='word_1_418' title='bbox 1563 1634 1683 1684; x_wconf 84' lang='lat' dir='ltr'>Item,</span> <span class='ocrx_word' id='word_1_419' title='bbox 1705 1633 1930 1674; x_wconf 86' lang='lat' dir='ltr'>relationes</span> <span class='ocrx_word' id='word_1_420' title='bbox 1946 1633 1993 1673; x_wconf 87' lang='lat' dir='ltr'>in</span> <span class='ocrx_word' id='word_1_421' title='bbox 2010 1633 2164 1674; x_wconf 89' lang='lat' dir='ltr'>divinis</span> <span class='ocrx_word' id='word_1_422' title='bbox 2184 1634 2374 1686; x_wconf 89' lang='lat' dir='ltr'>personis</span> <span class='ocrx_word' id='word_1_423' title='bbox 2392 1647 2479 1676; x_wconf 91' lang='lat' dir='ltr'>non</span> 
     </span>
     <span class='ocr_line' id='line_1_67' title="bbox 1451 1705 2476 1758; baseline 0.001 -13"><span class='ocrx_word' id='word_1_424' title='bbox 1451 1705 1664 1756; x_wconf 88' lang='lat' dir='ltr'>accidunt,</span> <span class='ocrx_word' id='word_1_425' title='bbox 1683 1705 1755 1746; x_wconf 87' lang='lat' dir='ltr'>sed</span> <span class='ocrx_word' id='word_1_426' title='bbox 1776 1717 1865 1745; x_wconf 89' lang='lat' dir='ltr'>esse</span> <span class='ocrx_word' id='word_1_427' title='bbox 1884 1705 2079 1745; x_wconf 83' lang='lat' dir='ltr'>tribuunt</span> <span class='ocrx_word' id='word_1_428' title='bbox 2106 1716 2299 1757; x_wconf 83' lang='lat' dir='ltr'>personae</span> <span class='ocrx_word' id='word_1_429' title='bbox 2321 1719 2330 1746; x_wconf 70' lang='grc' dir='ltr'>ι</span> <span class='ocrx_word' id='word_1_430' title='bbox 2353 1717 2476 1758; x_wconf 89' lang='lat' dir='ltr'>ergo,</span> 
     </span>
     <span class='ocr_line' id='line_1_68' title="bbox 1451 1777 2482 1830; baseline 0.002 -14"><span class='ocrx_word' id='word_1_431' title='bbox 1451 1777 1485 1816; x_wconf 87' lang='grc'>51</span> <span class='ocrx_word' id='word_1_432' title='bbox 1502 1777 1630 1817; x_wconf 87' lang='grc'><strong>11111115</strong></span> <span class='ocrx_word' id='word_1_433' title='bbox 1647 1789 1837 1830; x_wconf 70' lang='lat' dir='ltr'>personae</span> <span class='ocrx_word' id='word_1_434' title='bbox 1852 1778 2032 1817; x_wconf 84' lang='lat' dir='ltr'>unicum</span> <span class='ocrx_word' id='word_1_435' title='bbox 2049 1779 2110 1817; x_wconf 91' lang='lat' dir='ltr'>est</span> <span class='ocrx_word' id='word_1_436' title='bbox 2123 1789 2226 1828; x_wconf 90' lang='lat' dir='ltr'>esse,</span> <span class='ocrx_word' id='word_1_437' title='bbox 2244 1777 2372 1818; x_wconf 85' lang='lat' dir='ltr'>unica</span> <span class='ocrx_word' id='word_1_438' title='bbox 2388 1779 2482 1830; x_wconf 89' lang='lat' dir='ltr'>ejus</span> 
     </span>
     <span class='ocr_line' id='line_1_69' title="bbox 1451 1848 2483 1902; baseline 0.002 -14"><span class='ocrx_word' id='word_1_439' title='bbox 1451 1849 1530 1889; x_wconf 92' lang='lat' dir='ltr'>erit</span> <span class='ocrx_word' id='word_1_440' title='bbox 1557 1849 1704 1889; x_wconf 87' lang='lat' dir='ltr'>relatio</span> <span class='ocrx_word' id='word_1_441' title='bbox 1727 1863 1736 1890; x_wconf 90' lang='lat'>:</span> <span class='ocrx_word' id='word_1_442' title='bbox 1759 1849 1831 1889; x_wconf 88' lang='lat' dir='ltr'>sed</span> <span class='ocrx_word' id='word_1_443' title='bbox 1859 1848 1982 1889; x_wconf 90' lang='lat' dir='ltr'>Pater</span> <span class='ocrx_word' id='word_1_444' title='bbox 2008 1851 2072 1889; x_wconf 89' lang='lat' dir='ltr'>est</span> <span class='ocrx_word' id='word_1_445' title='bbox 2098 1861 2185 1889; x_wconf 84' lang='lat' dir='ltr'>una</span> <span class='ocrx_word' id='word_1_446' title='bbox 2215 1861 2410 1902; x_wconf 88' lang='lat' dir='ltr'>persona,</span> <span class='ocrx_word' id='word_1_447' title='bbox 2442 1852 2483 1890; x_wconf 89' lang='lat' dir='ltr'>et</span> 
     </span>
     <span class='ocr_line' id='line_1_70' title="bbox 1452 1920 2477 1973; baseline 0.001 -12"><span class='ocrx_word' id='word_1_448' title='bbox 1452 1921 1652 1961; x_wconf 88' lang='lat' dir='ltr'>convenit</span> <span class='ocrx_word' id='word_1_449' title='bbox 1683 1921 1722 1962; x_wconf 89' lang='lat' dir='ltr'>ei</span> <span class='ocrx_word' id='word_1_450' title='bbox 1762 1920 2064 1961; x_wconf 87' lang='lat' dir='ltr'>innascibilitas</span> <span class='ocrx_word' id='word_1_451' title='bbox 2079 1952 2090 1971; x_wconf 93' lang='lat'>,</span> <span class='ocrx_word' id='word_1_452' title='bbox 2127 1922 2168 1961; x_wconf 89' lang='lat' dir='ltr'>et</span> <span class='ocrx_word' id='word_1_453' title='bbox 2200 1921 2427 1973; x_wconf 87' lang='lat' dir='ltr'>paternitas</span> <span class='ocrx_word' id='word_1_454' title='bbox 2469 1935 2477 1962; x_wconf 95' lang='lat'>:</span> 
     </span>
     <span class='ocr_line' id='line_1_71' title="bbox 1453 1995 1676 2045; baseline 0 -12"><span class='ocrx_word' id='word_1_455' title='bbox 1453 2004 1572 2045; x_wconf 87' lang='lat' dir='ltr'>ergo,</span> <span class='ocrx_word' id='word_1_456' title='bbox 1598 1995 1676 2033; x_wconf 91' lang='grc'><strong>010.</strong></span> 
     </span>
    </p>

    <p class='ocr_par' dir='ltr' id='par_1_14' title="bbox 1453 2062 2483 2330">
     <span class='ocr_line' id='line_1_72' title="bbox 1507 2062 2480 2115; baseline 0 -11"><span class='ocrx_word' id='word_1_457' title='bbox 1507 2067 1544 2104; x_wconf 84' lang='grc'>3.</span> <span class='ocrx_word' id='word_1_458' title='bbox 1572 2063 1690 2115; x_wconf 82' lang='lat' dir='ltr'>Item,</span> <span class='ocrx_word' id='word_1_459' title='bbox 1709 2063 1816 2105; x_wconf 90' lang='lat' dir='ltr'>sicut</span> <span class='ocrx_word' id='word_1_460' title='bbox 1830 2075 1874 2104; x_wconf 87' lang='lat' dir='ltr'>se</span> <span class='ocrx_word' id='word_1_461' title='bbox 1892 2063 2020 2104; x_wconf 87' lang='lat' dir='ltr'>habet</span> <span class='ocrx_word' id='word_1_462' title='bbox 2039 2062 2294 2103; x_wconf 86' lang='lat' dir='ltr'>nascibilitas</span> <span class='ocrx_word' id='word_1_463' title='bbox 2313 2063 2356 2103; x_wconf 91' lang='lat' dir='ltr'>in</span> <span class='ocrx_word' id='word_1_464' title='bbox 2374 2062 2480 2104; x_wconf 90' lang='lat' dir='ltr'>Filio</span> 
     </span>
     <span class='ocr_line' id='line_1_73' title="bbox 1453 2133 2483 2186; baseline 0 -11"><span class='ocrx_word' id='word_1_465' title='bbox 1453 2136 1505 2176; x_wconf 81' lang='lat' dir='ltr'>ad.</span> <span class='ocrx_word' id='word_1_466' title='bbox 1526 2135 1787 2186; x_wconf 86' lang='lat' dir='ltr'>filiationem,</span> <span class='ocrx_word' id='word_1_467' title='bbox 1812 2135 1869 2175; x_wconf 88' lang='lat' dir='ltr'>ita</span> <span class='ocrx_word' id='word_1_468' title='bbox 1894 2134 2193 2175; x_wconf 81' lang='lat' dir='ltr'>innascibilitas</span> <span class='ocrx_word' id='word_1_469' title='bbox 2213 2135 2258 2174; x_wconf 89' lang='lat' dir='ltr'>in</span> <span class='ocrx_word' id='word_1_470' title='bbox 2289 2133 2411 2176; x_wconf 86' lang='lat' dir='ltr'>Patre</span> <span class='ocrx_word' id='word_1_471' title='bbox 2430 2135 2483 2175; x_wconf 90' lang='lat' dir='ltr'>ad</span> 
     </span>
     <span class='ocr_line' id='line_1_74' title="bbox 1454 2205 2483 2260; baseline -0.001 -12"><span class='ocrx_word' id='word_1_472' title='bbox 1454 2207 1747 2260; x_wconf 85' lang='lat' dir='ltr'>paternitatem</span> <span class='ocrx_word' id='word_1_473' title='bbox 1772 2222 1780 2247; x_wconf 90' lang='lat'>:</span> <span class='ocrx_word' id='word_1_474' title='bbox 1804 2206 1875 2247; x_wconf 90' lang='lat' dir='ltr'>sed</span> <span class='ocrx_word' id='word_1_475' title='bbox 1893 2207 1938 2246; x_wconf 92' lang='lat' dir='ltr'>in</span> <span class='ocrx_word' id='word_1_476' title='bbox 1957 2205 2062 2246; x_wconf 89' lang='lat' dir='ltr'>Filio</span> <span class='ocrx_word' id='word_1_477' title='bbox 2083 2206 2228 2246; x_wconf 86' lang='lat' dir='ltr'>eadem</span> <span class='ocrx_word' id='word_1_478' title='bbox 2255 2208 2318 2246; x_wconf 87' lang='lat' dir='ltr'>est</span> <span class='ocrx_word' id='word_1_479' title='bbox 2337 2206 2483 2247; x_wconf 86' lang='lat' dir='ltr'>relatio</span> 
     </span>
     <span class='ocr_line' id='line_1_75' title="bbox 1453 2279 2220 2330; baseline -0.003 -11"><span class='ocrx_word' id='word_1_480' title='bbox 1453 2279 1720 2327; x_wconf 84' lang='lat' dir='ltr'>nascibilitas,</span> <span class='ocrx_word' id='word_1_481' title='bbox 1740 2282 1780 2319; x_wconf 90' lang='lat' dir='ltr'>et</span> <span class='ocrx_word' id='word_1_482' title='bbox 1799 2279 1946 2318; x_wconf 85' lang='lat' dir='ltr'>filiatio</span> <span class='ocrx_word' id='word_1_483' title='bbox 1969 2293 1977 2318; x_wconf 90' lang='lat'>:</span> <span class='ocrx_word' id='word_1_484' title='bbox 2001 2290 2120 2330; x_wconf 84' lang='lat' dir='ltr'>ergo,</span> <span class='ocrx_word' id='word_1_485' title='bbox 2143 2281 2220 2318; x_wconf 91' lang='lat' dir='ltr'>etc.</span> 
     </span>
    </p>

    <p class='ocr_par' dir='ltr' id='par_1_15' title="bbox 1454 2349 2487 2760">
     <span class='ocr_line' id='line_1_76' title="bbox 1507 2349 2487 2402; baseline -0.001 -11"><span class='ocrx_word' id='word_1_486' title='bbox 1507 2355 1547 2391; x_wconf 72' lang='lat'>4.</span> <span class='ocrx_word' id='word_1_487' title='bbox 1570 2351 1674 2391; x_wconf 88' lang='lat' dir='ltr'>Item</span> <span class='ocrx_word' id='word_1_488' title='bbox 1689 2383 1698 2401; x_wconf 98' lang='lat'>,</span> <span class='ocrx_word' id='word_1_489' title='bbox 1724 2349 2034 2402; x_wconf 66' lang='lat' dir='ltr'>Philosophus⁶</span> <span class='ocrx_word' id='word_1_490' title='bbox 2053 2349 2111 2390; x_wconf 87' lang='lat' dir='ltr'>ait</span> <span class='ocrx_word' id='word_1_491' title='bbox 2142 2364 2150 2390; x_wconf 79' lang='lat' dir='ltr'>z</span> <span class='ocrx_word' id='word_1_492' title='bbox 2178 2365 2196 2388; x_wconf 66' lang='grc' dir='ltr'>ι(</span> <span class='ocrx_word' id='word_1_493' title='bbox 2218 2349 2413 2390; x_wconf 85' lang='lat' dir='ltr'>Primum</span> <span class='ocrx_word' id='word_1_494' title='bbox 2444 2352 2487 2390; x_wconf 91' lang='lat' dir='ltr'>et</span> 
     </span>
     <span class='ocr_line' id='line_1_77' title="bbox 1454 2421 2486 2476; baseline 0 -13"><span class='ocrx_word' id='word_1_495' title='bbox 1454 2423 1713 2476; x_wconf 84' lang='lat' dir='ltr'>principium</span> <span class='ocrx_word' id='word_1_496' title='bbox 1744 2422 1858 2463; x_wconf 89' lang='lat' dir='ltr'>idem</span> <span class='ocrx_word' id='word_1_497' title='bbox 1890 2422 1996 2462; x_wconf 91' lang='lat' dir='ltr'>dico.</span> <span class='ocrx_word' id='word_1_498' title='bbox 2034 2436 2052 2459; x_wconf 82' lang='lat'>›)</span> <span class='ocrx_word' id='word_1_499' title='bbox 2092 2421 2173 2462; x_wconf 88' lang='lat' dir='ltr'>Sed</span> <span class='ocrx_word' id='word_1_500' title='bbox 2212 2422 2486 2464; x_wconf 74' lang='lat' dir='ltr'>innascibilis</span> 
     </span>
     <span class='ocr_line' id='line_1_78' title="bbox 1455 2493 2484 2546; baseline 0.001 -12"><span class='ocrx_word' id='word_1_501' title='bbox 1455 2494 1552 2534; x_wconf 89' lang='lat' dir='ltr'>dicit</span> <span class='ocrx_word' id='word_1_502' title='bbox 1564 2494 1669 2535; x_wconf 88' lang='lat' dir='ltr'>illud</span> <span class='ocrx_word' id='word_1_503' title='bbox 1689 2493 1802 2546; x_wconf 91' lang='lat' dir='ltr'>quod</span> <span class='ocrx_word' id='word_1_504' title='bbox 1822 2493 1920 2533; x_wconf 89' lang='lat' dir='ltr'>dicit</span> <span class='ocrx_word' id='word_1_505' title='bbox 1936 2493 1983 2533; x_wconf 89' lang='lat' dir='ltr'>in</span> <span class='ocrx_word' id='word_1_506' title='bbox 2002 2493 2165 2534; x_wconf 89' lang='lat' dir='ltr'>ratione</span> <span class='ocrx_word' id='word_1_507' title='bbox 2183 2494 2310 2546; x_wconf 89' lang='lat' dir='ltr'>primi</span> <span class='ocrx_word' id='word_1_508' title='bbox 2323 2506 2332 2544; x_wconf 91' lang='lat'>;</span> <span class='ocrx_word' id='word_1_509' title='bbox 2346 2497 2484 2546; x_wconf 72' lang='lat' dir='ltr'>pater,</span> 
     </span>
     <span class='ocr_line' id='line_1_79' title="bbox 1455 2564 2486 2618; baseline -0.001 -13"><span class='ocrx_word' id='word_1_510' title='bbox 1455 2565 1499 2605; x_wconf 92' lang='lat' dir='ltr'>in</span> <span class='ocrx_word' id='word_1_511' title='bbox 1531 2565 1693 2606; x_wconf 84' lang='lat' dir='ltr'>ratione</span> <span class='ocrx_word' id='word_1_512' title='bbox 1725 2565 1922 2618; x_wconf 88' lang='lat' dir='ltr'>principii</span> <span class='ocrx_word' id='word_1_513' title='bbox 1955 2577 1965 2604; x_wconf 76' lang='grc' dir='ltr'>ε</span> <span class='ocrx_word' id='word_1_514' title='bbox 2001 2577 2103 2617; x_wconf 86' lang='lat' dir='ltr'>ergo</span> <span class='ocrx_word' id='word_1_515' title='bbox 2134 2565 2282 2606; x_wconf 88' lang='lat' dir='ltr'>dicunt</span> <span class='ocrx_word' id='word_1_516' title='bbox 2309 2564 2486 2605; x_wconf 87' lang='lat' dir='ltr'>eandem</span> 
     </span>
     <span class='ocr_line' id='line_1_80' title="bbox 1454 2637 2487 2690; baseline -0.001 -12"><span class='ocrx_word' id='word_1_517' title='bbox 1454 2638 1748 2679; x_wconf 87' lang='lat' dir='ltr'>habitudinem</span> <span class='ocrx_word' id='word_1_518' title='bbox 1774 2640 1814 2678; x_wconf 92' lang='lat' dir='ltr'>et</span> <span class='ocrx_word' id='word_1_519' title='bbox 1840 2637 2091 2678; x_wconf 88' lang='lat' dir='ltr'>relationem</span> <span class='ocrx_word' id='word_1_520' title='bbox 2114 2650 2124 2678; x_wconf 72' lang='grc' dir='ltr'>ι</span> <span class='ocrx_word' id='word_1_521' title='bbox 2147 2649 2250 2690; x_wconf 87' lang='lat' dir='ltr'>ergo</span> <span class='ocrx_word' id='word_1_522' title='bbox 2279 2649 2366 2678; x_wconf 92' lang='lat' dir='ltr'>non</span> <span class='ocrx_word' id='word_1_523' title='bbox 2387 2639 2487 2677; x_wconf 88' lang='lat' dir='ltr'>sunt</span> 
     </span>
     <span class='ocr_line' id='line_1_81' title="bbox 1456 2709 2207 2760; baseline -0.003 -10"><span class='ocrx_word' id='word_1_524' title='bbox 1456 2709 1553 2750; x_wconf 71' lang='lat' dir='ltr'>duee</span> <span class='ocrx_word' id='word_1_525' title='bbox 1570 2709 1807 2760; x_wconf 87' lang='lat' dir='ltr'>relationes,</span> <span class='ocrx_word' id='word_1_526' title='bbox 1830 2709 1902 2749; x_wconf 88' lang='lat' dir='ltr'>sed</span> <span class='ocrx_word' id='word_1_527' title='bbox 1922 2721 2009 2749; x_wconf 88' lang='lat' dir='ltr'>una</span> <span class='ocrx_word' id='word_1_528' title='bbox 2025 2711 2207 2749; x_wconf 87' lang='lat' dir='ltr'>tantum.</span> 
     </span>
    </p>
   </div>
   <div class='ocr_carea' id='block_1_9' title="bbox 1818 2847 2119 2891">
    <p class='ocr_par' dir='ltr' id='par_1_16' title="bbox 1818 2847 2119 2891">
     <span class='ocr_line' id='line_1_82' title="bbox 1818 2847 2119 2891; baseline -0.003 -2"><span class='ocrx_word' id='word_1_529' title='bbox 1818 2847 2119 2891; x_wconf 88' lang='lat' dir='ltr'>CONCLUSIO.</span> 
     </span>
    </p>
   </div>
   <div class='ocr_carea' id='block_1_10' title="bbox 1458 2952 2490 3297">
    <p class='ocr_par' dir='ltr' id='par_1_17' title="bbox 1458 2952 2490 3297">
     <span class='ocr_line' id='line_1_83' title="bbox 1458 2952 2488 2998; baseline -0.002 -9"><span class='ocrx_word' id='word_1_530' title='bbox 1458 2953 1732 2990; x_wconf 75' lang='lat' dir='ltr'>Innczscz&#39;bilitas</span> <span class='ocrx_word' id='word_1_531' title='bbox 1752 2953 1867 2987; x_wconf 75' lang='lat' dir='ltr'>aliam</span> <span class='ocrx_word' id='word_1_532' title='bbox 1887 2953 2065 2987; x_wconf 68' lang='lat' dir='ltr'>rationem</span> <span class='ocrx_word' id='word_1_533' title='bbox 2085 2953 2261 2997; x_wconf 77' lang='lat' dir='ltr'>importat</span> <span class='ocrx_word' id='word_1_534' title='bbox 2280 2952 2319 2986; x_wconf 78' lang='lat' dir='ltr'>in</span> <span class='ocrx_word' id='word_1_535' title='bbox 2334 2962 2488 2998; x_wconf 77' lang='lat' dir='ltr'>persona</span> 
     </span>
     <span class='ocr_line' id='line_1_84' title="bbox 1506 3011 2488 3057; baseline -0.001 -9"><span class='ocrx_word' id='word_1_536' title='bbox 1506 3014 1654 3055; x_wconf 74' lang='lat' dir='ltr'>Patris,</span> <span class='ocrx_word' id='word_1_537' title='bbox 1693 3014 1766 3048; x_wconf 74' lang='lat' dir='ltr'>sire</span> <span class='ocrx_word' id='word_1_538' title='bbox 1809 3014 1983 3057; x_wconf 74' lang='lat' dir='ltr'>quantum</span> <span class='ocrx_word' id='word_1_539' title='bbox 2026 3011 2074 3046; x_wconf 78' lang='lat' dir='ltr'>ad</span> <span class='ocrx_word' id='word_1_540' title='bbox 2111 3011 2375 3056; x_wconf 78' lang='lat' dir='ltr'>principalem,</span> <span class='ocrx_word' id='word_1_541' title='bbox 2415 3013 2488 3047; x_wconf 81' lang='lat' dir='ltr'>sive</span> 
     </span>
     <span class='ocr_line' id='line_1_85' title="bbox 1507 3070 2489 3118; baseline -0.001 -11"><span class='ocrx_word' id='word_1_542' title='bbox 1507 3075 1680 3118; x_wconf 73' lang='lat' dir='ltr'>quantum</span> <span class='ocrx_word' id='word_1_543' title='bbox 1706 3071 1754 3107; x_wconf 80' lang='lat' dir='ltr'>acl</span> <span class='ocrx_word' id='word_1_544' title='bbox 1785 3072 2045 3116; x_wconf 71' lang='lat' dir='ltr'>consequentem</span> <span class='ocrx_word' id='word_1_545' title='bbox 2072 3070 2304 3113; x_wconf 73' lang='lat' dir='ltr'>intellectum,</span> <span class='ocrx_word' id='word_1_546' title='bbox 2339 3081 2415 3105; x_wconf 81' lang='lat' dir='ltr'>eum</span> <span class='ocrx_word' id='word_1_547' title='bbox 2445 3081 2489 3106; x_wconf 70' lang='lat' dir='ltr'>ew</span> 
     </span>
     <span class='ocr_line' id='line_1_86' title="bbox 1505 3128 2490 3179; baseline -0.001 -13"><span class='ocrx_word' id='word_1_548' title='bbox 1505 3131 1708 3179; x_wconf 75' lang='lat' dir='ltr'>principali</span> <span class='ocrx_word' id='word_1_549' title='bbox 1737 3131 1835 3165; x_wconf 72' lang='lat' dir='ltr'>(licat</span> <span class='ocrx_word' id='word_1_550' title='bbox 1869 3132 2060 3175; x_wconf 76' lang='lat' dir='ltr'>respectum</span> <span class='ocrx_word' id='word_1_551' title='bbox 2092 3128 2140 3163; x_wconf 80' lang='lat' dir='ltr'>ad</span> <span class='ocrx_word' id='word_1_552' title='bbox 2172 3131 2397 3176; x_wconf 74' lang='lat' dir='ltr'>principium</span> <span class='ocrx_word' id='word_1_553' title='bbox 2424 3140 2490 3176; x_wconf 75' lang='lat' dir='ltr'>per</span> 
     </span>
     <span class='ocr_line' id='line_1_87' title="bbox 1507 3188 2487 3237; baseline -0.003 -11"><span class='ocrx_word' id='word_1_554' title='bbox 1507 3191 1648 3226; x_wconf 73' lang='lat' dir='ltr'>modum</span> <span class='ocrx_word' id='word_1_555' title='bbox 1679 3191 1924 3237; x_wconf 45' lang='lat' dir='ltr'>privationi&amp;</span> <span class='ocrx_word' id='word_1_556' title='bbox 1960 3189 2071 3224; x_wconf 82' lang='lat' dir='ltr'>Pater</span> <span class='ocrx_word' id='word_1_557' title='bbox 2103 3198 2183 3223; x_wconf 70' lang='lat' dir='ltr'>vero</span> <span class='ocrx_word' id='word_1_558' title='bbox 2219 3188 2307 3224; x_wconf 72' lang='lat' dir='ltr'>dicit</span> <span class='ocrx_word' id='word_1_559' title='bbox 2339 3189 2487 3224; x_wconf 80' lang='lat' dir='ltr'>habitu-</span> 
     </span>
     <span class='ocr_line' id='line_1_88' title="bbox 1508 3248 2438 3297; baseline -0.002 -11"><span class='ocrx_word' id='word_1_560' title='bbox 1508 3251 1626 3287; x_wconf 83' lang='lat' dir='ltr'>dinem</span> <span class='ocrx_word' id='word_1_561' title='bbox 1646 3251 1694 3285; x_wconf 80' lang='lat' dir='ltr'>ad</span> <span class='ocrx_word' id='word_1_562' title='bbox 1708 3251 1973 3297; x_wconf 73' lang='lat' dir='ltr'>principiatnm</span> <span class='ocrx_word' id='word_1_563' title='bbox 1988 3258 2054 3295; x_wconf 72' lang='lat' dir='ltr'>per</span> <span class='ocrx_word' id='word_1_564' title='bbox 2073 3248 2212 3284; x_wconf 74' lang='lat' dir='ltr'>modam</span> <span class='ocrx_word' id='word_1_565' title='bbox 2228 3250 2438 3295; x_wconf 71' lang='lat' dir='ltr'>positionis.</span> 
     </span>
    </p>
   </div>
   <div class='ocr_carea' id='block_1_11' title="bbox 1515 3348 2488 3405">
    <p class='ocr_par' dir='ltr' id='par_1_18' title="bbox 1515 3348 2488 3405">
     <span class='ocr_line' id='line_1_89' title="bbox 1515 3348 2488 3405; baseline -0.003 -12"><span class='ocrx_word' id='word_1_566' title='bbox 1515 3352 1636 3405; x_wconf 87' lang='lat' dir='ltr'>Resp.</span> <span class='ocrx_word' id='word_1_567' title='bbox 1657 3351 1709 3392; x_wconf 85' lang='lat' dir='ltr'>ad</span> <span class='ocrx_word' id='word_1_568' title='bbox 1731 3351 1835 3403; x_wconf 84' lang='lat' dir='ltr'>Arg.</span> <span class='ocrx_word' id='word_1_569' title='bbox 1868 3348 2098 3390; x_wconf 88' lang='lat' dir='ltr'>Dicendum</span> <span class='ocrx_word' id='word_1_570' title='bbox 2121 3349 2233 3402; x_wconf 87' lang='lat' dir='ltr'>quod</span> <span class='ocrx_word' id='word_1_571' title='bbox 2259 3349 2353 3400; x_wconf 85' lang='lat' dir='ltr'>hoc,</span> <span class='ocrx_word' id='word_1_572' title='bbox 2375 3349 2488 3402; x_wconf 88' lang='lat' dir='ltr'>quod</span> 
     </span>
    </p>
   </div>
   <div class='ocr_carea' id='block_1_12' title="bbox 1460 3480 2489 3619">
    <p class='ocr_par' dir='ltr' id='par_1_19' title="bbox 1460 3480 2489 3619">
     <span class='ocr_line' id='line_1_90' title="bbox 1460 3480 2486 3524; baseline -0.007 -8"><span class='ocrx_word' id='word_1_573' title='bbox 1460 3491 1584 3524; x_wconf 79' lang='lat' dir='ltr'>xxvni,</span> <span class='ocrx_word' id='word_1_574' title='bbox 1606 3491 1702 3524; x_wconf 80' lang='lat' dir='ltr'>q.11;</span> <span class='ocrx_word' id='word_1_575' title='bbox 1732 3483 1820 3513; x_wconf 84' lang='lat' dir='ltr'>Petr.</span> <span class='ocrx_word' id='word_1_576' title='bbox 1855 3480 1896 3511; x_wconf 86' lang='lat' dir='ltr'>de</span> <span class='ocrx_word' id='word_1_577' title='bbox 1914 3481 2063 3519; x_wconf 62' lang='lat' dir='ltr'>Tarant„</span> <span class='ocrx_word' id='word_1_578' title='bbox 2090 3481 2099 3511; x_wconf 93' lang='grc'>1</span> <span class='ocrx_word' id='word_1_579' title='bbox 2120 3480 2222 3520; x_wconf 81' lang='lat' dir='ltr'>Sent.,</span> <span class='ocrx_word' id='word_1_580' title='bbox 2252 3480 2329 3512; x_wconf 86' lang='lat' dir='ltr'>dist.</span> <span class='ocrx_word' id='word_1_581' title='bbox 2354 3487 2486 3520; x_wconf 81' lang='lat' dir='ltr'>xxvm,</span> 
     </span>
     <span class='ocr_line' id='line_1_91' title="bbox 1462 3528 2489 3574; baseline -0.003 -12"><span class='ocrx_word' id='word_1_582' title='bbox 1462 3542 1496 3574; x_wconf 89' lang='lat' dir='ltr'>q.</span> <span class='ocrx_word' id='word_1_583' title='bbox 1516 3539 1563 3562; x_wconf 80' lang='lat' dir='ltr'>VI.</span> <span class='ocrx_word' id='word_1_584' title='bbox 1590 3549 1629 3554; x_wconf 89' lang='lat'>-—</span> <span class='ocrx_word' id='word_1_585' title='bbox 1648 3531 1659 3549; x_wconf 87' lang='lat'>³</span> <span class='ocrx_word' id='word_1_586' title='bbox 1682 3532 1781 3571; x_wconf 61' lang='lat' dir='ltr'>Aug„</span> <span class='ocrx_word' id='word_1_587' title='bbox 1801 3529 1839 3560; x_wconf 83' lang='lat' dir='ltr'>cle</span> <span class='ocrx_word' id='word_1_588' title='bbox 1867 3528 2000 3568; x_wconf 65' lang='lat' dir='ltr'>Trina„</span> <span class='ocrx_word' id='word_1_589' title='bbox 2024 3528 2083 3560; x_wconf 88' lang='lat' dir='ltr'>lib.</span> <span class='ocrx_word' id='word_1_590' title='bbox 2116 3528 2163 3569; x_wconf 92' lang='lat' dir='ltr'>V,</span> <span class='ocrx_word' id='word_1_591' title='bbox 2191 3538 2221 3561; x_wconf 89' lang='grc'>0.</span> <span class='ocrx_word' id='word_1_592' title='bbox 2252 3535 2307 3570; x_wconf 80' lang='lat' dir='ltr'>VI,</span> <span class='ocrx_word' id='word_1_593' title='bbox 2331 3537 2365 3560; x_wconf 88' lang='grc'>11.</span> <span class='ocrx_word' id='word_1_594' title='bbox 2391 3529 2422 3559; x_wconf 83' lang='grc' dir='ltr'>Ἱ.</span> <span class='ocrx_word' id='word_1_595' title='bbox 2448 3543 2489 3550; x_wconf 92' lang='grc'>--</span> 
     </span>
     <span class='ocr_line' id='line_1_92' title="bbox 1461 3575 2104 3619; baseline -0.008 -7"><span class='ocrx_word' id='word_1_596' title='bbox 1461 3579 1474 3601; x_wconf 75' lang='grc'><strong><em>”</em></strong></span> <span class='ocrx_word' id='word_1_597' title='bbox 1488 3578 1639 3619; x_wconf 85' lang='lat' dir='ltr'>Aristot.,</span> <span class='ocrx_word' id='word_1_598' title='bbox 1659 3579 1783 3610; x_wconf 77' lang='lat' dir='ltr'>Poster.</span> <span class='ocrx_word' id='word_1_599' title='bbox 1804 3575 1862 3609; x_wconf 87' lang='lat' dir='ltr'>lib.</span> <span class='ocrx_word' id='word_1_600' title='bbox 1884 3575 1919 3616; x_wconf 88' lang='grc'>1,</span> <span class='ocrx_word' id='word_1_601' title='bbox 1945 3577 2037 3607; x_wconf 87' lang='grc'><strong>00111.</strong></span> <span class='ocrx_word' id='word_1_602' title='bbox 2054 3577 2104 3608; x_wconf 88' lang='grc'>13.</span> 
     </span>
    </p>
   </div>
   <div class='ocr_carea' id='block_1_13' title="bbox 1720 920 2613 972">
    <p class='ocr_par' dir='ltr' id='par_1_20' title="bbox 1720 920 2613 972">
     <span class='ocr_line' id='line_1_93' title="bbox 1720 920 2613 972; baseline 0 -11"><span class='ocrx_word' id='word_1_603' title='bbox 1720 925 1757 961; x_wconf 88' lang='grc'>1.</span> <span class='ocrx_word' id='word_1_604' title='bbox 1793 920 1938 963; x_wconf 85' lang='grc'><strong>01111115</strong></span> <span class='ocrx_word' id='word_1_605' title='bbox 1970 922 2118 962; x_wconf 88' lang='lat' dir='ltr'>relatio</span> <span class='ocrx_word' id='word_1_606' title='bbox 2154 922 2198 962; x_wconf 91' lang='lat' dir='ltr'>in</span> <span class='ocrx_word' id='word_1_607' title='bbox 2228 921 2382 963; x_wconf 88' lang='lat' dir='ltr'>divinis</span> <span class='ocrx_word' id='word_1_608' title='bbox 2410 924 2471 962; x_wconf 88' lang='lat' dir='ltr'>est</span> <span class='ocrx_word' id='word_1_609' title='bbox 2504 934 2547 961; x_wconf 70' lang='lat' dir='ltr'>Aa</span> <span class='ocrx_word' id='word_1_610' title='bbox 2561 943 2613 972; x_wconf 58' lang='lat' dir='ltr'>ops</span> 
     </span>
    </p>
   </div>
  </div>
 </body>
</html>
