2613 3990
278 235 355 274 272
1037 237 1448 278 SENTENTIARUM
1480 238 1576 279 LIB.
1610 238 1638 278 Ι.

962 411 1446 473 DISTINCTIO
1490 414 1669 475 XVII

882 570 930 598 DE
963 569 1168 599 1NV151131L1
1202 568 1386 598 MISSIONE
1418 555 1606 600 SPffliTUS
1637 572 1793 601 SANCTI.

330 684 425 728 Jam
445 701 561 728 nunc
577 685 828 728 accedamus
847 685 898 729 ad
921 685 1226 743 assignandam
1248 685 1497 730 missionem
1511 687 1702 747 Spiritus
1721 690 1874 746 sancti,
1896 705 1981 748 qua
2001 687 2277 731 invisibiliter
2297 687 2398 730 mit-

273 761 379 805 titur
404 762 448 805 in
481 762 607 805 corda
637 761 853 806 fidelium.
888 762 998 806 Nam
1022 763 1109 822 ipse
1141 762 1330 821 Spiritus
1350 769 1544 820 sanctus,
1569 765 1643 824 qui
1665 765 1782 810 Deus
1801 771 1877 822 est,
1903 782 1950 809 ac
1973 765 2097 809 tertia
2119 765 2164 808 in
2193 764 2404 808 Trinitate

271 854 470 897 persona,
494 844 540 881 ut
562 855 693 898 supra
713 845 932 883 ostensum
955 846 1032 896 est,
1056 857 1080 883 a
1099 840 1243 895 Patre,
1267 846 1307 884 et
1326 841 1455 897 Filio,
1480 854 1527 883 ac
1554 840 1780 899 semetipso
1812 839 2110 900 temporaliter
2129 838 2337 898 procedit,
2361 838 2404 881 id

271 922 347 969 cst,
380 916 568 959 mittitur
600 932 647 960 ac
682 916 868 961 donatur
899 917 1117 961 fidelibus.
1151 917 1233 961 Sed
1263 933 1362 976 quae
1392 918 1446 962 sit
1475 918 1554 961 ista
1588 917 1733 961 missio
1755 918 1845 961 sive
1865 918 2058 973 donatio,
2080 916 2149 960 vel
2170 931 2257 975 quo
2278 915 2406 959 modo

272 992 363 1042 fiat,
387 993 750 1037 conshlcrandum
776 1000 852 1038 est.

122 1086 246 1113 rmum-
330 1070 419 1113 IIoc
435 1076 579 1114 autem
597 1077 645 1114 ut
660 1071 982 1128 intelligibilius
1004 1072 1164 1126 doceri,
1187 1088 1234 1116 ac
1255 1073 1428 1132 plenius
1444 1072 1628 1131 perspici
1648 1072 1804 1126 valeat,
1823 1072 2176 1130 praemittendum
2200 1075 2263 1113 est
2281 1069 2408 1129 quid-

116 1132 248 1204 quiii'isv„
270 1146 368 1189 «lam
392 1147 442 1190 ad
465 1148 544 1191 hoc
564 1149 690 1192 valde
712 1150 1018 1193 necessarium.
1054 1150 1230 1193 Dictum
1258 1150 1437 1209 quidem
1459 1157 1521 1192 est
1540 1165 1687 1208 supra,
1711 1157 1751 1192 ct
1770 1149 1899 1192 sacris
1918 1148 2248 1193 auctoritatibus
2267 1153 2408 1191 osten-

110 1212 248 1279 ..Zsslssjssfssi
270 1239 384 1278 sum,
417 1225 533 1283 quod
564 1225 755 1284 Spiritus
782 1233 956 1270 sanctus
975 1242 1097 1270 amor
1115 1233 1177 1271 est
1202 1227 1345 1271 Patris
1373 1232 1413 1270 et
1440 1226 1559 1281 Filii,
1588 1242 1675 1285 quo
1695 1241 1738 1269 se
1757 1226 1941 1271 invicem
1967 1232 2129 1282 amant,
2153 1232 2194 1269 et
2214 1241 2307 1269 nos.
2331 1224 2409 1268 His

110 1303 247 1362 Πζῗὲω
271 1307 412 1344 autem
443 1302 693 1346 addendum
717 1309 777 1347 est
804 1311 833 1358 ¹,
863 1304 978 1363 quod
1014 1305 1103 1363 ipse
1128 1305 1244 1348 idem
1277 1305 1466 1363 Spiritus
1498 1309 1672 1348 sanctus
1703 1309 1764 1347 est
1792 1319 1940 1360 amor,
1966 1304 2056 1348 sive
2081 1304 2266 1347 charitas
2288 1339 2296 1359 ,
2321 1319 2409 1362 qua

138 1386 225 1410 rium,

127 1420 234 1446 scilicet

122 1461 241 1529 <liliis
272 1455 452 1511 diligere
482 1457 621 1501 Deum
657 1464 699 1501 et
730 1459 1004 1517 proximum,
1042 1465 1146 1503 tunc
1178 1459 1369 1519 Spiritus
1388 1464 1562 1503 sanctus
1581 1459 1739 1502 dicitur
1757 1458 1871 1502 mitti
1890 1458 1960 1501 vel
1981 1458 2075 1502 dari
2094 1458 2218 1501 nobis
2243 1474 2251 1501 ε
2273 1457 2408 1516 etqui

122 1512 236 1611 {iupus
270 1533 413 1590 diligit
434 1535 571 1592 ipsam
592 1536 867 1580 dilectionem
890 1553 977 1596 qua
1006 1537 1150 1594 diligit
1182 1538 1454 1597 proximum,
1490 1537 1537 1581 in
1567 1553 1616 1581 eo
1635 1537 1728 1595 ipso
1749 1537 1887 1581 Deum
1910 1536 2082 1594 diligit:
2106 1537 2211 1596 quia
2229 1537 2321 1596 ipsa
2345 1534 2410 1578 di-

109 1590 170 1654 ml(
188 1595 248 1661 Ἤ.
271 1609 393 1653 lectio
414 1611 529 1655 Deus
548 1619 609 1656 est
631 1618 660 1667 2,
682 1613 725 1656 id
748 1619 825 1669 est,
849 1614 1040 1673 Spiritus
1060 1621 1247 1659 sanctus.

127 1669 227 1737 dllfflss
329 1688 365 1731 N
371 1705 391 1732 c
423 1696 569 1733 autem
596 1691 641 1733 iu
663 1706 708 1733 re
730 1697 847 1734 tanta
869 1692 1036 1751 aliquid
1058 1693 1109 1736 de
1132 1698 1279 1736 nostro
1300 1698 1493 1737 astruere
1515 1693 1759 1748 videamur,
1784 1693 1914 1736 sacris
1934 1691 2262 1735 auctoritatibus
2291 1689 2408 1750 quod

111 1752 198 1778 heum
222 1757 246 1779 ct

132 1795 227 1828 prm,
267 1765 431 1809 dictum
452 1773 513 1810 cst
533 1769 879 1812 corroboremus.
904 1770 965 1812 De
986 1770 1066 1813 hoc
1087 1771 1364 1828 Augustinus
1391 1771 1438 1814 in
1459 1775 1610 1815 octavo
1639 1771 1751 1814 libro
1784 1770 1836 1814 cle
1876 1772 1910 1813 T
1906 1770 2092 1814 rinitate
2127 1769 2186 1812 ait
2207 1774 2220 1796 ³
2245 1785 2253 1811 :
2280 1786 2301 1810 α
2324 1767 2410 1819 Qui

134 1846 206 1863 minu
215 1860 218 1863 .

272 1394 348 1421 nos
367 1379 590 1435 diligimus
610 1381 779 1436 Deum,
801 1387 841 1424 et
862 1382 1112 1440 proximum
1149 1399 1158 1425 τ
1186 1398 1285 1442 quae
1322 1382 1509 1425 charitas
1538 1397 1638 1425 cum
1668 1382 1728 1425 ita
1756 1382 1883 1425 estin
1910 1381 2051 1435 nobis,
2087 1387 2137 1425 ut
2172 1397 2250 1424 nos
2282 1381 2410 1424 faciat

109 1887 240 1914 probatio
268 1844 518 1902 proximum
530 1845 691 1903 diligit,
714 1861 982 1906 consequens
1007 1852 1070 1891 θεῖ
1089 1854 1137 1891 ut
1151 1848 1288 1906 ipsam
1304 1848 1519 1908 praecipue
1538 1848 1815 1892 dilectionem
1837 1848 2007 1905 diligat.
2044 1848 2160 1891 Deus
2180 1851 2326 1890 autem
2346 1844 2412 1889 di-

126 1930 236 1997 σςιξξιὲξυ-
268 1920 392 1964 lectio
423 1928 484 1965 cst
509 1939 517 1965 :
540 1938 807 1982 consequens
829 1939 932 1982 ergo
952 1930 1035 1982 est,
1067 1930 1116 1968 ut
1146 1926 1364 1985 praecipue
1392 1926 1533 1969 Deum
1561 1926 1729 1983 diligat.
1758 1944 1780 1968 >)
1804 1926 1914 1969 Item
1935 1926 1981 1969 in
2003 1925 2154 1970 eodem
2175 1926 2188 1947 ¹⁸
2214 1941 2223 1968 :
2252 1942 2273 1967 «
2295 1926 2410 1967 Deus

135 1993 144 1997 u
160 1983 175 1997 υ
200 1980 220 1997 IS

121 2022 171 2059 pgr
185 2022 248 2039 auc·
267 1997 441 2042 dilectio
475 2009 551 2053 est,
580 2006 629 2043 ut
648 2001 706 2043 ait
731 2001 920 2046 Joannes
949 2003 1169 2062 apostolus
1195 2022 1203 2048 :
1232 2010 1282 2048 ut
1302 2004 1410 2063 quid
1431 2019 1535 2061 ergo
1554 2004 1670 2047 imus
1690 2009 1731 2047 et
1751 2003 1970 2048 currimus
1991 2004 2037 2047 in
2057 2003 2264 2047 sublimia
2282 2003 2412 2047 coelo-

109 2058 234 2083 mmms
267 2091 382 2131 rum,
406 2083 447 2120 et
465 2078 554 2121 ima
572 2083 807 2135 terrarum,
831 2086 1077 2138 quaerentes
1095 2096 1197 2124 eum
1219 2082 1296 2140 qui
1316 2087 1379 2125 est
1398 2081 1515 2141 apud
1536 2097 1631 2138 nos,
1654 2082 1689 2125 si
1709 2097 1788 2125 nos
1808 2082 1925 2141 apud
1947 2097 2048 2125 euru
2069 2097 2158 2126 esse
2185 2081 2408 2125 velimus?

266 2152 403 2197 Nemo
424 2154 538 2199 dicat
557 2172 565 2198 :
581 2155 678 2199 Non
700 2156 804 2200 novi
824 2157 931 2216 quid
951 2158 1133 2215 diligam
1157 2175 1166 2202 ε
1191 2159 1344 2216 diligat
1365 2159 1562 2215 fratrem,
1579 2165 1621 2203 et
1640 2159 1791 2217 diliget
1815 2160 1870 2219 (a)
1899 2159 2095 2203 eamdem
2115 2159 2406 2203 dilectionem.

265 2231 403 2288 Magis
435 2232 552 2276 enim
587 2233 710 2276 novit
740 2233 1016 2278 dilectionem
1050 2252 1138 2294 qua.
1169 2237 1337 2294 diligit,
1361 2252 1497 2296 quam
1517 2238 1696 2282 fratrem
1721 2253 1854 2297 quem
1875 2237 2035 2295 diligit.
2059 2238 2164 2281 Ecce
2179 2236 2271 2296 jam
2292 2242 2411 2296 potes

267 2310 480 2353 notiorem
499 2310 640 2353 Deum
662 2311 836 2368 habere,
859 2328 992 2371 quam
1014 2314 1193 2358 fratrem
1220 2331 1229 2358 :
1254 2315 1382 2373 plane
1401 2316 1639 2372 notiorem,
1661 2316 1765 2375 quia
1794 2316 2122 2374 praesentiorem
2145 2350 2155 2371 ,
2178 2316 2282 2374 quia
2302 2314 2412 2358 inte—

268 2387 426 2430 riorem
445 2423 454 2442 ,
487 2388 592 2446 quia
619 2389 862 2433 certiorem.
882 2391 1157 2449 Amplecterc
1174 2392 1451 2437 dilectionem
1472 2393 1634 2447 Deum,
1659 2399 1699 2437 et
1718 2393 1947 2437 dilectione
1967 2393 2230 2452 amplectere
2250 2392 2407 2436 Deum.

267 2464 363 2522 Ipsa
383 2470 445 2507 est
464 2465 653 2520 dilectio,
677 2482 775 2525 quae
796 2482 946 2511 omnes
964 2468 1102 2513 bonos
1123 2470 1318 2527 angelos,
1345 2476 1386 2514 et
1412 2486 1564 2514 omnes
1587 2471 1662 2514 Dei
1682 2486 1828 2514 servos
1853 2471 2067 2515 consociat
2087 2470 2265 2514 vinculo
2289 2485 2412 2514 sanc-

268 2542 416 2585 titatis.
441 2542 615 2594 Quanto
635 2559 738 2601 ergo
759 2545 950 2589 saniores
982 2562 1135 2590 sumus
1155 2563 1180 2591 a
1200 2553 1371 2592 tumore
1399 2549 1614 2608 superbiae
1630 2585 1641 2602 ‚
1667 2554 1787 2593 tanto
1811 2565 1964 2593 sumus
1989 2548 2218 2593 dilectione
2244 2547 2411 2608 plenio-

268 2633 335 2662 res
360 2636 368 2662 :
386 2625 425 2662 et
446 2635 534 2679 quo
555 2620 639 2663 nisi
658 2621 746 2665 Deo
767 2622 923 2680 plenus
942 2629 1022 2679 est,
1044 2624 1122 2684 qui
1142 2625 1300 2684 plenus
1320 2632 1382 2670 est
1401 2627 1663 2671 dilectione?
1688 2643 1710 2668 ))
1732 2627 1810 2669 His
1828 2626 1972 2670 verbis
1991 2626 2093 2670 satis
2115 2626 2302 2670 ostendit
2319 2627 2411 2670 Au-

268 2697 470 2754 gustinus
490 2698 607 2757 quod
627 2698 803 2743 dilectio
824 2700 931 2759 ipsa,
955 2717 1043 2761 qua
1064 2702 1291 2760 diligimus
1317 2704 1458 2748 Deum
1491 2705 1559 2749 vel
1588 2704 1861 2764 proximum,
1892 2703 2009 2748 Deus
2042 2710 2117 2748 est.
2153 2703 2237 2747 Sed
2267 2703 2410 2747 adhuc

270 2774 460 2833 apertius
479 2775 524 2818 in
542 2775 691 2820 eodem
713 2776 826 2821 libro
848 2778 995 2822 subdit
1016 2779 1029 2800 ⁵
1057 2796 1065 2823 :
1093 2798 1114 2821 «
1134 2780 1420 2826 Dilectionem
1448 2783 1686 2826 fraternam
1719 2787 1936 2842 quantum
1966 2782 2240 2826 commendet
2279 2780 2412 2824 Joan-

270 2867 344 2894 nes
375 2854 610 2911 apostoluS‚
633 2854 908 2899 attendamus
928 2861 940 2881 ⁶
965 2873 973 2900 :
1001 2858 1087 2912 Qui
1106 2857 1268 2918 diliqit,
1291 2860 1452 2920 inquit,
1470 2861 1679 2919 fratrem,
1705 2860 1753 2903 in
1772 2860 1939 2904 leonine
1957 2868 2131 2914 manet,
2156 2868 2197 2903 et
2219 2858 2411 2903 scanda-

268 2928 358 2972 lam
382 2930 427 2973 in
449 2947 495 2975 eo
515 2947 603 2975 non
624 2940 702 2976 est.
728 2933 1007 2978 Manifestum
1031 2941 1092 2978 est
1113 2937 1231 2995 quod
1246 2937 1428 2996 justitia}
1449 2938 1756 2996 perfectionem
1776 2937 1823 2981 in
1842 2938 1987 2981 fratris
2007 2937 2236 2981 dilectione
2255 2953 2411 2997 posue-

271 3007 327 3049 rit
351 3023 359 3049 :
383 3024 483 3051 nam
507 3009 658 3069 inquo
678 3011 932 3055 scandalum
955 3028 1043 3056 non
1064 3019 1142 3071 est,
1166 3015 1320 3073 utique
1340 3016 1555 3074 perfectus
1578 3021 1654 3059 est.
1678 3018 1729 3059 Et
1752 3020 1896 3060 tamen
1926 3015 2100 3059 videtur
2133 3015 2409 3060 dilectionem

268 3083 347 3128 Dei
376 3086 558 3130 tacuisse
585 3105 593 3130 ι
617 3089 736 3147 quod
758 3104 988 3148 nunquam
1016 3090 1202 3147 faceret,
1228 3092 1312 3135 nisi
1331 3093 1436 3152 quia
1455 3093 1502 3136 in
1525 3093 1618 3152 ipsa
1638 3094 1829 3137 fraterna
1855 3093 2083 3137 dilectione
2106 3093 2203 3137 vult
2221 3093 2410 3151 intelligi

268 3161 425 3206 Deum.
443 3165 723 3222 Apertissime
736 3162 853 3209 enim
876 3167 923 3209 in
943 3167 1092 3211 eadem
1113 3169 1295 3228 epistola
1308 3170 1439 3229 paulo
1456 3177 1551 3229 post
1566 3171 1623 3214 ait
1640 3171 1745 3214 itast:
1766 3170 2065 3224 Dilectissimi,
2085 3170 2327 3231 diliqamus
2340 3171 2407 3214 in-

266 3240 419 3296 vicem,
438 3241 540 3300 quia
560 3241 733 3286 dilectio
754 3260 805 3287 θῶ
821 3246 908 3288 Deo
924 3253 1012 3288 est:
1035 3254 1077 3289 et
1096 3247 1238 3290 omnis
1260 3247 1334 3306 qui
1353 3247 1516 3307 diliqz’t,
1536 3263 1588 3291 ea:
1608 3250 1696 3291 Deo
1716 3257 1849 3292 natus
1871 3256 1947 3301 est,
1973 3256 2014 3291 et
2030 3250 2229 3308 corstzovz't
2244 3252 2401 3293 Deum.

271 3318 354 3372 Qui
375 3334 463 3362 non
485 3318 634 3378 clilz‘yc't
651 3355 661 3374 ,
683 3336 771 3364 non
793 3323 994 3381 coqnovz't
1013 3325 1169 3378 Deum,
1196 3326 1298 3384 quia
1325 3327 1440 3369 Deus
1471 3325 1647 3370 dilectio
1675 3335 1754 3370 est.
1782 3326 1868 3370 Ista
1897 3326 2114 3370 contextio
2139 3327 2241 3371 satis
2261 3332 2407 3387 aperte

312 3421 322 3441 ¹
340 3420 535 3460 Conclusio,
561 3421 674 3461 inqua
694 3422 855 3463 Magister
873 3424 1102 3456 communiter
1120 3434 1192 3456 non
1207 3427 1352 3467 tenetur,
1370 3427 1406 3457 ut
1425 3425 1540 3458 videre
1556 3428 1607 3458 est
1626 3426 1659 3457 in
1674 3427 1847 3459 erroribus
1861 3426 2008 3459 selectis.
2030 3445 2071 3451 —-
2086 3428 2098 3449 2
2120 3428 2131 3459 l
2153 3429 2265 3468 Jorm„
2284 3436 2332 3469 1v‚
2349 3430 2402 3461 16.

269 3484 308 3489 -
323 3467 336 3488 ³
353 3468 739 3548 8ug.,7c}{{lrinit.‚711}
763 3470 851 3509 vul,
871 3481 898 3502 c.
922 3480 981 3512 vii,
1003 3481 1038 3503 n.
1062 3474 1111 3504 10.
1133 3490 1173 3496 —
1191 3473 1279 3513 ild„
1302 3483 1332 3506 c.
1355 3480 1404 3505 v11
1423 3475 1456 3505 et
1476 3481 1551 3515 viu,
1572 3476 1677 3506 u.12.
1699 3474 1765 3498 —5
1786 3474 1849 3517 ld„
1867 3484 1896 3507 c.
1918 3482 1999 3516 vm,
2020 3484 2055 3507 n.
2093 3478 2144 3508 12.
2177 3494 2212 3499 -—
2235 3477 2276 3508 ⁶1
2300 3477 2407 3515 Joan„

272 3518 437 3554 11,1.—-
523 3517 649 3556 i.‚1v,
691 3532 735 3547 -.

313 3576 354 3614 (a)
376 3576 457 3608 Coet.
478 3575 556 3608 edit.
577 3575 709 3617 diligat.
