2613 3990
136 3267 273 3297 Fundam.

890 226 1139 267 DISTJNCT.
1170 225 1290 269 XXX.
1321 226 1439 266 ART.
1469 226 1499 266 I.
1532 227 1727 276 QUAEST.
1760 228 1790 268 I.

292 316 502 368 subjectis,
535 316 593 356 ita
628 316 739 368 quod
762 327 899 356 unum
932 328 1030 355 eum
1057 315 1138 355 alio
1169 319 1209 356 et
1240 329 1314 369 per

291 388 405 428 aliud
427 401 437 427 :
460 388 554 428 ideo
574 400 660 428 non
682 391 743 428 est
757 388 868 428 ultra
887 399 1078 439 quaerere
1099 387 1211 427 aliud
1231 400 1315 440 quo

291 460 547 500 referuntur.

718 525 809 553 DUB.
836 525 879 554 v.

310 596 381 627 Neo
399 598 514 627 tamen
533 596 675 627 dicimus
696 596 856 636 Spiritum
876 598 1030 627 sanetum
1050 594 1166 626 referri
1185 595 1227 625 ad
1246 604 1294 626 se.

344 674 495 714 Contra
518 688 526 714 :
549 673 723 714 Videtur
740 684 860 724 posse
886 673 1032 712 referri
1059 672 1109 713 ad
1130 685 1194 722 se,
1216 672 1317 724 quia

291 744 471 797 Spiritus
498 746 666 784 sanetus
689 746 751 783 est
779 743 940 783 donum
971 758 979 783 :
1002 746 1042 783 et
1062 744 1223 783 donum
1249 755 1317 783 re-

290 816 505 856 fertur'ad
537 816 764 856 donantem
795 829 804 855 z
838 819 877 855 et
910 816 997 868 ipse
1029 818 1090 855 est
1121 815 1313 855 donans:

290 899 394 939 ergo
425 886 659 927 necessario
691 886 955 927 concluditur
987 887 1101 939 quod
1138 887 1317 926 refertur

291 958 343 998 ad
361 970 420 998 se.

345 1028 467 1083 Resp‘.
493 1029 723 1070 Dicendum
742 1029 855 1082 quod
872 1029 952 1069 1100
974 1041 1148 1079 nomen,
1173 1029 1317 1081 Spiri-

292 1104 358 1142 tus
371 1104 562 1151 sanctus,
577 1100 675 1140 dicit
688 1100 936 1140 relationem
955 1100 1187 1140 seeundum
1203 1112 1313 1140 esse:

291 1174 332 1211 et
352 1171 459 1221 ideo,
481 1171 582 1224 quia
598 1172 801 1212 relatione
831 1171 1066 1211 secundnm
1097 1183 1184 1211 esse
1212 1171 1318 1210 nihil

291 1242 469 1282 refertur
494 1243 545 1283 ad
572 1243 776 1295 seipsum,
804 1242 1038 1283 seeundum
1064 1243 1176 1283 idem
1200 1243 1317 1283 nullo

291 1313 416 1354 modo
436 1312 616 1366 Spiritus
636 1318 820 1364 sanctus,
840 1315 882 1353 in
904 1317 1114 1367 quantum
1129 1315 1314 1367 spiritus,

290 1385 343 1425 ad
361 1397 405 1426 se
423 1386 603 1426 refertur
629 1401 638 1427 :
660 1386 730 1427 sed
752 1387 912 1426 donum
936 1399 1022 1427 non
1047 1390 1212 1426 tantum
1233 1386 1316 1425 im-

290 1460 429 1512 portat
458 1443 706 1499 relationem
735 1458 971 1498 secundum
1001 1470 1112 1506 esse,
1144 1461 1191 1497 ut
1218 1460 1318 1509 puta

291 1542 390 1571 cum
406 1530 505 1571 dicit
522 1531 816 1571 auctoritatem
839 1530 881 1569 in
914 1530 1060 1580 dante3
1091 1529 1162 1569 sed
1190 1529 1317 1569 etiam

291 1602 525 1643 secundum
544 1602 719 1643 modum
740 1601 929 1652 dicendi,
958 1604 1005 1641 ut
1024 1600 1194 1653 quando
1219 1600 1319 1640 dicit

290 1673 533 1725 largitatem
552 1676 592 1714 et
607 1676 854 1726 potestatem
869 1673 913 1712 in
933 1672 1115 1712 donante
1132 1684 1142 1711 :
1159 1674 1200 1711 et
1219 1671 1319 1723 quia

293 1744 431 1785 taliter
449 1748 583 1798 potest
605 1746 839 1785 seeundum
858 1744 1033 1784 modum
1056 1742 1318 1794 intelligendi

292 1817 527 1869 comparari
546 1816 596 1857 ad
618 1829 676 1865 se,
689 1817 852 1867 datum,
871 1816 914 1855 111
931 1818 1139 1868 quantum
1153 1814 1316 1862 datum,

293 1887 446 1929 dieitur
464 1888 516 1929 ad
536 1900 602 1938 se;
624 1888 671 1928 in
689 1891 899 1940 quantum
920 1888 1044 1936 dans,
1066 1899 1153 1927 11011
1188 1900 1198 1927 ;
1225 1887 1317 1927 ideo

292 1960 481 2001 concedit
511 1960 623 2012 quod
645 1959 867 2012 appellatio
890 1959 973 1999 dati
994 1958 1061 1999 vel
1089 1958 1230 1999 donati
1253 1970 1318 1998 re-

290 2032 424 2071 fertur
444 2031 497 2071 ad
515 2029 721 2083 Spiritum
741 2032 950 2079 sanetum,
970 2042 1056 2070 non
1071 2033 1213 2071 autem
1230 2029 1319 2082 Spi-

292 2103 400 2145 ritus
418 2106 601 2145 sanetus.

609 2248 931 2293 ARTICULUS
962 2249 981 2291 I
987 2283 996 2293 .

346 2389 411 2430 Ad
439 2388 766 2440 intelligentiam
795 2401 958 2440 eorum,
993 2402 1089 2442 quae
1123 2390 1320 2430 dicuntur

292 2462 337 2501 in
356 2461 435 2501 hae
453 2460 731 2512 distinetione,
750 2461 831 2501 tria
850 2464 1104 2513 quaeruntur
1124 2477 1134 2502 z
1154 2462 1291 2514 primo
1304 2493 1316 2512 ,

294 2535 442 2573 utrum
468 2532 626 2584 aliquid
651 2532 813 2571 dicatur
841 2531 892 2572 de
918 2531 1001 2572 Deo
1024 2544 1075 2572 ex
1101 2535 1315 2585 tempore;

293 2601 494 2650 secundo,
516 2601 613 2641 dato
635 2601 746 2653 quod
775 2600 847 2651 sio,
876 2601 1084 2653 quaeritur
1103 2604 1250 2642 utrum
1271 2614 1319 2642 ea

293 2686 389 2727 quae
417 2673 617 2715 dicuntur
646 2673 697 2713 de
725 2672 806 2712 Deo
828 2684 881 2713 ex
900 2676 1104 2726 tempore,
1126 2674 1319 2716 dicantur

292 2757 367 2798 per
386 2757 447 2798 se,
480 2744 550 2786 vel
568 2756 644 2796 per
662 2743 878 2794 aeciden53
902 2745 1025 2785 tertio
1042 2778 1052 2796 ,
1075 2748 1222 2785 utrum
1249 2746 1317 2786 di-

292 2819 444 2856 cantur
476 2815 711 2856 seeundum
742 2815 1044 2867 substantiam,
1078 2829 1133 2857 an
1162 2829 1318 2859 5001111-

293 2886 398 2928 dum
416 2886 678 2927 relationem.
1102 2883 1107 2886 ’

657 3035 892 3086 QUAESTIO
922 3036 954 3077 1.

340 3151 403 3185 An
418 3148 458 3185 de
472 3151 542 3185 Deo
561 3159 685 3185 nomen
696 3148 845 3194 aliquod
863 3159 905 3184 ea:
917 3151 1070 3196 tempore
1080 3149 1224 3187 dicatur
1241 3151 1266 3185 ¹.

307 3280 310 3286 .
349 3252 467 3302 Quod
486 3253 628 3306 aliqua
645 3253 839 3293 dicantur
858 3252 908 3293 de
928 3253 1010 3294 Deo
1030 3266 1084 3295 ex
1102 3257 1290 3308 tempore
1303 3289 1313 3308 ,

296 3324 531 3365 ostenditur
544 3325 604 3365 510
623 3337 632 3363 :
650 3323 743 3365 Non
760 3327 821 3365 est
839 3324 1053 3376 dominus,
1070 3326 1151 3366 nisi
1165 3327 1317 3369 habeat

338 3407 349 3428 ¹
365 3407 418 3448 Cf.
437 3407 531 3439 Alex.
548 3408 678 3447 Alens.,
693 3416 729 3449 p.
743 3409 768 3448 I,
789 3417 824 3448 q.
840 3415 914 3445 L111,
929 3409 1055 3442 memb.
1071 3412 1109 3449 23
1132 3411 1166 3443 S.
1181 3410 1315 3452 Thom.,

294 3464 330 3495 p.
352 3455 384 3495 Ι,
404 3464 437 3497 q.
454 3463 537 3495 xm,
557 3458 621 3488 art.
636 3457 675 3496 73
696 3459 729 3487 et
749 3456 760 3486 1
780 3456 870 3487 Sent.
891 3456 966 3488 dist.
981 3465 1074 3497 xxx,
1095 3467 1128 3499 q.
1144 3466 1178 3498 1,
1197 3461 1258 3491 art.
1276 3461 1314 3499 13

297 3503 402 3543 scot„
432 3503 445 3534 1
465 3503 570 3541 Sem„
594 3504 672 3535 dist.
687 3511 778 3543 xxx,
807 3511 890 3544 q.1;
913 3503 1026 3545 AEgid.
1043 3506 1156 3546 Rom.,
1179 3507 1188 3536 1
1211 3506 1315 3547 Seut,

297 3549 373 3581 dist.
386 3558 476 3592 xxx,
496 3560 531 3592 q.
548 3559 584 3591 13
604 3551 775 3591 Riehard.,
795 3551 807 3582 Ι
825 3550 931 3592 Sem„
950 3551 1026 3584 dist.
1039 3560 1131 3594 xxx,
1151 3563 1184 3594 q.
1200 3561 1228 3593 13
1251 3554 1316 3585 Du-

504 3622 602 3653 TOM.
631 3622 661 3651 1.

2333 244 2407 282 481

1391 328 1585 367 servum,
1608 318 1715 358 sicut
1742 318 2149 371 (11011Α11ξ3111511111152
2172 341 2180 366 ε
2203 328 2274 368 sed
2302 329 2410 372 Deus

1392 386 1546 427 dicitur
1570 389 1765 429 dominus
1788 402 1797 428 z
1819 392 1860 429 et
1877 402 1962 430 non
1991 392 2140 435 habuit
2169 397 2221 437 ab
2253 402 2410 442 aeterno

1392 470 1590 500 servum:
1613 473 1715 512 ergo
1734 474 1787 501 ex
1806 464 1993 514 tempore
2017 478 2025 503 ε
2049 478 2166 518 ergo,
2189 473 2265 510 ete.

1446 529 1550 569 Item
1582 531 1735 571 actioni
1767 533 1990 585 respondet
2022 537 2182 588 passio,
2213 540 2271 580 ita
2299 545 2412 595 quod

1392 603 1492 640 sunt
1517 601 1671 642 simul:
1695 602 1766 643 sed
1797 603 1906 644 Deus
1937 608 2048 645 creat
2081 619 2091 646 ε
2124 620 2226 660 ergo
2255 613 2413 666 aliquid

1393 674 1560 713 creatur
1588 687 1597 713 ε
1627 674 1697 714 sed
1733 687 1819 715 non
1848 680 2015 716 creatur
2054 678 2212 731 aliquid
2242 683 2322 723 nisi
2362 698 2414 726 ex

1391 746 1607 796 tempore:
1631 757 1734 797 ergo
1762 758 1850 787 non
1870 751 1981 788 creat
2009 748 2092 789 nisi
2121 762 2175 792 ex
2194 754 2381 807 tempore
2403 771 2411 797 :

1393 827 1510 867 ergo,
1533 818 1611 857 eto.

1447 887 1551 928 Item
1568 888 1674 929 nulli
1693 891 1889 931 convenit
1909 903 1997 933 esse
2016 893 2234 936 hominem
2255 898 2335 938 nisi
2363 913 2417 942 ex

1392 961 1594 1012 tempore,
1611 973 1660 1001 eo
1680 961 1792 1013 quod
1807 975 1894 1004 esse
1907 964 2147 1008 humanum
2164 969 2289 1012 habet
2303 973 2415 1025 prin-

1392 1030 1551 1083 cipium
1574 1044 1584 1071 ε
1609 1032 1680 1072 sed
1707 1032 1790 1074 Deo
1820 1037 2018 1077 convenit
2046 1051 2135 1081 esse
2164 1041 2382 1085 hominem
2405 1060 2414 1086 ε

1392 1114 1495 1153 ergo
1512 1115 1565 1143 ex
1586 1106 1788 1156 tempore.

1445 1174 1563 1224 Item,
1584 1176 1691 1216 sieut
1710 1189 1754 1217 se
1772 1177 1897 1218 habet
1915 1182 2145 1234 temporale
2173 1186 2225 1226 ad
2253 1189 2417 1242 tempo-

1394 1248 1495 1298 rale,
1517 1248 1574 1288 ita
1602 1252 1811 1290 aeternum
1842 1252 1894 1291 ad
1920 1256 2128 1295 aeternum
2152 1270 2162 1297 :
2185 1270 2287 1311 ergo
2321 1274 2420 1304 mu-

1394 1320 1480 1358 tata
1495 1321 1779 1371 proportione,
1802 1322 1909 1362 siout
1930 1336 1972 1364 se
1991 1325 2117 1367 habet
2137 1332 2348 1374 aeternum
2367 1336 2419 1376 ad

1392 1391 1642 1442 temporale,
1664 1391 1722 1432 ita
1742 1395 1974 1446 temporale
2002 1397 2053 1437 ad
2085 1403 2294 1443 aeternum
2318 1420 2326 1445 :
2348 1407 2419 1447 sed

1395 1463 1605 1501 aeternum
1627 1463 1683 1502 510
1703 1476 1744 1504 56
1764 1464 1903 1515 habet,
1926 1469 2039 1520 quod
2063 1470 2216 1513 dieitur
2239 1475 2289 1516 de
2308 1480 2419 1519 tem-

1392 1533 1539 1584 porali,
1554 1536 1601 1573 ut
1620 1547 1717 1574 eum
1735 1535 1908 1579 dieitur:
1929 1538 2107 1583 «Petrus
2121 1548 2182 1585 est
2201 1550 2421 1599 praedesti-

1392 1606 1516 1643 natus
1538 1618 1546 1644 :
1572 1620 1590 1642 1)
1616 1617 1720 1657 ergo
1749 1610 1789 1647 et
1817 1611 2048 1662 temporale
2079 1618 2231 1666 poterit
2258 1620 2340 1661 diei
2369 1623 2420 1665 de

1393 1676 1566 1715 aeterno.

1447 1748 1598 1790 Contra
1621 1765 1630 1791 :
1654 1754 1692 1791 11.
1715 1751 1849 1794 Omne
1869 1758 2100 1810 temporale
2120 1764 2181 1802 est
2201 1768 2390 1808 creatum

2406 1801 2416 1820 7
2471 1790 2517 1816 Ad
2533 1798 2581 1825 op-

1393 1819 1463 1859 sed
1484 1819 1592 1862 Deus
1609 1826 1669 1862 est
1685 1823 1918 1867 increatus:
1939 1831 1979 1868 et
1996 1829 2154 1872 horum
2169 1837 2230 1875 est
2251 1849 2420 1880 summa
2439 1840 2502 1868 1³⁰5·

1393 1892 1586 1934 distantia
1612 1908 1620 1934 z
1639 1895 1711 1935 sed
1727 1896 1899 1938 illorum
1919 1899 2031 1941 inter
2050 1915 2146 1955 quae
2168 1909 2229 1946 est
2249 1921 2419 1953 summa

1392 1963 1609 2016 distantia,
1634 1979 1770 2007 unum
1790 1981 1874 2009 non
1894 1972 2148 2023 praedicatur
2172 1977 2222 2019 de
2242 1980 2374 2024 altero
2407 1999 2415 2025 ε

1392 2047 1511 2087 ergo,
1530 2039 1608 2077 eto.

1446 2110 1484 2148 2.
1514 2107 1619 2148 Item
1651 2121 1778 2151 omne
1805 2113 2036 2166 temporale
2067 2121 2128 2159 est
2146 2124 2349 2166 mutabile
2379 2130 2420 2168 et

1394 2180 1594 2221 variabile
1616 2192 1626 2220 :
1649 2182 1721 2222 sed
1747 2194 1873 2224 omne
1902 2185 2006 2227 illud
2035 2188 2086 2229 de
2107 2203 2190 2243 quo
2213 2195 2418 2246 praedica-

1393 2254 1462 2291 tur
1483 2251 1700 2303 mutabile,
1726 2253 1868 2306 ipsum
1886 2260 1947 2297 est
1967 2261 2168 2303 mutabile
2192 2279 2202 2305 z
2224 2278 2323 2307 eum
2342 2268 2420 2322 igi-

1392 2324 1464 2361 tur
1481 2321 1590 2362 Deus
1607 2335 1695 2364 11011
1714 2324 1768 2365 sit
1786 2327 2004 2370 mutabilis
2023 2334 2064 2372 et
2083 2334 2318 2391 variabilis,
2342 2353 2420 2394 pa-

1393 2396 1465 2444 tet,
1489 2396 1567 2434 eto.

1448 2467 1487 2506 3.
1515 2465 1619 2507 Item
1644 2467 1751 2508 nihil
1769 2471 1979 2512 aeternum
2013 2477 2074 2514 est
2104 2488 2157 2518 ex
2188 2481 2376 2534 tempore
2406 2500 2415 2526 ε

1393 2548 1518 2577 0111116
1535 2538 1648 2590 quod
1668 2540 1923 2592 praedicatur
1948 2543 1998 2585 de
2020 2544 2125 2597 Deo,
2147 2553 2208 2590 est
2227 2551 2358 2606 Deus,
2379 2559 2420 2597 et

1392 2607 1450 2648 ita
1468 2612 1678 2649 aeternum
1701 2625 1710 2651 :
1733 2623 1836 2664 ergo
1855 2613 1964 2655 nihil
1995 2619 2131 2668 potest
2156 2620 2237 2662 tale
2263 2622 2316 2678 (a)
2339 2626 2418 2667 dici

1393 2692 1446 2721 ex
1467 2684 1670 2735 tempore.

1445 2756 1484 2793 4.
1518 2753 1622 2794 Item
1653 2767 1780 2797 omne
1810 2759 1923 2810 quod
1953 2764 2014 2801 est
2041 2763 2199 2817 aliquid
2228 2780 2282 2809 ex
2309 2772 2417 2813 tem-

1392 2837 1515 2877 pore,
1544 2825 1692 2878 incipit
1721 2838 1809 2868 esse
1844 2829 2004 2883 aliquid
2046 2837 2159 2887 quod
2198 2851 2284 2881 non
2329 2846 2419 2885 erat

1391 2897 1510 2950 prius
1529 2912 1539 2938 :
1561 2900 1602 2938 et
1621 2910 1749 2940 omne
1765 2900 1846 2941 tale
1861 2905 1923 2942 est
1945 2906 2147 2950 mutabile
2166 2924 2175 2950 :
2193 2922 2297 2965 ergo
2311 2914 2418 2956 nihil

1390 2969 1472 3010 tale
1491 2972 1552 3010 est
1572 2970 1617 3010 in
1636 2970 1718 3012 Deo
1742 2985 1750 3012 :
1775 2984 1893 3025 ergo,
1917 2977 1994 3017 ete.

1445 3043 1488 3084 Si
1509 3044 1622 3084 dicas
1647 3044 1760 3096 quod
1778 3057 1865 3086 11011
1893 3049 2148 3099 praedicatur
2179 3056 2337 3110 aliquid
2366 3061 2416 3102 de

1391 3115 1475 3155 Deo
1494 3127 1547 3156 ex
1564 3118 1753 3168 tempore
1779 3118 2077 3169 praedicatione
2095 3136 2171 3176 per
2190 3131 2416 3172 essentiam

1390 3187 1459 3228 vel
1474 3187 1788 3238 inhaerentiam,
1820 3190 1893 3231 sed
1913 3203 1989 3244 per
2006 3206 2192 3248 causam,
2213 3211 2310 3252 quae
2330 3215 2416 3246 non

1390 3293 1536 3334 raudus,
1552 3294 1575 3352 1
1592 3294 1696 3332 Sent„
1718 3294 1796 3326 dist.
1813 3304 1902 3338 xxx,
1929 3307 1962 3339 q.
1982 3307 2021 3340 v,-
2043 3302 2212 3337 Francisc.
2233 3306 2274 3338 de
2294 3309 2416 3353 Mayr.,

1393 3341 1403 3371 l
1423 3340 1531 3380 Seni„
1546 3341 1624 3372 dist.
1639 3350 1721 3383 XXX,
1737 3351 1818 3385 q.13
1840 3345 1893 3377 Jo.
1912 3346 2072 3390 Baecon.,
2091 3352 2102 3381 I
2120 3352 2224 3392 Sent„
2241 3355 2318 3389 dist.
2333 3366 2403 3391 xxx

1391 3398 1425 3429 q.
1440 3388 1559 3430 unica,
1581 3389 1701 3421 Thom.
1721 3392 1816 3433 Arg„
1837 3395 1849 3426 1
1871 3394 1977 3435 Seni„
1998 3396 2072 3429 dist.
2087 3406 2174 3441 xxx,
2200 3409 2232 3442 q.
2251 3410 2285 3444 1,
2305 3408 2367 3437 art.
2387 3385 2416 3439 Is

1389 3437 1568 3477 —22Aug.,
1597 3437 1636 3468 cle
1656 3438 1761 3477 Trz'n„
1780 3439 1840 3471 lib.
1860 3442 1905 3481 V,
1927 3452 1956 3474 0.
1975 3450 2053 3485 xv1,
2073 3454 2108 3479 n.
2126 3448 2185 3488 175
2205 3450 2346 3485 AriStot.
2382 3455 2415 3486 in

1390 3482 1597 3522 Prcecllcam„
1619 3487 1652 3516 et
1670 3485 1727 3517 lib.
1746 3487 1820 3519 Vlll
1839 3488 1969 3530 Plzgssz'c.
2350 3478 2362 3495 ³

1433 3555 1475 3596 (a)
1493 3555 1587 3588 Edit.
1612 3556 1687 3590 Ven.
1706 3557 1822 3599 talem,
1841 3559 1946 3592 mend.

2176 3631 2222 3671 31

2491 3075 2577 3108 Resp.
