2613 3990
290 266 367 304 220

345 351 464 406 Resp.
487 352 716 393 Dicendum
731 352 844 404 quod
860 354 1008 393 auctor
1021 352 1118 393 dicit
1132 352 1176 391 in
1196 350 1317 393 Patre

290 424 488 465 fontalem
507 424 828 477 plenitudinem,
849 423 950 475 quia
970 424 1056 475 ipse
1077 435 1164 463 non
1185 426 1246 463 est
1265 423 1317 464 ab

291 495 386 546 alio,
409 496 479 536 sed
500 496 570 535 alii
592 495 644 535 ab
664 495 772 547 ipso;
790 496 829 534 et
851 494 947 534 inde
966 494 1063 535 dicit
1087 495 1152 546 (ut
1171 494 1313 547 credo)

292 568 479 608 camdem
501 567 730 615 notionem,
754 577 882 617 quam
902 566 1002 606 dicit
1019 566 1314 616 innascibilis,

291 639 360 678 sed
382 638 587 678 differenti
619 637 743 677 modo
767 650 775 675 ε
800 636 899 689 quia
924 637 1198 678 innascibilis
1221 637 1319 677 dicit

291 708 567 760 privationem
588 706 758 758 prioris3
781 706 851 746 sed
873 711 1018 748 auctor
1037 706 1135 746 dicit
1155 707 1317 747 foecun-

291 779 463 818 (litatem
480 780 519 817 et
534 776 854 829 plenitudinem,
876 780 1066 830 respectu
1090 778 1317 830 proceden-

293 849 397 888 tium
428 848 479 888 ab
508 848 619 900 ipso,
643 860 771 900 quani
792 847 918 888 habet
946 860 1033 888 non
1052 848 1244 898 aliunde3
1279 851 1320 888 et

293 920 384 960 ideo
406 919 557 959 dicitur
577 925 722 961 (luctor
739 920 791 959 ab
812 921 1079 962 uztctorl'tate.
1100 919 1319 960 Auctorila

291 994 430 1031 autem
451 995 511 1031 est
532 992 573 1031 in
596 990 737 1042 Patre,
757 992 858 1045 quia
879 992 991 1044 quod
1010 992 1150 1040 habet,
1171 992 1223 1031 ab
1237 991 1317 1031 alio

293 1063 515 1103 nonhabet
535 1078 542 1104 :
559 1066 599 1104 et
616 1063 695 1104 1100
710 1067 784 1114 651,
804 1064 918 1117 quod
933 1067 993 1104 est
1011 1064 1286 1106 ‘z'mzascibz'lis
1303 1079 1318 1105 .·

291 1138 331 1175 61
350 1135 405 1175 ita
426 1137 539 1188 patet
557 1135 670 1188 quod
690 1139 824 1188 potest
851 1136 931 1176 dici
951 1139 1096 1177 auctor
1122 1137 1316 1177 omnium

293 1218 570 1258 personarum
591 1219 689 1259 quae
716 1210 813 1247 sunt
833 1207 885 1247 ab
912 1207 1016 1259 ipso.
1040 1207 1101 1247 Ex
1120 1207 1187 1247 his
1207 1210 1319 1261 patet

291 1277 522 1329 responsio.
564 1277 659 1318 Dico
691 1278 806 1318 enim
844 1277 956 1330 quod
990 1277 1088 1318 dicit
1123 1278 1316 1319 eamdem

291 1349 505 1390 notionem
521 1362 649 1403 quam
666 1350 981 1398 innascibilitaS,
998 1351 1069 1391 sed
1079 1351 1161 1392 alio
1175 1351 1316 1392 modo.

292 1421 353 1462 Ex
373 1421 452 1461 hoc
472 1425 604 1474 patet,
627 1422 740 1475 quod
760 1434 986 1475 nunquam
1011 1422 1163 1463 dicitur
1184 1423 1320 1464 Filius

291 1496 436 1533 auctor
452 1494 706 1546 spirationis„
727 1495 926 1547 quamvis
945 1494 1095 1548 spiret3
1113 1495 1214 1547 quia
1234 1508 1320 1536 non

291 1564 416 1605 habet
435 1578 458 1605 a
479 1577 536 1614 se,
555 1567 624 1606 sed
640 1566 692 1606 ab
713 1566 794 1607 alio
817 1581 825 1607 :
846 1566 960 1607 unde
986 1569 1134 1607 auctor
1153 1567 1321 1620 proprie

291 1635 442 1677 dicitur
460 1637 715 1690 principium
734 1637 906 1678 alterius
925 1650 1012 1679 non
1032 1639 1084 1679 ab
1104 1638 1202 1679 alio.

725 1778 815 1808 DL'B.
848 1778 891 1808 V.

357 1861 569 1903 Distinguere
590 1862 678 1894 inter
695 1862 784 1916 illan]
806 1862 1076 1917 generationem,
1097 1866 1130 1895 et
1150 1863 1249 1895 istam

610 1919 866 1951 processmnem
882 1920 1011 1943 neselo.

345 1998 519 2039 Videtur
550 1998 643 2039 talis
677 1998 922 2050 ignorantia
953 2011 1041 2040 esse
1073 2000 1295 2052 peccatum
1309 2031 1320 2049 ,

292 2070 395 2122 quia
427 2070 636 2110 distinctio
673 2081 954 2123 personarum
990 2070 1040 2111 de
1076 2071 1322 2112 necessitate

292 2143 354 2182 est
378 2141 476 2182 fidei
496 2144 538 2182 et
555 2141 702 2182 salutis
730 2155 739 2182 :
762 2141 833 2182 sed
859 2141 935 2194 qui
960 2141 1131 2194 ignorat
1157 2154 1207 2183 ea
1227 2153 1323 2195 quae

294 2215 393 2254 sunt
408 2213 459 2253 de
479 2212 726 2254 necessitate
744 2213 856 2263 fidei,
878 2213 1173 2254 damnabiliter
1192 2213 1323 2266 igno-

291 2288 357 2325 rat
377 2296 387 2325 :
410 2297 529 2337 ergo,
552 2287 629 2325 etc.

348 2356 468 2409 11659.
505 2356 736 2397 Dicendum
763 2357 878 2410 quod
912 2357 1070 2410 duplex
1101 2360 1162 2399 est
1191 2359 1319 2410 scire,

294 2430 447 2470 scilicet
476 2429 509 2469 si
537 2432 619 2479 651,
642 2433 681 2470 01
701 2430 822 2470 5101111
842 2432 917 2471 651.
942 2429 1056 2471 Scire
1076 2431 1110 2470 si
1135 2434 1220 2482 est,
1242 2431 1322 2472 1100

296 2503 420 2543 modo
440 2502 787 2543 certitudinaliter
804 2502 972 2543 credere
991 2503 1319 2553 distinctionem,

295 2574 345 2615 de
364 2574 609 2615 necessitate
626 2574 772 2614 salutis
788 2577 863 2625 est,
880 2575 999 2627 large
1012 2578 1182 2628 sumpto
1198 2577 1320 2618 scire.

295 2647 409 2688 Scire
426 2650 569 2688 autem
589 2647 711 2688 sicuti
728 2650 788 2688 est
803 2660 889 2688 non
902 2648 1083 2701 pertinet
1099 2649 1148 2689 ad
1164 2651 1322 2690 statum

294 2719 448 2768 meriti,
464 2720 535 2760 sed
555 2720 717 2772 praemii
736 2732 745 2759 ε
763 2722 802 2760 61
822 2720 872 2760 116
891 2720 971 2760 hac
989 2720 1161 2761 scientia
1179 2721 1320 2774 loqui—

294 2795 364 2832 tur
378 2791 446 2831 hic
460 2791 659 2843 Magister
673 2793 713 2831 et
728 2791 1014 2844 Augustinus.
1031 2792 1081 2832 Et
1093 2795 1193 2833 nota
1209 2793 1322 2845 quod

294 2863 373 2903 tria
406 2863 504 2903 dicit
543 2875 553 2903 :
584 2863 732 2906 Nescio
751 2895 763 2914 ,
800 2866 1009 2916 quantum
1048 2864 1100 2905 ad
1128 2864 1322 2905 habitum

294 2932 500 2984 scientiae3
523 2945 609 2977 mm
625 2934 756 2984 valeo,
774 2937 984 2988 quantum
1003 2935 1055 2975 ad
1072 2935 1319 2987 ingenium3

294 3014 378 3045 non
399 3004 580 3058 sufficio,
599 3008 810 3059 quantum
827 3006 880 3047 ad
899 3008 1149 3059 utrumque.

727 3130 817 3158 DL‘B.
845 3129 904 3158 VI.

351 3218 446 3259 11160
467 3219 662 3271 objicitur
680 3221 730 3262 de
750 3221 830 3263 1100
849 3222 962 3275 quod
981 3221 1080 3262 dicit
1099 3236 1107 3263 :
1135 3237 1153 3261 11
1172 3222 1322 3276 Appel-

297 3289 408 3330 latur
428 3290 665 3343 ingenitus,
686 3305 773 3333 non
798 3293 971 3346 quidem
1000 3293 1045 3334 in
1068 3293 1322 3347 Scripturis,

298 3363 431 3403 sedin
458 3365 761 3405 consuetudine
778 3366 1105 3418 disputantium.
1130 3381 1149 3404 »

353 3435 504 3476 Contra
520 3447 594 3488 per
615 3435 891 3489 Dionysium¹
915 3450 925 3478 :
950 3453 968 3476 «
986 3437 1080 3479 Non
1097 3441 1158 3479 est
1171 3439 1328 3480 auden-

300 3507 402 3548 dum
423 3508 581 3561 aliquid
608 3508 744 3549 dicere
770 3509 820 3550 de
847 3509 918 3550 illa
937 3510 1329 3563 supersubstantiali

349 3591 468 3624 ¹Dion.
484 3592 621 3632 Areop„
643 3591 682 3623 (lc
699 3592 773 3623 Div.
788 3592 926 3624 Nomia.
942 3601 1015 3633 cap.
1037 3595 1067 3624 1.

1043 262 1455 306 SENTENTIARUM
1487 264 1584 305 LlB.
1620 266 1650 306 1.

1389 357 1430 395 61
1451 358 1595 396 sancta
1613 354 1832 402 Trinitate,
1853 355 2006 405 praeter
2028 365 2077 394 ea
2097 366 2193 407 quae
2213 356 2417 397 divinitus

1389 426 1510 466 nobis
1539 438 1592 466 ex
1619 426 1749 466 sacris
1770 424 1947 477 eloquiis
1966 424 2208 466 claruerunt
2236 439 2283 466 ι»
2314 439 2417 480 ergo

1392 497 1499 537 male
1519 497 1708 537 fecerunt
1724 529 1733 545 ,
1757 496 1828 549 qui
1859 508 2016 535 nomen
2042 495 2122 536 1100
2146 497 2415 539 invenerunt.

1446 568 1564 621 Resp.
1587 568 1788 618 Quamvis
1807 568 1916 608 istud
1941 567 2122 608 verbum
2143 580 2231 609 non
2257 570 2419 611 dicatur

1392 639 1437 678 in
1457 639 1682 692 Scripturis
1696 673 1705 690 ,
1727 640 1879 681 dicitur
1901 643 2043 679 tamen
2063 640 2183 680 verbi
2205 640 2337 693 hujus
2353 641 2420 682 in·-

1391 709 1580 750 tcllectus
1603 725 1611 751 :
1635 714 1675 751 et
1694 711 1794 764 quia
1807 711 1986 751 verbnm
2005 723 2091 751 non
2105 713 2165 751 est
2178 712 2417 764 profanum,

1392 793 1468 821 1160
1513 783 1645 822 errori
1687 785 1965 835 conjunctum
1980 815 1990 833 ,
2036 795 2136 823 cum
2186 783 2421 825 intellectus

1392 852 1510 892 verbi
1543 865 1596 893 ex
1629 853 1847 906 Scriptura
1883 858 1923 895 et
1961 854 2042 895 fide
2072 854 2301 904 habeatur,
2334 867 2422 897 non

1392 924 1469 964 suit
1490 928 1636 965 contra
1655 926 1715 965 fas
1734 926 1837 967 illud
1858 927 1937 967 Deo
1955 927 2200 977 attribuere,
2219 929 2268 967 ut
2285 927 2421 980 ipsam

1392 992 1639 1036 Trinitatem
1660 997 1910 1037 conserendo
1928 998 2114 1050 apertius
2133 998 2344 1051 possimus
2360 998 2423 1039 in-

1392 1067 1477 1107 16111
1483 1080 1600 1120 gere.

1808 1135 1898 1164 nun.
1931 1136 2006 1164 vu,

1711 1207 1750 1237 Et
1769 1206 1865 1237 aliter
1885 1207 2104 1248 Augustinus.

1447 1282 1534 1322 Hoc
1553 1294 1642 1323 non
1667 1282 1836 1324 videtur
1861 1296 2011 1324 verum
2027 1316 2037 1334 ,
2061 1284 2161 1337 quia
2192 1285 2271 1325 hoc
2298 1286 2424 1327 modo

1393 1355 1635 1407 ingenitum
1655 1355 1853 1395 convenit
1869 1355 2060 1395 essentiae
2083 1368 2094 1396 ε
2125 1369 2229 1409 ergo
2258 1369 2344 1398 non
2365 1360 2426 1398 est

1397 1427 1531 1467 Patris
1550 1428 1788 1480 proprium.

1450 1498 1571 1551 Resp.
1597 1498 1830 1539 Dicendum
1850 1498 1961 1551 quod
1981 1498 2078 1539 licet
2099 1498 2298 1552 Magister
2318 1500 2427 1541 dicat

1396 1571 1655 1611 intellectum
1685 1571 1944 1623 Augustini,
1977 1574 2120 1611 tamen
2151 1584 2237 1612 non
2272 1576 2423 1614 totum.

1398 1643 1642 1695 Ingenitum
1673 1643 1788 1683 enim
1809 1674 1818 1691 ,
1857 1643 2094 1683 secundum
2131 1644 2244 1696 quod
2276 1644 2428 1686 dicitur

1397 1714 1630 1767 proprietas
1654 1713 1813 1765 Patris,
1843 1715 1982 1768 privat
2012 1727 2102 1756 esse
2129 1716 2182 1756 ab
2212 1716 2318 1767 alio;
2349 1729 2428 1758 nec

1396 1785 1477 1826 hoc
1496 1786 1654 1826 sufficit
1684 1786 1736 1827 ad
1761 1787 1843 1827 hoc
1870 1789 1919 1827 ut
1949 1787 2002 1827 sit
2029 1787 2146 1828 notio
2162 1819 2174 1838 ,
2194 1787 2274 1828 nisi
2300 1788 2428 1829 etiam

1398 1861 1704 1910 consequenter
1733 1858 1843 1899 dicat
1870 1858 1982 1911 quod
2008 1858 2117 1900 alius
2148 1859 2200 1899 sit
2229 1859 2281 1900 ab
2308 1859 2425 1913 ipso;

1397 1929 1498 1983 quia
1512 1961 1524 1980 ‚
1553 1929 1662 1970 sicut
1689 1930 1904 1983 objectum
1929 1933 2011 1981 est,
2033 1942 2121 1971 non
2141 1942 2230 1972 esse
2248 1931 2302 1971 ab
2321 1931 2425 1983 alio,

1397 2002 1486 2043 sive
1505 2014 1591 2043 non
1610 2002 1820 2055 generari,
1840 2002 2039 2043 convenit
2059 2003 2266 2043 essentiae.

1803 2128 1896 2158 DUB.
1926 2126 2018 2157 VIII.

1548 2207 1587 2238 Et
1606 2207 1696 2248 quod
1712 2208 1828 2239 natum
1851 2208 1913 2247 651,
1930 2208 1964 2239 et
1982 2206 2109 2239 sactum
2128 2215 2198 2238 non
2215 2209 2275 2238 est.

1453 2289 1603 2342 Oincit
1632 2289 1761 2330 Arius
1793 2289 1905 2342 quod
1940 2288 2164 2330 duodecim
2195 2289 2280 2329 sint
2315 2289 2430 2330 modi

1399 2362 1687 2414 generationis
1701 2394 1711 2413 ,
1732 2374 1917 2415 quorum
1937 2361 2126 2415 quolibet
2144 2361 2261 2411 dato,
2284 2361 2431 2414 sequi-

1402 2436 1486 2484 tur,
1503 2433 1617 2486 quod
1634 2433 1749 2474 filius
1765 2446 1850 2473 non
1864 2435 2034 2473 tantum
2050 2435 2191 2482 natus,
2213 2433 2283 2473 sed
2302 2433 2431 2473 etiam

1400 2505 1534 2545 factus
1572 2507 1658 2555 est,
1697 2507 1737 2545 et
1767 2505 1844 2545 1105
1883 2505 2028 2545 modos
2060 2504 2179 2557 ponit
2214 2504 2432 2556 disputans

1403 2579 1547 2617 contra
1574 2576 1879 2618 victorianum.
1903 2576 2073 2617 Primus
2091 2575 2243 2616 modus
2262 2578 2324 2616 est
2357 2587 2432 2628 per

1402 2648 1624 2689 defluxum
1634 2648 1757 2689 lineae
1771 2661 1795 2689 a
1810 2651 1981 2701 puncto.
1998 2646 2216 2689 Secundus
2229 2649 2290 2687 est
2302 2659 2432 2699 penes

1400 2720 1671 2761 emissionem
1691 2720 1796 2760 radii
1812 2733 1837 2761 a
1855 2720 1956 2770 sole,
1974 2719 2042 2760 vel
2055 2719 2107 2759 ab
2126 2718 2206 2759 alio
2220 2718 2432 2760 luminoso

1400 2804 1587 2845 corpore.
1611 2791 1778 2832 Tertius
1795 2794 1856 2831 est
1873 2802 2002 2845 penes
2020 2789 2323 2843 sigillationem
2336 2790 2432 2830 cha-

1400 2864 1595 2915 racteris,
1628 2864 1734 2904 sicut
1764 2864 1906 2916 figura
1935 2863 1987 2903 sit
2016 2863 2062 2903 in
2091 2874 2187 2903 cera
2220 2875 2245 2902 a
2275 2862 2429 2915 sigillo.

1401 2936 1585 2985 Quartus
1604 2938 1666 2976 est
1691 2947 1819 2989 penes
1838 2934 2145 2975 immissionem
2159 2965 2169 2982 ,
2191 2935 2240 2974 ut
2262 2933 2432 2986 quando

1400 3019 1426 3048 a
1462 3007 1545 3048 Deo
1587 3007 1712 3048 datur
1752 3008 1863 3048 bona
1904 3006 2115 3047 voluntas.
2155 3003 2338 3054 Quintus
2372 3007 2434 3046 est

1402 3090 1529 3132 penes
1548 3079 1712 3119 exitum
1732 3077 2000 3132 proprietatis
2013 3109 2024 3128 ,
2049 3076 2117 3118 vel
2138 3076 2388 3127 accidentis,
2408 3089 2434 3117 a

1402 3150 1619 3203 principiis
1654 3150 1862 3204 subjecti,
1901 3161 2000 3202 quae
2044 3150 2145 3189 sunt
2181 3147 2358 3188 materia
2393 3149 2434 3188 et

1401 3222 1550 3262 forma.
1592 3221 1746 3263 Sextus
1777 3225 1838 3263 est
1872 3233 1999 3275 penes
2032 3219 2305 3270 intentionis,
2344 3218 2433 3260 sive

1402 3293 1578 3346 speciei,
1599 3294 1923 3335 abstractionem
1940 3325 1950 3344 ,
1973 3292 2082 3332 sicut
2110 3291 2268 3344 species
2287 3302 2433 3331 rerum

1403 3368 1634 3418 generatur
1670 3366 1717 3406 in
1751 3365 1908 3406 anima.
1954 3363 2168 3417 Septimus
2208 3364 2270 3403 est
2306 3372 2433 3415 penes

1403 3437 1722 3486 excitationem,
1745 3437 1852 3478 sicut
1870 3436 2051 3476 liberum
2074 3435 2298 3476 arbitrium
2318 3432 2432 3474 exci-

1404 3512 1540 3550 tatum
1559 3521 1585 3549 a
1602 3509 1740 3561 gratia
1757 3507 1944 3562 procedit
1956 3507 2001 3547 in
2019 3507 2131 3548 bona
2149 3517 2290 3560 opera.
2312 3504 2431 3546 Octa-

1405 3591 1487 3622 vus
1522 3581 1583 3621 est
1600 3585 1740 3633 'penes
1768 3577 2213 3632 transfigurationem,
2242 3577 2350 3618 sicut
2379 3587 2431 3618 ex
