2613 3990
747 201 994 244 DISTINCT.
1026 200 1166 241 XXIII.
1198 199 1316 241 ART.
1346 201 1396 240 11.
1426 199 1624 250 QUAEST.
1657 201 1688 241 I.

147 293 401 347 hypostasis3
424 294 492 335 vel
511 291 561 334 in*
581 292 861 341 concretione,
881 293 922 331 et
940 290 998 330 sic
1017 290 1168 330 dicitur

147 375 338 416 persona.
362 362 441 404 Sed
461 366 605 405 tamen
624 375 770 404 omnes
797 361 866 401 isti
886 360 1000 400 modi
1016 359 1173 399 habent

146 432 417 474 calumniam.
452 434 620 476 Primus
651 434 821 487 quidem
836 464 846 482 ,
881 431 954 484 qui
988 430 1171 470 sumitur

145 515 220 556 per
244 504 532 557 distinguibile
563 509 604 546 et
632 505 898 553 distinctum,
921 501 1021 554 quia
1041 500 1170 540 Graeci

145 577 325 617 utuntur
340 578 548 618 vocabulo
564 575 811 630 hypostasiS,
827 574 899 615 ubi
917 585 994 614 nos
1007 573 1172 613 utimur

143 658 343 699 persona,
374 651 415 688 et
444 648 502 689 ita
533 661 609 701 pro
640 646 854 700 supposito
884 645 1090 685 distincto.
1122 643 1172 684 Et

146 716 426 760 Damascenus
446 720 543 760 dicit
557 721 584 771 ¹,
604 719 715 772 quod
735 716 970 771 hypostasis
990 719 1051 756 est
1071 716 1173 756 sub-

144 789 296 830 stantia
321 803 421 831 cum
444 790 791 844 proprietatiDUS,
819 791 858 829 et
881 788 938 828 ita
961 787 1172 839 significat

145 863 287 902 actum
302 862 562 903 distinctum.
582 861 801 903 Secundus
816 860 966 900 modus
981 858 1173 898 similiter

144 932 561 984 habetfcalumniam,
584 933 684 986 quia
703 933 882 973 essentia
900 943 986 971 non
1004 930 1172 971 videtur

144 1003 285 1056 aliquo
311 1005 436 1045 modo
466 1004 696 1056 significari
720 1006 768 1044 ut
788 1003 830 1043 in
850 1003 1013 1043 ratione
1033 1013 1172 1041 causae

145 1078 338 1128 respectu
358 1076 539 1116 aliorum
552 1107 561 1125 ,
581 1087 680 1116 cum
699 1075 751 1114 sit
769 1086 926 1114 nomen
945 1072 1172 1113 absolutis-

145 1145 319 1187 simum.
354 1147 518 1188 Tertius
550 1147 702 1188 modus
734 1147 860 1187 habet
891 1145 1171 1194 calumniam,

145 1217 246 1270 quia
264 1219 497 1259 substantia
517 1219 783 1271 significatur
802 1218 846 1257 in
869 1217 1147 1258 abstractione
1160 1248 1171 1267 ,

145 1289 255 1330 sicut
269 1291 468 1332 essentia:
483 1293 523 1332 et
533 1294 738 1344 praeterea
751 1293 811 1331 est
822 1289 1014 1338 dubium,
1025 1293 1173 1329 utrum

146 1360 198 1401 sit
220 1361 457 1414 intelligere
471 1362 732 1416 hypostases,
750 1361 968 1402 abstractis
982 1359 1174 1413 proprie-

144 1432 301 1473 tatibus
321 1447 329 1474 :
353 1435 394 1474 et
420 1420 530 1485 ideo,
552 1434 588 1474 si
613 1446 700 1475 non
723 1436 784 1474 est
806 1432 1063 1484 intelligere,
1087 1443 1173 1484 quo

145 1504 272 1545 modo
306 1505 515 1558 contingit
552 1505 792 1558 significare
811 1509 827 1545 ’ἓ
868 1504 918 1545 Et
951 1506 1174 1556 propterea

145 1578 323 1629 quartus
350 1577 504 1618 modus
523 1577 686 1618 dicendi
705 1579 765 1617 est
790 1575 923 1629 quod,
951 1588 1051 1615 cum
1072 1575 1174 1615 fides

145 1647 254 1688 dicat
282 1647 418 1689 Deum
439 1660 527 1689 esse
546 1648 709 1689 trinum
729 1650 769 1689 et
787 1660 948 1697 unum3
975 1647 1018 1686 in
1037 1658 1174 1699 quan-

146 1722 239 1760 tum
268 1719 370 1760 dicit
388 1732 548 1771 unum,
579 1732 666 1760 non
690 1731 916 1772 possumus
940 1717 1176 1769 intelligere

146 1803 300 1841 unum,
317 1791 422 1844 quin
440 1791 731 1843 intelligamus
750 1789 861 1843 quod
881 1792 996 1831 estet
1014 1799 1095 1842 quo
1117 1791 1177 1830 est

145 1874 306 1903 unum:
328 1864 369 1903 et
393 1872 474 1915 quo
506 1866 746 1912 estunam,
776 1861 896 1902 estid
925 1871 1004 1913 qao
1030 1863 1112 1908 63&
1137 1863 1177 1900 et

144 1933 258 1986 quod
277 1936 338 1975 est
357 1946 495 1974 unum
511 1966 521 1985 ,
545 1936 606 1974 est
625 1932 730 1974 illud
747 1932 860 1986 quod
881 1938 953 1974 esc.
982 1931 1176 1972 Primum

145 2007 206 2045 est
227 2004 427 2055 essentia3
451 2004 688 2045 secundum
707 2004 958 2045 substantia.
987 2003 1029 2043 Si
1052 2003 1177 2043 intel—

145 2075 331 2128 ligamus
350 2076 535 2127 trinum,
556 2088 725 2117 necesse
745 2078 806 2116 est
832 2075 946 2128 quod
965 2074 1176 2126 intelliga-

146 2160 244 2188 mus
260 2159 360 2188 eum
378 2147 452 2201 qui
470 2147 764 2200 distinguitur,
787 2150 827 2188 et
845 2159 932 2200 quo
948 2145 1177 2198 distingui-

146 2221 234 2260 tur.
273 2218 363 2268 Quo
398 2219 676 2272 distinguitur
690 2253 699 2271 ,
731 2221 792 2260 est
816 2218 1068 2272 proprietas3
1107 2217 1177 2258 ille

148 2292 291 2330 autem
313 2290 387 2343 qui
411 2290 703 2342 distinguitur,
725 2302 892 2343 semper
912 2289 1178 2342 significatur

147 2364 194 2401 ut
222 2361 457 2402 distinctus.
482 2360 533 2401 Et
554 2361 635 2401 hoc
664 2364 798 2414 potest
825 2373 913 2401 esse
939 2360 1173 2414 dupliciter,

147 2432 214 2473 vel
233 2435 281 2473 ut
301 2432 520 2473 distinctus
537 2433 792 2485 proprietate
807 2443 1091 2485 quacumque,
1108 2430 1177 2471 vel

147 2506 195 2545 ut
221 2504 443 2545 distinctus
462 2505 715 2558 proprietate
738 2504 885 2545 nobili.
906 2502 1099 2543 Primum
1120 2503 1178 2542 si-

148 2576 376 2628 gnificatur
394 2576 566 2617 nomine
584 2576 863 2617 subsistentiae
879 2607 888 2625 ,
908 2587 1004 2627 quae
1023 2563 1177 2615 dicitur

147 2648 285 2700 prima
314 2647 573 2688 substantia:
609 2655 649 2688 et
682 2659 769 2688 non
793 2649 960 2687 tantum
980 2645 1177 2687 convenit

147 2718 366 2760 individuo
385 2718 595 2769 hominis,
617 2719 689 2759 sed
714 2719 842 2759 etiam
872 2718 993 2759 asini.
1019 2717 1177 2758 Secun-

147 2791 252 2832 dum
277 2791 541 2844 significatur
563 2804 638 2845 per
667 2791 748 2832 hoc
766 2803 944 2842 nomen,
965 2801 1173 2843 persona,

147 2863 260 2916 quod
274 2863 475 2916 importat
488 2864 672 2904 nobilem
691 2863 1012 2916 proprietatem:
1031 2866 1072 2903 et
1088 2874 1176 2903 non

148 2936 346 2975 convenit
365 2936 445 2976 nisi
467 2936 681 2989 supposito
707 2935 924 2975 rationalis
944 2937 1147 2976 creaturae
1161 2966 1172 2985 ,

147 3018 223 3059 pro
243 3019 327 3059 qua
353 3006 488 3048 Graeci
516 3011 697 3049 utuntur
725 3007 961 3061 hypostasis
979 3007 1171 3057 nomine,

147 3077 256 3118 sicut
268 3090 346 3119 nos
367 3080 540 3121 nomine
557 3091 769 3133 personae,
790 3082 837 3119 ut
856 3079 956 3119 dicit
978 3079 1148 3120 Boetius
1160 3113 1171 3132 ,

147 3149 222 3202 qui
247 3150 304 3190 ait
333 3151 447 3204 quod
465 3150 600 3192 Graeci
619 3154 800 3192 utuntur
819 3150 991 3191 nomine
1013 3151 1174 3204 hypos-

146 3220 244 3261 tasis
271 3234 348 3275 pro
376 3223 589 3276 supposito
614 3222 829 3264 rationalis
856 3224 1076 3263 creaturae.
1097 3222 1173 3264 His

146 3291 250 3333 visis
264 3294 407 3345 patent
426 3293 604 3346 objecta.

191 3423 309 3456 ¹Joan.
331 3426 501 3465 Damaso„
527 3426 564 3457 de
594 3427 677 3458 Fide
703 3425 844 3464 orthod„
874 3425 934 3456 lib.
963 3425 997 3464 1,
1025 3435 1055 3458 c.
1077 3433 1112 3457 x.
1131 3444 1173 3449 —

146 3471 160 3492 ²
176 3471 229 3512 Cf.
250 3472 345 3504 Alex.
365 3473 508 3514 Alensis,
528 3483 563 3514 p.
584 3474 617 3514 1,
642 3483 674 3515 q.
691 3482 752 3515 LV,
772 3473 899 3504 memb.
916 3474 956 3513 33
980 3473 1015 3505 S.
1037 3473 1171 3515 Thom.,

147 3528 181 3559 p.
199 3520 234 3560 1,
256 3529 289 3561 q.
305 3528 397 3562 xxx,
424 3522 488 3553 art.
507 3524 545 3562 1,
566 3521 609 3553 ad
628 3523 670 3562 43
691 3521 818 3554 Marsit.
840 3521 996 3562 Inguen„
1024 3521 1036 3552 1
1065 3521 1170 3561 8οηί.,

2192 204 2264 241 381

1301 294 1338 341 1,
1360 294 1384 330 ΕΣ
1406 292 1446 330 et
1467 293 1505 330 3.
1530 290 1648 338 Quod
1666 291 1810 329 autem
1829 288 2040 340 objicitur,
2059 289 2171 341 quod
2185 301 2271 329 non

1245 362 1447 403 debemus
1476 362 1610 402 Deum
1638 362 1858 402 nominare
1888 361 2098 410 absolute3
2128 362 2269 402 dicen-

1245 433 1347 473 dum
1375 434 1508 486 quod,
1537 433 1734 485 quamvis
1755 432 2026 473 nominemus
2048 431 2179 471 Deum
2198 444 2273 484 per

1246 508 1479 555 creaturas,
1516 507 1660 545 tamen
1691 505 1817 544 etiam
1848 516 1923 556 per
1955 505 2167 543 creaturas
2201 515 2273 542 co-

1246 576 1490 627 gnoscimus
1510 587 1609 616 eum
1630 575 1785 616 habere
1801 587 1890 616 esse
1906 573 2163 615 absolutum.
2183 573 2274 612 Alia

1244 649 1406 699 patent.

1551 744 1874 789 ARTICULUS
1905 745 1960 787 II.

1300 860 1608 912 Consequenter
1627 863 1689 901 est
1715 861 1890 913 quaestio
1908 861 1958 901 de
1979 859 2276 900 numeratione

1246 931 1471 971 nominum
1496 931 1820 983 praedictorum:
1851 934 1891 971 et
1919 931 2135 984 supposito
2161 931 2275 983 quod

1246 1005 1496 1044 numeretur
1520 1003 1600 1043 1100
1630 1016 1802 1051 nomen,
1829 1004 2030 1053 Persona,
2068 1003 2277 1056 quaeritur

1246 1078 1395 1116 utrum
1430 1076 1474 1115 in
1504 1075 1659 1116 divinis
1691 1079 1942 1116 numeretur
1973 1076 2052 1115 hoc
2089 1087 2274 1123 nomen,

1249 1146 1514 1188 Substantia.
1544 1146 1737 1187 Secundo
1763 1146 1984 1199 quaeritur,
2011 1146 2044 1185 si
2073 1158 2277 1186 numere—

1246 1220 1316 1257 tur
1347 1218 1557 1260 Essentz'a.
1581 1217 1741 1267 Tertio,
1763 1217 1797 1257 si
1828 1217 1908 1257 1100
1938 1229 2116 1266 nomen,
2146 1217 2274 1267 Deus,

1246 1292 1393 1329 utrum
1409 1289 1566 1330 scilicet
1585 1289 1785 1329 catholice
1806 1289 2016 1342 possimus
2033 1288 2168 1329 dicere
2185 1288 2277 1341 plu-

1246 1372 1313 1400 res
1329 1359 1448 1401 Deos.

1611 1445 1847 1496 QUAEsrio
1880 1446 1911 1486 1.

1319 1548 1379 1583 An
1398 1558 1522 1583 nomen
1536 1547 1757 1583 Sabstantz‘oe
1777 1549 1816 1582 in
1836 1547 1973 1582 divinis
1986 1551 2203 1583 attineretur.

1303 1645 1421 1695 Quod
1441 1648 1692 1686 numeretur
1709 1646 1790 1686 hoc
1812 1657 1982 1694 nomen,
2005 1645 2274 1696 Substantia,

1248 1717 1483 1758 ostenditur
1502 1717 1573 1757 sic.
1598 1717 1796 1767 Hilarius,
1816 1716 1867 1758 cle
1891 1716 2077 1770 Synodis
2095 1730 2108 1755 .·
2135 1716 2278 1757 «Sunt

1249 1789 1421 1842 quidem
1437 1800 1512 1841 per
1532 1788 1812 1829 substantiam
1830 1788 1929 1839 tria3
1953 1788 2024 1829 sed
2041 1800 2180 1828 unum
2200 1800 2276 1840 per

1249 1860 1584 1901 consonantiam.
1604 1874 1622 1897 n

1303 1931 1407 1972 Item
1432 1943 1507 1984 per
1532 1931 1804 1982 Anselmum,
1838 1931 1883 1971 in
1910 1931 1995 1971 fine
2018 1930 2248 1982 Monoloqiz'
2263 1943 2278 1969 :

1256 2019 1274 2042 α
1291 2003 1443 2056 Aptius
1465 2006 1550 2043 tres
1567 2003 1767 2043 dicuntur
1784 2002 2048 2042 substantiae.
2070 2016 2089 2039 ))

1304 2074 1409 2115 Item
1427 2074 1597 2114 Boetius
1614 2074 1658 2113 in
1679 2073 1786 2114 libro
1804 2072 1855 2115 cle
1875 2072 2041 2115 duabus
2057 2074 2226 2114 naturis
2241 2077 2281 2115 ec

1249 2158 1340 2188 una
1358 2157 1539 2199 persona
1567 2146 1729 2187 Christz‘
1749 2146 1762 2167 ³
1776 2160 1790 2187 .·
1817 2160 1835 2183 (ι
1856 2144 2040 2185 Dicimus
2063 2156 2198 2185 unam
2216 2156 2281 2185 es-

1251 2218 1443 2267 sentiam,
1464 2220 1504 2258 et
1522 2220 1606 2258 tres
1624 2216 1892 2258 substantias.
1915 2231 1934 2254 n

1304 2290 1407 2330 Item
1450 2289 1531 2330 1100
1576 2289 1717 2342 ipsum
1754 2288 1921 2329 videtur
1958 2288 2120 2329 ratione
2134 2320 2144 2338 ,
2182 2287 2281 2340 quia

1251 2361 1485 2402 substantia
1520 2363 1582 2401 est
1613 2360 1804 2400 medium
1842 2359 1953 2400 inter
1987 2359 2210 2400 essentiam
2240 2360 2282 2398 et

1250 2447 1473 2487 personam
1497 2448 1506 2474 t
1537 2433 1608 2474 sed
1629 2433 1820 2474 medium
1850 2433 1958 2485 sapit
1975 2434 2174 2473 naturam
2200 2443 2280 2471 ex-

1250 2508 1518 2546 tremorum:
1550 2517 1678 2557 ergo,
1710 2504 1803 2557 pari
1831 2504 1994 2544 ratione
2023 2516 2107 2556 qua
2129 2502 2279 2543 dicitur

1250 2590 1338 2618 una
1368 2577 1602 2617 substantia
1630 2577 1682 2617 ab
1710 2577 1873 2617 unitate
1890 2576 2102 2626 essentiae,
2127 2573 2280 2628 poterit

1250 2648 1329 2689 dici
1345 2649 1488 2701 plures
1508 2661 1533 2688 a
1550 2648 1791 2701 pluralitate
1811 2659 2105 2701 personarum.

1304 2720 1407 2761 Item
1419 2752 1429 2771 ,
1459 2720 1600 2760 omnis
1619 2732 1827 2760 numerus
1846 2719 1898 2760 ad
1916 2718 2192 2760 substantiam
2209 2730 2279 2758 re-

1249 2792 1420 2833 ducitur
1453 2792 1743 2845 originaliter3
1774 2803 1998 2844 nunquam
2029 2790 2144 2831 enim
2168 2789 2277 2830 acci-

1250 2864 1390 2905 dentia
1409 2864 1479 2905 vel
1496 2864 1771 2917 proprietates
1795 2865 2080 2904 numerantur
2105 2862 2185 2902 nisi
2202 2874 2278 2915 per

1249 2935 1528 2976 substantiam
1548 2950 1556 2976 :
1577 2935 1648 2976 sed
1667 2937 1785 2975 actus
1804 2937 2100 2983 numerantur,
2120 2936 2161 2974 et
2177 2933 2277 2986 plu-

1248 3007 1390 3047 raliter
1409 3007 1610 3047 dicuntur
1634 3006 1678 3045 in
1706 3005 1860 3046 divinis
1877 3020 1885 3046 :
1908 3018 2011 3058 ergo
2031 3017 2196 3046 necesse
2216 3006 2277 3044 est

1248 3090 1405 3131 ponere
1443 3090 1674 3119 numerum
1710 3077 1945 3117 secundum
1980 3076 2273 3118 substantiam.

1249 3149 1367 3199 Quod
1395 3152 1540 3189 autem
1562 3147 1781 3201 pluraliter
1805 3147 2010 3199 dicantur,
2041 3150 2179 3201 patet3
2212 3146 2274 3186 di-

1248 3221 1356 3262 citur
1385 3220 1527 3261 enim:
1563 3235 1581 3258 (ι
1604 3219 1739 3268 Pater,
1774 3221 1814 3260 et
1840 3218 1997 3272 Filius,
2025 3222 2066 3261 et
2094 3218 2274 3273 Spiritus

1247 3294 1415 3333 sanctus
1436 3294 1594 3332 creant.
1617 3305 1636 3328 n

1300 3363 1420 3414 Item,
1435 3363 1548 3404 idem
1562 3365 1623 3403 est
1642 3363 1869 3407 relativum
1885 3363 2144 3412 substantiae,
2166 3361 2274 3402 sicut

1247 3481 1280 3524 q.
1296 3477 1390 3550 {XVI²
1411 3472 1473 3502 art.
1488 3472 1518 3511 3,
1535 3470 1616 3502 dub.
1631 3471 1739 3502 3.—3
1753 3472 1864 3512 Boet.,
1879 3470 2167 3509 declacabmatur„
2188 3476 2271 3501 e.111

1246 3528 1282 3551 ln
1320 3527 1376 3549 ΠΒ.

2298 1665 2357 1692 Fun
2369 1664 2437 1692 lam.
