2613 3990
296 249 346 286 62
1063 237 1473 283 SENTENTIARUM
1501 237 1597 279 LIB.
1632 238 1661 279 Ι.

348 334 466 385 Item,
487 334 625 388 prima
651 345 747 386 pars
776 332 902 372 habet
925 331 1029 372 duas
1061 346 1069 372 :
1104 332 1148 371 in
1183 330 1321 384 prima

297 406 467 447 adducit
484 404 779 446 similitudines
795 403 1073 455 longinquam
1088 403 1130 442 in
1145 401 1331 443 secunda

297 479 597 520 similitudines
633 477 921 530 propinquas,
955 475 1044 516 sive
1077 487 1296 528 expressas
1319 507 1329 524 ,

298 563 398 603 quae
419 550 695 591 attenduntur
714 548 756 587 in
776 547 979 599 imagine,
997 547 1053 587 ibi
1072 559 1081 586 ε
1100 548 1222 589 Nunc
1236 557 1330 588 vero

295 624 386 676 jam
405 623 461 664 ad
483 634 571 663 eam
588 621 886 674 perveniamus
904 619 1251 672 disputationem.

357 694 460 734 Item
477 726 486 743 ,
511 693 646 745 prima
679 704 775 744 pars
804 691 927 731 habet
962 691 1067 731 duas
1089 706 1096 731 :
1122 691 1165 730 in
1196 691 1331 743 prima

301 766 481 807 ostendit
512 764 745 812 Unitatem3
777 763 816 802 in
851 763 1036 803 secunda
1065 762 1328 813 Trinitatem,

298 838 353 877 ibi
374 852 381 877 :
408 836 528 877 Nunc
550 839 681 877 restat
709 835 942 883 ostendere,
965 837 1042 875 etc.
1074 833 1215 874 Prima
1235 847 1332 887 pars

297 907 421 947 habet
452 909 634 959 quatuor
657 905 883 958 particulas
907 920 914 945 :
940 905 982 945 in
1017 905 1151 958 prima
1183 905 1331 958 probat

297 977 542 1017 auctoritate
581 976 769 1029 Apostoli
803 976 813 997 ¹
847 976 958 1029 quod
992 975 1100 1016 Deus
1133 980 1194 1016 est
1225 988 1330 1028 cog-

297 1048 510 1089 noscibilis
542 1061 617 1101 per
648 1051 905 1098 creaturam
940 1048 984 1088 in
1014 1048 1197 1088 secunda
1228 1058 1330 1087 vero

298 1119 465 1159 adducit
494 1119 635 1159 varios
670 1119 815 1160 modos
850 1119 1150 1171 cognoscendi,
1188 1121 1228 1159 et
1262 1130 1332 1158 ra—

300 1191 447 1239 tiones,
472 1191 528 1231 ibi
554 1205 562 1231 :
585 1191 695 1232 Nam
715 1192 777 1233 sic
808 1192 873 1233 ait
893 1191 1156 1232 Ambrosius.
1182 1190 1230 1230 In
1246 1192 1331 1230 ter-

297 1262 367 1311 tia,
393 1262 492 1302 dicit
515 1262 608 1303 illos
626 1263 774 1303 modos
799 1263 843 1303 in
865 1263 1111 1303 auctoritate
1143 1262 1332 1316 Apostoli

297 1333 521 1385 implicari,
550 1333 606 1373 ibi
640 1346 648 1374 :
683 1336 789 1376 Ecce
814 1338 873 1377 tot
904 1334 1058 1376 modis.
1089 1333 1135 1374 ln
1163 1336 1328 1387 quarta,

298 1404 435 1455 tangit
474 1405 575 1458 quid
613 1418 688 1458 per
719 1406 941 1459 praedictas
981 1406 1165 1446 rationes
1203 1406 1333 1458 possit

297 1477 482 1528 probari,
509 1477 664 1518 scilicet
684 1479 875 1519 essentise
904 1478 1061 1529 linitas,
1084 1491 1170 1519 non
1190 1478 1330 1519 Trini-

297 1550 387 1597 tas,
422 1548 481 1587 ibi
505 1564 512 1589 ;
547 1549 644 1590 Hoec
671 1555 813 1592 autem
844 1553 989 1593 onznia
1015 1550 1073 1592 acl
1102 1551 1325 1593 Unz'tatenz.

298 1618 502 1660 Similiter
526 1621 711 1662 secunda
733 1635 843 1675 pars,
870 1623 910 1662 in
930 1635 1015 1675 qua
1038 1623 1218 1664 ostendit
1239 1623 1331 1663 Tri-

300 1690 474 1731 nitatem
493 1704 566 1744 per
583 1692 902 1734 similitudinem
918 1694 1216 1748 longinquam,
1234 1708 1331 1747 quae

297 1762 526 1803 attenditur
552 1763 596 1803 in
623 1765 817 1817 vestigio,
840 1766 967 1806 habet.
987 1771 1170 1819 quatuor
1197 1768 1329 1820 parti-

301 1832 416 1873 culas
439 1849 446 1874 :
473 1834 518 1874 111
538 1835 675 1888 prima
703 1838 884 1878 ostendit
905 1837 1104 1890 Magister
1123 1839 1329 1880 rationem

304 1905 470 1956 vestigii
505 1906 548 1946 in
584 1911 800 1957 creatura,
836 1909 880 1948 in
916 1910 1102 1950 secunda
1153 1912 1331 1952 ostendit

297 1976 398 2028 quid
429 1978 681 2030 respondeat
698 1980 877 2032 vestigio
907 1981 950 2020 in
983 1981 1188 2032 Creatore,
1220 1996 1329 2036 quo-

297 2047 414 2087 niam
453 2047 503 2101 (a)
536 2048 718 2091 Trinitas
749 2052 1118 2105 appropriatorum
1139 2085 1148 2103 ,
1178 2054 1331 2096 scilicet

296 2118 494 2170 originis,
517 2120 863 2173 pulchritudinis,
886 2126 928 2164 et
957 2124 1254 2177 delectationis,
1283 2129 1331 2167 ut

294 2189 525 2231 reddantur
542 2192 712 2245 singula
731 2194 927 2247 singulis,
947 2199 1044 2247 etc.,
1062 2197 1121 2236 ibi
1144 2211 1152 2238 z
1175 2198 1227 2239 In
1246 2198 1323 2240 illa

294 2261 407 2303 enim
437 2262 648 2307 Trinitate
670 2276 852 2317 summa,
872 2270 949 2308 etc.
980 2267 1029 2309 In
1047 2269 1184 2318 tertia,
1209 2270 1330 2312 docet

296 2334 574 2387 contemplari
607 2336 651 2376 in
681 2337 764 2379 Deo
793 2338 1042 2381 Trinitatem
1078 2354 1154 2395 per
1185 2343 1325 2383 consi-

299 2399 564 2443 derationem
593 2406 762 2458 vestigii
790 2406 834 2447 in
864 2411 1076 2461 creatura,
1108 2411 1167 2451 ibi
1197 2426 1206 2453 ε
1251 2412 1329 2455 Per

293 2473 679 2517 considerationem
709 2478 853 2531 itaque
882 2484 1198 2535 creaturarum,
1229 2486 1326 2532 etc„

292 2542 368 2583 ubi
402 2546 583 2587 ostendit
611 2546 858 2590 Trinitatem
884 2553 1255 2606 appropriatorum
1284 2557 1328 2598 in

297 2612 395 2665 Deo,
429 2619 469 2657 et
498 2623 708 2670 quantum
740 2622 791 2662 ad
822 2626 963 2664 actum
991 2626 1254 2680 conditionis,
1288 2632 1329 2670 et

294 2689 506 2739 quantum
523 2690 573 2731 ad
594 2694 736 2733 actum
763 2694 1086 2738 reformationis.
1110 2697 1157 2739 ln
1177 2704 1328 2753 quarta

293 2760 438 2799 autem
459 2762 680 2814 particula,
708 2766 889 2807 ostendit
907 2768 1021 2820 quod
1050 2771 1326 2814 consideratio

293 2826 506 2873 Trinitatis
534 2846 610 2886 per
628 2836 859 2889 vestigium
892 2851 979 2880 non
1005 2844 1066 2882 est
1097 2844 1324 2896 sufficiens,

295 2900 366 2941 sed
386 2901 638 2958 longinqua,
659 2907 717 2949 ibi
732 2923 740 2950 :
758 2910 861 2953 Ecce
876 2916 1087 2957 ostensum
1103 2919 1164 2959 est
1181 2917 1324 2969 quali-

293 2975 356 3013 ter
375 2974 423 3016 in
439 2980 660 3022 creaturis.

292 3103 388 3140 Ordo
414 3109 598 3145 rationum
625 3112 866 3155 formatarum
897 3127 940 3152 em
961 3118 1107 3164 littera,
1129 3122 1162 3155 et
1184 3130 1324 3157 earum-

339 3163 415 3199 dem
436 3168 724 3213 z'mpuqnatz'ones
751 3179 927 3220 quantum
952 3177 1001 3213 ad
1027 3180 1207 3216 rationem
1233 3192 1322 3228 pro-

343 3223 466 3271 bandi,
485 3230 516 3263 et
535 3230 606 3264 rim
621 3232 812 3278 inferendi,
831 3238 917 3281 quia
931 3238 1100 3275 videntur
1118 3250 1234 3277 omnes
1253 3252 1324 3279 non

338 3286 471 3330 valere,
493 3289 549 3324 vel
569 3289 715 3328 dubium
734 3304 943 3341 supponere.

353 3399 496 3442 Prima
525 3395 632 3441 ratio
653 3412 662 3439 :
686 3398 765 3448 Qui
793 3405 929 3455 potest
955 3405 1068 3457 quod
1096 3407 1216 3448 nulla
1241 3407 1325 3450 alia

291 3475 486 3514 creatura
517 3473 676 3526 potest,
703 3473 765 3512 est
793 3483 922 3525 super
951 3486 1125 3518 omnem
1151 3481 1323 3520 creatu-

333 3557 344 3579 ¹
366 3557 469 3597 Rern„
489 3563 514 3598 1,
532 3557 586 3589 20.

1406 340 1498 369 ram
1511 341 1521 369 ε
1537 328 1608 369 sed
1624 328 1695 380 qui
1712 327 1810 368 fecit
1822 324 2035 367 mundum
2044 323 2191 373 istum,
2204 323 2301 364 fecit
2316 322 2431 375 quod

1407 398 1525 439 nulla
1537 399 1619 440 alia
1637 400 1830 439 creatura
1845 397 1980 450 potest
1997 406 2006 435 :
2025 405 2129 446 ergo
2143 406 2229 434 non
2245 395 2308 434 est
2321 405 2432 433 crea-

1405 471 1501 510 tura
1515 502 1525 521 ,
1546 470 1614 510 sed
1634 481 1762 522 super
1780 479 1953 509 omnem
1972 467 2224 506 creaturam.

1844 598 1934 627 DL'B.
1966 597 1993 625 1.

1461 683 1506 725 In
1538 685 1617 726 ista
1646 684 1809 725 ratione
1839 684 2009 725 videtur
2042 679 2222 734 supponi
2255 678 2433 718 dubium

1406 755 1643 809 dupliciter,
1664 756 1817 796 scilicet
1838 755 1950 808 quod
1971 753 2159 794 mundus
2186 751 2255 791 ille
2275 752 2327 791 sit
2346 751 2436 791 fae-

1405 830 1474 867 tus
1490 860 1500 878 ,
1525 831 1565 868 et
1584 829 1697 881 quod
1726 830 1921 868 creatura
1941 826 2082 879 ipsum
2107 836 2193 865 non
2221 822 2351 876 possit
2374 823 2436 862 fa-

1406 909 1499 937 cere
1520 912 1528 938 z
1548 910 1735 950 quorum
1751 901 1986 950 utrumque
2011 898 2073 937 est
2093 895 2215 935 valde
2238 893 2433 934 dubium.

1459 968 1653 1009 Secunda
1670 969 1776 1010 ratio
1795 983 1804 1010 t
1832 968 1912 1018 Qui
1934 967 2028 1009 fecit
2044 966 2279 1020 corporalia
2298 968 2338 1006 et
2356 966 2436 1018 spi-

1404 1039 1511 1079 ritus
1530 1040 1779 1091 mutabiles,
1800 1042 1862 1081 est
1881 1051 2009 1092 super
2035 1038 2179 1079 omnia
2203 1037 2437 1090 corporalia

1405 1114 1446 1150 et
1476 1111 1699 1151 mutabilia
1728 1123 1738 1151 :
1769 1110 1880 1152 Deus
1914 1113 1975 1151 est
2003 1108 2250 1163 hujusmodi
2285 1122 2293 1148 :
2329 1119 2433 1159 ergo

1405 1182 1514 1222 Deus
1534 1185 1595 1223 est
1620 1182 1836 1235 spirituale
1856 1185 1898 1223 et
1921 1182 1970 1236 (b)
1992 1179 2273 1222 immutabile.

1827 1307 1918 1336 DUB.
1960 1307 2005 1336 11.

1459 1396 1535 1437 Hic
1554 1396 1747 1437 similiter
1763 1396 1932 1438 videtur
1950 1396 2133 1449 supponi
2156 1395 2335 1437 dubium
2363 1395 2408 1448 (c)
2423 1428 2434 1446 ,

1405 1468 1516 1521 quod
1547 1467 1657 1508 Deus
1687 1467 1830 1508 fecerit
1861 1467 2050 1521 spiritus.
2077 1466 2128 1507 Et
2164 1467 2317 1507 iterum
2350 1479 2433 1507 non

1405 1541 1597 1593 sequitur
1615 1553 1667 1581 ex
1688 1541 1788 1591 hoc,
1815 1540 1951 1593 quod,
1979 1540 2080 1593 quia
2099 1539 2194 1579 fecit
2211 1540 2266 1589 (d)
2291 1542 2437 1580 muta-

1404 1611 1504 1651 bilia
1520 1645 1529 1662 ,
1564 1612 1656 1652 ideo
1687 1612 1739 1652 sit
1769 1611 2048 1652 immutabilis
2071 1610 2191 1669 :nimo
2213 1611 2351 1663 potius
2375 1611 2435 1650 vi-

1405 1683 1528 1723 detur
1544 1683 1663 1736 sequi
1690 1683 1948 1737 oppositum,
1965 1682 2120 1722 scilicet
2137 1682 2250 1734 quod
2271 1681 2324 1722 sit
2343 1694 2436 1721 mu—

1404 1755 1558 1795 tabilis.

1458 1825 1596 1867 Tertia
1629 1827 1736 1867 ratio
1759 1839 1769 1867 :
1798 1826 1880 1876 Qui
1908 1826 2004 1867 fecit
2026 1826 2139 1867 bona
2164 1828 2205 1866 et
2233 1826 2432 1872 meliora,

1404 1900 1466 1937 est
1485 1898 1671 1950 optimus
1692 1913 1699 1938 :
1721 1898 1791 1939 sed
1814 1898 1921 1939 Deus
1942 1898 2039 1939 fecit
2058 1897 2313 1951 corporalia,
2337 1910 2433 1950 quae

1404 1971 1505 2008 sunt
1524 1968 1655 2017 bona,
1673 1972 1713 2009 et
1730 1969 1979 2022 spiritualia,
1998 1981 2094 2023 quae
2114 1972 2215 2010 sunt
2233 1968 2431 2009 meliora:

1404 2052 1509 2092 ergo
1529 2040 1639 2082 Deus
1659 2044 1719 2082 est
1738 2041 1938 2095 optimus.

1829 2176 1920 2206 DUB.
1950 2176 2011 2205 111.

1458 2272 1558 2314 Haec
1574 2273 1681 2314 ratio
1701 2273 1894 2314 similiter
1906 2273 2076 2315 videtur
2092 2272 2255 2314 nullam
2275 2273 2433 2314 habere

1403 2345 1723 2398 apparentiam,
1756 2344 1857 2398 quia
1884 2347 1989 2386 tunc
2026 2344 2220 2386 similiter
2255 2345 2432 2398 quilibet

1403 2416 1554 2457 artifex
1574 2416 1649 2468 qui
1675 2416 1771 2457 facit
1800 2417 1911 2458 bona
1942 2419 1983 2458 et
2012 2416 2190 2458 meliora
2205 2450 2216 2469 ,
2239 2420 2301 2459 est
2321 2417 2432 2471 opti-

1404 2498 1501 2526 mus
1525 2500 1534 2526 z
1554 2486 1669 2539 quod
1687 2489 1750 2527 est
1767 2486 1934 2528 falsum.

1457 2557 1616 2607 Quarta
1643 2559 1750 2599 ratio
1780 2573 1789 2599 :
1821 2557 1902 2608 Qui
1934 2559 2031 2600 facit
2062 2559 2240 2612 pulchra
2266 2562 2308 2600 et
2334 2558 2432 2613 pul-

1402 2629 1570 2670 chriora
1587 2661 1596 2678 ‚
1620 2632 1682 2670 est
1698 2629 1788 2683 ipsa
1807 2630 2079 2683 pulchritudo
2094 2663 2103 2680 ,
2130 2631 2220 2673 sive
2249 2631 2429 2685 species,

1401 2702 1442 2739 et
1471 2699 1552 2740 hoc
1582 2701 1645 2740 est
1673 2699 2030 2752 speciosissimum
2062 2713 2072 2742 :
2100 2701 2170 2743 sed
2198 2701 2309 2742 Deus
2336 2701 2433 2742 fecit

1400 2770 1608 2822 pulchra,
1643 2770 1733 2811 sive
1768 2771 1954 2824 speciosa
1975 2804 1985 2823 ,
2020 2772 2121 2825 quia
2164 2771 2429 2826 corporalia:

1401 2843 1442 2880 et
1474 2840 1752 2894 speciosiora,
1785 2842 1886 2895 quia
1915 2842 2151 2896 spiritualia
2178 2858 2188 2885 z
2216 2855 2320 2896 ergo
2352 2842 2427 2896 qui

1400 2908 1496 2948 fecit
1513 2909 1604 2950 haec
1615 2941 1626 2960 ,
1649 2909 1984 2962 speciosissimus
1999 2914 2074 2952 est.

1454 2979 1655 3021 Similiter
1694 2981 1863 3023 videtur
1896 2983 2004 3023 ratio
2042 2983 2120 3024 ista
2159 2995 2245 3024 non
2282 2983 2426 3024 valere

1399 3054 1571 3105 propter
1590 3052 1837 3105 praedictam
1857 3053 2117 3094 instantiam.

1824 3182 1914 3211 DUB.
1946 3182 2005 3211 lv.

1453 3267 1556 3309 Item
1570 3300 1580 3320 ,
1602 3269 1814 3322 quaeritur
1832 3271 1884 3312 de
1907 3270 2144 3312 differentia
2162 3271 2341 3312 istarum
2359 3283 2426 3312 ra-

1397 3338 1591 3393 tionum,
1616 3344 1658 3382 et
1685 3342 1898 3396 quomodo
1925 3342 2260 3395 distinguantur.
2290 3342 2335 3384 Si
2359 3343 2427 3384 di—

1442 3470 1484 3512 (cz)
1506 3471 1584 3503 Loco
1602 3473 1688 3504 vocis
1720 3473 1894 3514 quoniam,
1915 3472 1986 3514 leqe
2012 3472 2187 3506 nimirum.
2201 3491 2242 3498 —
2272 3472 2316 3514 (b)
2343 3473 2424 3505 Caet.

1396 3517 1476 3550 edit.
1491 3518 1578 3550 deest
1591 3522 1633 3552 et.
1647 3537 1690 3543 —
1704 3521 1740 3562 (c)
1754 3520 1876 3563 Supple
1885 3520 2066 3554 scilicet.—
2078 3522 2124 3563 (tl)
2139 3521 2232 3554 Edit.
2254 3521 2331 3553 Ven.
2345 3522 2424 3553 1580

1395 3564 1492 3599 habet
1511 3567 1699 3610 mirabilia,
1717 3569 1809 3611 quod
1827 3578 1908 3610 ergo
1928 3569 1971 3602 sit
1978 3578 1988 3611 ;
2008 3568 2104 3603 Edit.
2118 3569 2226 3611 Luyd.
2241 3568 2422 3602 mirabilia.
