2613 3990
28 1022 72 1050 Ad
85 1029 155 1058 opp.

37 3444 173 3475 Fundam.

789 201 918 243 DIST.
950 198 1130 241 XXVIII.
1162 197 1280 238 ART.
1313 197 1344 238 Ι.
1373 197 1570 247 QUAEST.
1603 197 1669 239 IV.

174 293 290 334 nales
309 293 651 346 comprehendit3
674 292 751 333 sub
777 290 1040 344 processione
1066 288 1190 337 duas,

174 377 306 405 unam
326 366 587 417 personalem
601 397 610 414 ,
634 365 759 405 aliam
785 375 872 403 non
896 359 1160 414 personalem
1181 371 1190 398 :

171 436 241 476 sed
263 436 341 476 sub
361 436 679 488 ingeneratione
699 435 797 476 dicit
815 434 952 474 solum
973 430 1195 471 innascibi-

171 507 346 558 litatem,
370 521 469 561 quae
486 508 719 561 proprietas
739 509 814 555 est,
836 505 931 545 licet
951 516 1039 544 non
1056 514 1195 554 perso-

172 579 294 619 nalis.

514 706 750 757 QUAESTIO
778 705 844 746 IV.

174 827 236 863 An
249 828 595 875 improcessibilitas,
609 828 700 862 sicut
719 825 1002 869 innascibilitas,
1022 825 1199 859 notionem

523 887 621 922 dicat
639 888 678 921 in
698 887 805 921 Patre
825 887 847 918 ¹.

231 1005 378 1047 Utrum
411 1005 795 1058 improcessibilitas
820 1005 872 1044 sit
896 1004 1013 1045 notio
1039 1003 1196 1053 Patris,

175 1078 283 1118 510111
308 1076 608 1118 innascibilitas
639 1093 647 1117 ;
681 1079 720 1117 61
748 1076 861 1129 (111οᾶ
893 1076 970 1125 sic,
998 1075 1196 1116 videtur:

174 1149 275 1202 quia
306 1149 413 1190 sicut
438 1147 560 1189 Pater
584 1148 723 1189 differt
742 1161 767 1188 a
786 1147 892 1188 Filio
922 1159 997 1199 per
1017 1146 1201 1186 innasci-

174 1220 395 1270 bilitatem,
430 1219 488 1260 ita
519 1232 542 1259 a
573 1219 734 1272 Spiritu
766 1221 908 1260 sancto
939 1230 1013 1271 per
1038 1218 1200 1270 impro—

176 1291 488 1333 cessibilitatem
509 1303 518 1331 :
541 1303 643 1343 ergo
671 1291 778 1331 510111
808 1289 1111 1330 innascibilitas
1141 1291 1203 1329 est

174 1363 289 1404 notio
318 1362 474 1414 Patris,
497 1363 688 1403 similiter
714 1362 884 1404 videtur
903 1361 1016 1414 quod
1041 1361 1201 1414 impro-

176 1433 434 1476 cessibilitas.
477 1437 481 1441 ’

232 1508 271 1546 2.
294 1504 398 1546 Item
412 1537 422 1555 ,
446 1505 553 1546 sicut
572 1506 767 1547 nobilitas
785 1508 846 1546 est
864 1504 999 1545 Patris
1018 1517 1103 1545 non
1122 1516 1202 1556 ge-

177 1576 338 1627 nerari,
359 1577 418 1617 ita
437 1580 498 1617 est
520 1589 608 1617 non
627 1576 777 1630 spirari
799 1589 808 1617 :
833 1588 936 1628 ergo
959 1575 1014 1626 51,
1036 1578 1205 1628 propter

178 1650 386 1690 rationem
414 1649 659 1698 nobilitatis,
693 1650 754 1689 est
788 1647 921 1687 Patris
949 1659 1036 1687 non
1071 1658 1203 1698 gene-

179 1721 279 1770 rari,
301 1720 359 1761 ita
378 1723 438 1761 est
459 1732 547 1761 non
567 1720 717 1773 spirari
735 1734 744 1770 ;
765 1731 882 1771 ergo,
905 1718 939 1758 si
956 1721 1125 1771 propter
1142 1730 1206 1758 ra-

179 1791 338 1832 tionem
356 1791 584 1832 nobilitatis
604 1791 776 1844 ponitur
794 1790 1097 1830 innascibilitas
1111 1791 1203 1842 ers

180 1862 311 1913 notio,
333 1862 525 1903 similiter
546 1863 667 1903 debet
685 1862 785 1915 poni
804 1860 1202 1915 improcessibilitas

236 1936 273 1974 3.
294 1933 414 1986 Item,
431 1934 538 1975 510111
557 1946 763 1986 generare
783 1932 982 1974 convenit
1002 1932 1112 1972 Patri
1134 1943 1208 1983 per

180 2004 261 2045 hoc
279 2006 393 2058 quod
412 2005 694 2055 innascibilis,
714 2006 771 2046 ita
793 2008 833 2046 et
851 2005 1010 2057 spirare
1036 2016 1109 2056 per
1128 2003 1208 2044 hoc

181 2077 295 2129 quod
329 2079 391 2117 est
421 2077 762 2130 improcessibilis
794 2078 882 2118 sive
914 2076 1169 2129 inspirabilis
1196 2090 1205 2114 t

183 2159 301 2199 ergo,
323 2147 429 2189 sicut
448 2149 753 2189 innascibilitas
772 2148 890 2189 notio
911 2152 985 2199 est,
1005 2148 1105 2201 quia
1124 2160 1207 2188 non

182 2220 350 2259 tantum
378 2219 478 2260 dicit
505 2220 804 2273 privationem,
836 2220 907 2260 sed
938 2219 1064 2260 etiam
1098 2219 1209 2272 posi-

183 2289 359 2348 tionem,
379 2290 439 2331 ita
458 2291 624 2332 videtur
644 2292 757 2344 quod
777 2291 1173 2344 improcessibilitas.

237 2364 276 2402 4.
299 2361 343 2402 Si
361 2365 408 2403 tu
429 2363 540 2403 dicas
560 2364 673 2416 quod
695 2363 1076 2416 improcessibilitas
1094 2363 1213 2403 clau-

186 2432 299 2473 ditur
317 2434 396 2474 sub
413 2434 749 2486 innascibilitate⁷
765 2435 978 2488 objicitur,
996 2435 1097 2488 quia
1110 2434 1213 2475 Filio

187 2505 384 2546 convenit
414 2506 815 2559 improcessibilitas,
850 2510 890 2547 et
920 2508 1061 2547 tamen
1098 2519 1214 2546 nun-

186 2589 316 2630 quam
338 2578 641 2619 innascibilitas
663 2594 671 2619 :
694 2591 797 2631 ergo
817 2587 877 2619 est
896 2579 978 2619 alia
997 2579 1112 2620 notio
1132 2579 1216 2619 sal-

186 2650 272 2689 tem
290 2649 335 2689 in
351 2648 486 2690 Filio:
515 2662 619 2702 ergo
648 2650 795 2691 saltem
821 2650 867 2690 in
898 2663 946 2691 eo
975 2650 1098 2692 debet
1126 2662 1215 2691 esse

191 2719 322 2761 notio.

242 2791 286 2833 Si
318 2794 366 2833 tu
392 2792 496 2833 dicis
526 2792 639 2845 quod
670 2805 757 2833 non
794 2793 892 2834 dicit
927 2794 1213 2844 nobilitatem3

188 2866 333 2904 contra
352 2878 361 2905 :
384 2863 516 2905 Omne
533 2864 645 2917 quod
665 2864 880 2904 (111-,11111111
901 2858 1053 2907 divinis
1073 2866 1124 2906 ad
1141 2877 1217 2906 110-

187 2934 394 2976 bilitatem
416 2936 611 2989 pertinet,
634 2936 824 2988 alioquin
849 2948 935 2977 non
956 2937 1106 2978 dicitur
1125 2937 1183 2977 ibi
1205 2950 1215 2978 ε

190 3017 294 3057 ergo
312 3006 346 3045 si
364 3006 517 3047 dicitur
540 3007 923 3060 improcessibilitas
940 3008 990 3049 de
1007 3007 1129 3060 Filio,
1151 3009 1219 3051 vi-

190 3076 313 3118 detur
335 3089 484 3120 sonare
504 3079 781 3120 nobilitatem.

244 3148 372 3190 Juxta
389 3150 469 3191 hoc
485 3151 708 3204 quaeritur,
731 3162 829 3191 cum
847 3150 969 3191 Pater
987 3155 1221 3193 communi-

191 3222 254 3260 cet
274 3221 399 3262 alicui
427 3223 873 3276 improcessibilitatem
889 3223 978 3264 sive
998 3224 1222 3277 inspirabi-

191 3291 368 3345 litatem,
386 3305 518 3346 quare
532 3307 618 3336 non
638 3294 829 3335 similiter
846 3295 1132 3336 communicet
1150 3296 1221 3336 in-

192 3367 529 3409 nascibilitatem.

249 3438 424 3480 Contra:
442 3440 485 3481 Si
495 3441 878 3494 improcessibilitas
894 3446 955 3484 est
970 3444 1100 3496 notio,
1117 3457 1221 3498 ergo

241 3523 248 3540 ¹
269 3521 322 3562 Cf.
340 3522 435 3555 Alex.
454 3523 609 3566 Alensis,
629 3535 665 3566 p.
679 3527 704 3568 1,
726 3536 759 3568 q.
775 3534 877 3568 mclx,
897 3527 1024 3559 memb.
1038 3529 1078 3569 43
1100 3529 1219 3570 Steph.

2213 200 2289 237 463

1268 287 1458 328 notiones
1485 287 1627 340 plures
1657 287 1755 326 sunt
1781 297 1911 338 quam
1939 285 2151 338 quinque,
2179 285 2291 338 quod

1268 364 1329 401 est
1348 364 1492 402 contra
1510 372 1781 401 communem
1801 358 2057 411 opinionem.

1322 435 1441 485 Item,
1460 435 1493 474 si
1507 435 1565 474 im
1570 433 1890 487 processibilitas
1904 435 1964 473 est
1982 433 2109 482 notio,
2127 435 2199 472 aut
2214 432 2294 472 hoc

1271 510 1330 547 est
1346 508 1446 560 quia
1466 507 1710 560 simpliciter
1728 506 1865 559 privat
1879 517 1966 545 esse
1981 505 2033 544 ab
2051 504 2206 556 aliquo,
2223 506 2296 544 aut

1271 578 1371 631 quia
1386 578 1523 631 privat
1541 578 1834 630 spirationem:
1855 576 2040 629 5111111110
2057 576 2194 625 modo,
2212 587 2297 615 non

1272 652 1410 693 differt
1440 652 1492 691 ab
1512 652 1852 701 innascibilitate,
1878 651 1913 690 si
1945 649 2128 690 seeundo
2158 649 2295 696 modo,

1272 723 1374 761 tunc
1391 734 1476 761 non
1493 721 1632 761 differt
1648 734 1671 761 a
1688 721 1914 773 spiratione
1932 719 2082 767 activa,
2102 717 2201 770 quia
2214 729 2300 757 non

1272 792 1455 845 spiratur
1474 793 1548 845 qui
1567 792 1709 845 spirat.

1328 866 1447 917 Item,
1471 867 1504 906 si
1521 878 1607 909 non
1623 867 1843 919 procedere
1878 873 1985 906 esset
2003 863 2133 913 notio,
2155 862 2302 903 eadem

1275 937 1438 978 ratione
1457 948 1542 979 non
1566 938 1796 991 producere
1817 952 1832 978 .·
1849 937 1920 977 sed
1942 936 2020 976 1100
2037 938 2098 976 651
2115 934 2267 975 falsum
2292 944 2301 972 :

1275 1022 1393 1061 ergo,
1419 1013 1496 1050 etc.

1330 1081 1373 1121 Si
1392 1082 1556 1122 (licatur
1576 1082 1688 1134 quod
1717 1094 1803 1122 non
1831 1083 1892 1121 est
1922 1080 2072 1130 simile,
2101 1079 2202 1132 quia
2220 1091 2306 1119 non

1275 1154 1507 1206 producere
1521 1166 1607 1194 non
1622 1153 1719 1194 dicit
1730 1152 2011 1202 nobilitatem3
2027 1154 2173 1192 contra
2187 1165 2195 1191 :
2214 1149 2306 1191 Non

1275 1227 1506 1280 producere
1526 1240 1764 1280 personam,
1787 1226 1886 1267 dicit
1904 1229 2060 1266 statum
2081 1225 2309 1266 emanatio-

1277 1299 1341 1339 nis
1361 1312 1370 1339 :
1388 1302 1429 1340 et
1446 1300 1554 1340 sicut
1573 1299 1681 1340 ratio
1697 1298 1892 1352 principii
1910 1301 2004 1338 ante
2017 1298 2127 1350 quod
2145 1309 2231 1337 non
2248 1299 2310 1337 est

1277 1371 1438 1423 aliquid
1472 1372 1571 1411 dicit
1590 1371 1868 1421 nobilitatem,
1890 1369 2082 1410 similiter
2099 1368 2204 1409 ratio
2221 1370 2309 1408 sta-

1275 1445 1345 1482 tus
1364 1442 1475 1482 ultra
1490 1455 1621 1495 quem
1640 1455 1728 1483 non
1748 1444 1809 1483 est
1829 1441 2054 1495 procedere
2075 1456 2083 1479 :
2103 1451 2206 1492 ergo
2226 1451 2307 1479 no-

1277 1514 1482 1553 bilitatem
1503 1514 1602 1554 dicit
1628 1529 1636 1554 :
1669 1515 1703 1553 51
1726 1525 1830 1565 ergo
1849 1525 1934 1553 non
1955 1514 2016 1553 est
2035 1511 2149 1552 aliud
2180 1522 2310 1563 quare

1278 1597 1363 1625 non
1385 1585 1549 1626 dicatur
1581 1585 1863 1636 notionaliter,
1896 1585 2065 1626 videtur
2085 1583 2197 1637 quod
2225 1593 2311 1624 non

1276 1657 1508 1710 producere
1528 1657 1581 1697 sit
1601 1658 1715 1698 notio
1736 1659 1783 1698 ut
1801 1667 1886 1699 non
1905 1657 2084 1708 spirari.

1610 1816 1982 1859 CONCLUSIO.

1286 1925 1622 1971 improcessibilitas
1640 1927 1737 1960 notio
1758 1926 1871 1971 ipsius
1890 1925 2010 1959 Patris
2026 1923 2098 1958 dici
2112 1933 2182 1958 mm
2198 1922 2309 1965 debet,

1331 1997 1410 2021 cum
1431 1996 1539 2031 neque
1557 1988 1689 2033 primo,
1712 1996 1822 2031 neque
1842 1996 1884 2021 660
1905 1984 2140 2029 consequenti,
2158 1984 2314 2029 positive

1330 2049 1510 2092 sz'fflzz'licct
1531 2046 1685 2091 aliquid.

1338 2153 1459 2206 Resp.
1483 2153 1535 2194 ad
1554 2153 1661 2204 Arg.
1680 2152 1745 2192 Ad
1764 2151 2064 2204 praedictorum
2080 2149 2316 2201 intelligen-

1284 2226 1388 2266 tiam
1415 2227 1477 2265 est
1508 2224 1757 2274 notandum,
1794 2222 1907 2275 quod
1937 2221 2043 2261 nihil
2070 2223 2204 2274 potest
2230 2231 2317 2260 esse

1285 2297 1400 2338 notio
1420 2297 1463 2336 111
1484 2296 1639 2337 divinis
1656 2328 1662 2345 ,
1685 2294 1766 2334 nisi
1789 2294 1899 2334 dicat
1916 2295 2154 2345 respectum
2173 2291 2319 2345 positi—

1286 2381 1407 2420 vum,
1428 2368 1496 2411 vel
1515 2380 1568 2408 ex
1587 2367 1726 2420 primo
1748 2365 1979 2416 intellectu,
2001 2364 2071 2405 vel
2098 2377 2150 2405 ex
2171 2376 2320 2404 conse-

1287 2440 1450 2495 quenti.
1474 2439 1517 2480 Si
1539 2439 1654 2480 enim
1677 2438 1813 2478 solum
1830 2437 1969 2490 privat
1986 2436 2248 2484 relationem,
2265 2435 2322 2475 ita

1288 2512 1442 2553 dicitur
1461 2511 1511 2551 de
1534 2510 1727 2560 essentia,
1758 2509 1865 2549 sicut
1892 2508 1942 2549 de
1970 2520 2164 2561 persona.
2187 2506 2320 2557 Unde,

1289 2584 1397 2624 sicut
1417 2583 1571 2624 dicitur
1589 2581 1702 2635 quod
1722 2580 1843 2621 Pater
1862 2592 1949 2621 non
1967 2579 2230 2633 producitur,
2247 2590 2324 2618 nec

1290 2654 1470 2708 Spiritus
1484 2656 1654 2694 sanctus
1665 2664 1890 2705 personam
1902 2651 2114 2704 producit3
2128 2650 2186 2690 ita
2198 2649 2324 2690 etiam

1291 2726 1470 2768 essentia
1491 2724 1667 2778 produci
1685 2736 1773 2765 non
1791 2723 1960 2772 dicitur,
1981 2724 2022 2763 et
2039 2721 2166 2762 etiam
2180 2732 2326 2774 perso-

1290 2811 1392 2840 nam
1414 2810 1501 2839 non
1517 2797 1749 2851 producere
1773 2810 1781 2836 :
1804 2797 1844 2835 et
1864 2795 1969 2835 sicut
1985 2806 2072 2834 11011
2089 2795 2326 2847 potestesse

1291 2871 1408 2911 110110
1439 2870 1518 2910 1100
1531 2901 1540 2918 ,
1573 2868 1685 2922 quod
1718 2870 1779 2908 est
1811 2867 2045 2920 inqenitus,
2078 2865 2161 2905 nisi
2198 2867 2328 2918 ponat

1292 2945 1531 2996 respectum
1547 2939 1777 2994 positivum
1790 2951 1844 2979 ex
1855 2937 2142 2990 consequenti,
2159 2939 2199 2977 et
2212 2936 2328 2976 hunc

1293 3013 1434 3067 ponit,
1469 3012 1578 3052 sicut
1608 3011 1751 3052 visum
1782 3013 1865 3061 est;
1895 3009 2088 3049 similiter
2118 3020 2195 3048 nec
2224 3007 2325 3056 1100,

1294 3085 1406 3139 (111οᾱ
1427 3087 1488 3125 651
1511 3083 1798 3136 inspirabilz's,
1826 3082 1961 3134 potest
1980 3093 2068 3121 esse
2096 3080 2226 3128 110110,
2248 3078 2327 3118 nisi

1294 3159 1423 3212 ponat
1454 3158 1690 3209 respectum
1725 3153 1959 3207 positivum
1993 3166 2002 3193 :
2038 3153 2154 3193 hunc
2185 3153 2327 3192 autem

1295 3241 1382 3270 non
1401 3227 1534 3281 ponit,
1557 3226 1639 3267 nisi
1655 3225 1889 3267 secundum
1909 3225 2022 3278 quod
2042 3224 2160 3278 ponit
2178 3222 2328 3276 primi-

1295 3303 1425 3341 tatem
1443 3301 1637 3352 respectu
1656 3297 1896 3351 spirationis
1911 3328 1921 3346 ,
1943 3296 2050 3337 sicut
2071 3293 2326 3335 innascibili-

1295 3376 1359 3414 tas
1377 3374 1570 3425 respectu
1586 3367 1872 3422 generationis
1893 3381 1901 3408 :
1924 3369 1986 3416 ut,
2010 3366 2116 3406 sicut
2131 3364 2328 3407 innasci—

1298 3480 1436 3520 Brulef.,
1453 3480 1462 3510 1
1484 3479 1589 3516 Sem„
1606 3470 1682 3510 dist.
1704 3484 1835 3517 xxviii,
1853 3484 1884 3516 q.
1902 3482 1958 3514 1v3
1981 3474 2098 3505 Petrus
2117 3472 2157 3503 de
2179 3472 2328 3511 Tarant„

1301 3531 1310 3561 Ι
1332 3529 1438 3569 86711,
1458 3526 1538 3558 dist.
1555 3532 1681 3565 xxvni,
1700 3533 1734 3565 q.
1753 3532 1792 3555 11.

2336 2157 2474 2185 Fundam.
