<?xml version="1.0" encoding="UTF-8"?>
<!DOCTYPE html PUBLIC "-//W3C//DTD XHTML 1.0 Transitional//EN"
    "http://www.w3.org/TR/xhtml1/DTD/xhtml1-transitional.dtd">
<html xmlns="http://www.w3.org/1999/xhtml" xml:lang="en" lang="en">
 <head>
  <title>
</title>
<meta http-equiv="Content-Type" content="text/html;charset=utf-8" />
  <meta name='ocr-system' content='tesseract 3.04.00' />
  <meta name='ocr-capabilities' content='ocr_page ocr_carea ocr_par ocr_line ocrx_word'/>
</head>
<body>
  <div class='ocr_page' id='page_1' title='image "./operaomniasixtiv01bonauoft/operaomniasixtiv01bonauoft_0099.png"; bbox 0 0 2570 3986; ppageno 0'>
   <div class='ocr_carea' id='block_1_1' title="bbox 829 651 1578 739">
    <p class='ocr_par' dir='ltr' id='par_1_1' title="bbox 829 651 1578 739">
     <span class='ocr_line' id='line_1_1' title="bbox 829 651 1578 739; baseline 0.003 -4"><span class='ocrx_word' id='word_1_1' title='bbox 829 651 1578 739; x_wconf 78' lang='lat' dir='ltr'>ARGUMENTUM</span> 
     </span>
    </p>
   </div>
   <div class='ocr_carea' id='block_1_2' title="bbox 444 861 1947 918">
    <p class='ocr_par' dir='ltr' id='par_1_2' title="bbox 444 861 1947 918">
     <span class='ocr_line' id='line_1_2' title="bbox 444 861 1947 918; baseline 0.002 -3"><span class='ocrx_word' id='word_1_2' title='bbox 444 862 522 916; x_wconf 85' lang='lat' dir='ltr'>IN</span> <span class='ocrx_word' id='word_1_3' title='bbox 583 862 907 916; x_wconf 84' lang='lat' dir='ltr'><strong>PARTEM</strong></span> <span class='ocrx_word' id='word_1_4' title='bbox 965 861 1326 917; x_wconf 86' lang='lat' dir='ltr'>PRIOREM</span> <span class='ocrx_word' id='word_1_5' title='bbox 1383 863 1947 918; x_wconf 79' lang='lat' dir='ltr'><strong>EXPOSITIONIS</strong></span> 
     </span>
    </p>
   </div>
   <div class='ocr_carea' id='block_1_3' title="bbox 1013 994 1384 1040">
    <p class='ocr_par' dir='ltr' id='par_1_3' title="bbox 1013 994 1384 1040">
     <span class='ocr_line' id='line_1_3' title="bbox 1013 994 1384 1040; baseline 0.005 -12"><span class='ocrx_word' id='word_1_6' title='bbox 1013 994 1078 1040; x_wconf 70' lang='lat' dir='ltr'>(0oe</span> <span class='ocrx_word' id='word_1_7' title='bbox 1108 995 1207 1030; x_wconf 61' lang='lat' dir='ltr'>Edit.</span> <span class='ocrx_word' id='word_1_8' title='bbox 1241 997 1384 1035; x_wconf 42' lang='lat' dir='ltr'>Vatis-4</span> 
     </span>
    </p>
   </div>
   <div class='ocr_carea' id='block_1_4' title="bbox 133 1346 2262 3561">
    <p class='ocr_par' dir='ltr' id='par_1_4' title="bbox 135 1346 2262 2152">
     <span class='ocr_line' id='line_1_4' title="bbox 199 1346 2250 1408; baseline 0.002 -17"><span class='ocrx_word' id='word_1_9' title='bbox 199 1347 359 1404; x_wconf 83' lang='lat' dir='ltr'>Magno</span> <span class='ocrx_word' id='word_1_10' title='bbox 379 1346 690 1405; x_wconf 57' lang='lat' dir='ltr'>praestantique</span> <span class='ocrx_word' id='word_1_11' title='bbox 729 1346 903 1403; x_wconf 80' lang='lat' dir='ltr'>ingenio</span> <span class='ocrx_word' id='word_1_12' title='bbox 936 1347 1133 1389; x_wconf 87' lang='lat' dir='ltr'>homines</span> <span class='ocrx_word' id='word_1_13' title='bbox 1151 1382 1161 1401; x_wconf 88' lang='lat'>‚</span> <span class='ocrx_word' id='word_1_14' title='bbox 1198 1347 1276 1405; x_wconf 88' lang='lat' dir='ltr'>qui</span> <span class='ocrx_word' id='word_1_15' title='bbox 1307 1347 1507 1405; x_wconf 82' lang='lat' dir='ltr'>pietatem</span> <span class='ocrx_word' id='word_1_16' title='bbox 1547 1363 1647 1390; x_wconf 89' lang='lat' dir='ltr'>cum</span> <span class='ocrx_word' id='word_1_17' title='bbox 1677 1348 1871 1392; x_wconf 83' lang='lat' dir='ltr'>doctrina</span> <span class='ocrx_word' id='word_1_18' title='bbox 1904 1350 2250 1408; x_wconf 81' lang='lat' dir='ltr'>conjunxerunt,</span> 
     </span>
     <span class='ocr_line' id='line_1_5' title="bbox 137 1427 2257 1491; baseline 0.002 -17"><span class='ocrx_word' id='word_1_19' title='bbox 137 1429 356 1489; x_wconf 83' lang='lat' dir='ltr'>quidquid</span> <span class='ocrx_word' id='word_1_20' title='bbox 385 1428 547 1472; x_wconf 85' lang='lat' dir='ltr'>laboris</span> <span class='ocrx_word' id='word_1_21' title='bbox 570 1428 638 1471; x_wconf 79' lang='lat' dir='ltr'>vel</span> <span class='ocrx_word' id='word_1_22' title='bbox 668 1427 892 1471; x_wconf 51' lang='lat' dir='ltr'>industria)</span> <span class='ocrx_word' id='word_1_23' title='bbox 927 1434 1121 1487; x_wconf 87' lang='lat' dir='ltr'>poterant</span> <span class='ocrx_word' id='word_1_24' title='bbox 1141 1429 1414 1487; x_wconf 72' lang='lat' dir='ltr'>impendere,</span> <span class='ocrx_word' id='word_1_25' title='bbox 1437 1430 1534 1472; x_wconf 82' lang='lat' dir='ltr'>aliis</span> <span class='ocrx_word' id='word_1_26' title='bbox 1554 1431 1779 1487; x_wconf 81' lang='lat' dir='ltr'>omnibus,</span> <span class='ocrx_word' id='word_1_27' title='bbox 1802 1437 1899 1475; x_wconf 86' lang='lat' dir='ltr'>tum</span> <span class='ocrx_word' id='word_1_28' title='bbox 1925 1434 2132 1491; x_wconf 81' lang='lat' dir='ltr'>publiciS,</span> <span class='ocrx_word' id='word_1_29' title='bbox 2167 1442 2257 1479; x_wconf 86' lang='lat' dir='ltr'>tum</span> 
     </span>
     <span class='ocr_line' id='line_1_6' title="bbox 138 1510 2256 1573; baseline 0.002 -16"><span class='ocrx_word' id='word_1_30' title='bbox 138 1513 318 1573; x_wconf 86' lang='lat' dir='ltr'>privatis</span> <span class='ocrx_word' id='word_1_31' title='bbox 344 1511 587 1555; x_wconf 78' lang='lat' dir='ltr'>actionibus</span> <span class='ocrx_word' id='word_1_32' title='bbox 605 1511 877 1568; x_wconf 86' lang='lat' dir='ltr'>contemptis,</span> <span class='ocrx_word' id='word_1_33' title='bbox 895 1510 947 1553; x_wconf 88' lang='lat' dir='ltr'>ad</span> <span class='ocrx_word' id='word_1_34' title='bbox 968 1511 1152 1569; x_wconf 76' lang='lat' dir='ltr'>pietatiS,</span> <span class='ocrx_word' id='word_1_35' title='bbox 1170 1512 1516 1572; x_wconf 75' lang='lat' dir='ltr'>indagandaeque</span> <span class='ocrx_word' id='word_1_36' title='bbox 1533 1514 1727 1557; x_wconf 77' lang='lat' dir='ltr'>veritatis</span> <span class='ocrx_word' id='word_1_37' title='bbox 1746 1515 1940 1559; x_wconf 89' lang='lat' dir='ltr'>studium</span> <span class='ocrx_word' id='word_1_38' title='bbox 1960 1519 2256 1571; x_wconf 79' lang='lat' dir='ltr'>contulerunt,</span> 
     </span>
     <span class='ocr_line' id='line_1_7' title="bbox 136 1592 2256 1656; baseline 0.002 -18"><span class='ocrx_word' id='word_1_39' title='bbox 136 1611 235 1638; x_wconf 90' lang='lat' dir='ltr'>cum</span> <span class='ocrx_word' id='word_1_40' title='bbox 269 1594 565 1638; x_wconf 73' lang='lat' dir='ltr'>existimarent</span> <span class='ocrx_word' id='word_1_41' title='bbox 601 1593 729 1649; x_wconf 79' lang='lat' dir='ltr'>longe</span> <span class='ocrx_word' id='word_1_42' title='bbox 759 1607 848 1634; x_wconf 86' lang='lat' dir='ltr'>esse</span> <span class='ocrx_word' id='word_1_43' title='bbox 876 1592 1125 1650; x_wconf 59' lang='lat' dir='ltr'>praeclarius</span> <span class='ocrx_word' id='word_1_44' title='bbox 1152 1592 1446 1639; x_wconf 84' lang='lat' dir='ltr'>humanarum</span> <span class='ocrx_word' id='word_1_45' title='bbox 1486 1611 1534 1638; x_wconf 88' lang='lat' dir='ltr'>ac</span> <span class='ocrx_word' id='word_1_46' title='bbox 1569 1596 1818 1640; x_wconf 80' lang='lat' dir='ltr'>divinarum</span> <span class='ocrx_word' id='word_1_47' title='bbox 1850 1599 1896 1640; x_wconf 90' lang='lat' dir='ltr'>in</span> <span class='ocrx_word' id='word_1_48' title='bbox 1929 1599 2080 1656; x_wconf 83' lang='lat' dir='ltr'>primis</span> <span class='ocrx_word' id='word_1_49' title='bbox 2112 1615 2256 1643; x_wconf 70' lang='lat' dir='ltr'>reruni</span> 
     </span>
     <span class='ocr_line' id='line_1_8' title="bbox 136 1675 2258 1738; baseline 0.002 -17"><span class='ocrx_word' id='word_1_50' title='bbox 136 1678 397 1735; x_wconf 78' lang='lat' dir='ltr'>investigare</span> <span class='ocrx_word' id='word_1_51' title='bbox 415 1712 425 1731; x_wconf 93' lang='lat'>,</span> <span class='ocrx_word' id='word_1_52' title='bbox 449 1692 495 1720; x_wconf 90' lang='lat' dir='ltr'>ac</span> <span class='ocrx_word' id='word_1_53' title='bbox 526 1676 633 1719; x_wconf 84' lang='lat' dir='ltr'>scire</span> <span class='ocrx_word' id='word_1_54' title='bbox 665 1676 903 1729; x_wconf 86' lang='lat' dir='ltr'>rationem,</span> <span class='ocrx_word' id='word_1_55' title='bbox 935 1681 976 1717; x_wconf 86' lang='lat' dir='ltr'>et</span> <span class='ocrx_word' id='word_1_56' title='bbox 1003 1675 1173 1733; x_wconf 84' lang='lat' dir='ltr'>pietatis</span> <span class='ocrx_word' id='word_1_57' title='bbox 1201 1679 1345 1722; x_wconf 85' lang='lat' dir='ltr'>officia</span> <span class='ocrx_word' id='word_1_58' title='bbox 1376 1680 1536 1734; x_wconf 86' lang='lat' dir='ltr'>colere,</span> <span class='ocrx_word' id='word_1_59' title='bbox 1561 1696 1690 1737; x_wconf 84' lang='lat' dir='ltr'>quam</span> <span class='ocrx_word' id='word_1_60' title='bbox 1719 1681 1974 1738; x_wconf 78' lang='lat' dir='ltr'>colligendis</span> <span class='ocrx_word' id='word_1_61' title='bbox 2005 1683 2258 1728; x_wconf 86' lang='lat' dir='ltr'>divitiarum</span> 
     </span>
     <span class='ocr_line' id='line_1_9' title="bbox 140 1758 2257 1824; baseline 0.002 -20"><span class='ocrx_word' id='word_1_62' title='bbox 140 1761 298 1820; x_wconf 84' lang='lat' dir='ltr'>copiis,</span> <span class='ocrx_word' id='word_1_63' title='bbox 332 1766 406 1804; x_wconf 85' lang='lat' dir='ltr'>aut</span> <span class='ocrx_word' id='word_1_64' title='bbox 435 1759 711 1803; x_wconf 79' lang='lat' dir='ltr'>cumulandis</span> <span class='ocrx_word' id='word_1_65' title='bbox 743 1759 984 1802; x_wconf 86' lang='lat' dir='ltr'>honoribus</span> <span class='ocrx_word' id='word_1_66' title='bbox 1018 1758 1246 1804; x_wconf 76' lang='lat' dir='ltr'>inhaerere.</span> <span class='ocrx_word' id='word_1_67' title='bbox 1279 1762 1390 1805; x_wconf 83' lang='lat' dir='ltr'>Nam</span> <span class='ocrx_word' id='word_1_68' title='bbox 1421 1763 1473 1805; x_wconf 88' lang='lat' dir='ltr'>iis</span> <span class='ocrx_word' id='word_1_69' title='bbox 1492 1762 1596 1821; x_wconf 89' lang='lat' dir='ltr'>ipsis</span> <span class='ocrx_word' id='word_1_70' title='bbox 1615 1769 1886 1806; x_wconf 85' lang='lat' dir='ltr'>terrenarum</span> <span class='ocrx_word' id='word_1_71' title='bbox 1907 1779 2054 1807; x_wconf 86' lang='lat' dir='ltr'>rerum</span> <span class='ocrx_word' id='word_1_72' title='bbox 2081 1766 2257 1824; x_wconf 84' lang='lat' dir='ltr'>opibus,</span> 
     </span>
     <span class='ocr_line' id='line_1_10' title="bbox 139 1841 2262 1903; baseline 0.001 -17"><span class='ocrx_word' id='word_1_73' title='bbox 139 1859 240 1902; x_wconf 73' lang='lat' dir='ltr'>quae</span> <span class='ocrx_word' id='word_1_74' title='bbox 259 1843 456 1899; x_wconf 75' lang='lat' dir='ltr'>fragiles,</span> <span class='ocrx_word' id='word_1_75' title='bbox 480 1842 628 1894; x_wconf 74' lang='lat' dir='ltr'>ssuxae,</span> <span class='ocrx_word' id='word_1_76' title='bbox 652 1841 911 1900; x_wconf 57' lang='lat' dir='ltr'>caducaeque</span> <span class='ocrx_word' id='word_1_77' title='bbox 930 1848 1055 1897; x_wconf 89' lang='lat' dir='ltr'>sunt,</span> <span class='ocrx_word' id='word_1_78' title='bbox 1079 1858 1264 1901; x_wconf 74' lang='lat' dir='ltr'>quaeque</span> <span class='ocrx_word' id='word_1_79' title='bbox 1283 1845 1336 1887; x_wconf 89' lang='lat' dir='ltr'>ad</span> <span class='ocrx_word' id='word_1_80' title='bbox 1357 1845 1491 1888; x_wconf 85' lang='lat' dir='ltr'>solius</span> <span class='ocrx_word' id='word_1_81' title='bbox 1509 1845 1699 1903; x_wconf 86' lang='lat' dir='ltr'>corporis</span> <span class='ocrx_word' id='word_1_82' title='bbox 1718 1846 1884 1889; x_wconf 87' lang='lat' dir='ltr'>cultum</span> <span class='ocrx_word' id='word_1_83' title='bbox 1905 1847 2111 1899; x_wconf 83' lang='lat' dir='ltr'>attinent,</span> <span class='ocrx_word' id='word_1_84' title='bbox 2134 1863 2262 1891; x_wconf 83' lang='lat' dir='ltr'>nemo</span> 
     </span>
     <span class='ocr_line' id='line_1_11' title="bbox 136 1925 2261 1988; baseline 0.001 -19"><span class='ocrx_word' id='word_1_85' title='bbox 136 1926 313 1984; x_wconf 84' lang='lat' dir='ltr'>quidem</span> <span class='ocrx_word' id='word_1_86' title='bbox 333 1925 506 1979; x_wconf 84' lang='lat' dir='ltr'>melior,</span> <span class='ocrx_word' id='word_1_87' title='bbox 529 1940 657 1968; x_wconf 89' lang='lat' dir='ltr'>nemo</span> <span class='ocrx_word' id='word_1_88' title='bbox 673 1925 832 1983; x_wconf 84' lang='lat' dir='ltr'>justior</span> <span class='ocrx_word' id='word_1_89' title='bbox 853 1926 948 1968; x_wconf 87' lang='lat' dir='ltr'>fieri</span> <span class='ocrx_word' id='word_1_90' title='bbox 969 1931 1120 1984; x_wconf 86' lang='lat' dir='ltr'>potest.</span> <span class='ocrx_word' id='word_1_91' title='bbox 1143 1926 1279 1969; x_wconf 87' lang='lat' dir='ltr'>Erant</span> <span class='ocrx_word' id='word_1_92' title='bbox 1298 1926 1363 1969; x_wconf 88' lang='lat' dir='ltr'>illi</span> <span class='ocrx_word' id='word_1_93' title='bbox 1388 1932 1639 1986; x_wconf 68' lang='lat' dir='ltr'>praestantes</span> <span class='ocrx_word' id='word_1_94' title='bbox 1658 1927 1739 1970; x_wconf 88' lang='lat' dir='ltr'>viri</span> <span class='ocrx_word' id='word_1_95' title='bbox 1760 1928 2026 1985; x_wconf 77' lang='lat' dir='ltr'>dignissimi,</span> <span class='ocrx_word' id='word_1_96' title='bbox 2048 1930 2125 1988; x_wconf 87' lang='lat' dir='ltr'>qui</span> <span class='ocrx_word' id='word_1_97' title='bbox 2148 1931 2261 1974; x_wconf 89' lang='lat' dir='ltr'>veri-</span> 
     </span>
     <span class='ocr_line' id='line_1_12' title="bbox 135 2010 2259 2071; baseline 0 -17"><span class='ocrx_word' id='word_1_98' title='bbox 135 2016 263 2054; x_wconf 80' lang='lat' dir='ltr'>tatem</span> <span class='ocrx_word' id='word_1_99' title='bbox 294 2016 622 2067; x_wconf 77' lang='lat' dir='ltr'>cognoscerent,</span> <span class='ocrx_word' id='word_1_100' title='bbox 654 2026 786 2069; x_wconf 85' lang='lat' dir='ltr'>quam</span> <span class='ocrx_word' id='word_1_101' title='bbox 820 2026 966 2065; x_wconf 87' lang='lat' dir='ltr'>nosse,</span> <span class='ocrx_word' id='word_1_102' title='bbox 990 2026 1037 2053; x_wconf 88' lang='lat' dir='ltr'>ac</span> <span class='ocrx_word' id='word_1_103' title='bbox 1068 2010 1174 2054; x_wconf 86' lang='lat' dir='ltr'>scire</span> <span class='ocrx_word' id='word_1_104' title='bbox 1203 2015 1426 2068; x_wconf 78' lang='lat' dir='ltr'>tantopere</span> <span class='ocrx_word' id='word_1_105' title='bbox 1457 2011 1793 2068; x_wconf 81' lang='lat' dir='ltr'>concupierunt,</span> <span class='ocrx_word' id='word_1_106' title='bbox 1815 2018 1945 2071; x_wconf 86' lang='lat' dir='ltr'>atque</span> <span class='ocrx_word' id='word_1_107' title='bbox 1977 2012 2060 2067; x_wconf 89' lang='lat' dir='ltr'>ita,</span> <span class='ocrx_word' id='word_1_108' title='bbox 2092 2019 2141 2056; x_wconf 90' lang='lat' dir='ltr'>ut</span> <span class='ocrx_word' id='word_1_109' title='bbox 2166 2028 2259 2057; x_wconf 81' lang='lat' dir='ltr'>eam</span> 
     </span>
     <span class='ocr_line' id='line_1_13' title="bbox 136 2093 1791 2152; baseline 0 -16"><span class='ocrx_word' id='word_1_110' title='bbox 136 2093 307 2152; x_wconf 82' lang='lat' dir='ltr'>pietatis</span> <span class='ocrx_word' id='word_1_111' title='bbox 327 2093 569 2136; x_wconf 91' lang='lat' dir='ltr'>rationibus</span> <span class='ocrx_word' id='word_1_112' title='bbox 588 2094 863 2152; x_wconf 82' lang='lat' dir='ltr'>conjunctam</span> <span class='ocrx_word' id='word_1_113' title='bbox 877 2129 887 2148; x_wconf 93' lang='lat'>,</span> <span class='ocrx_word' id='word_1_114' title='bbox 910 2095 1074 2137; x_wconf 80' lang='lat' dir='ltr'>caeteris</span> <span class='ocrx_word' id='word_1_115' title='bbox 1095 2094 1225 2137; x_wconf 85' lang='lat' dir='ltr'>rebus</span> <span class='ocrx_word' id='word_1_116' title='bbox 1245 2093 1447 2136; x_wconf 87' lang='lat' dir='ltr'>omnibus</span> <span class='ocrx_word' id='word_1_117' title='bbox 1467 2099 1791 2152; x_wconf 82' lang='lat' dir='ltr'>anteponerent.</span> 
     </span>
    </p>

    <p class='ocr_par' dir='ltr' id='par_1_5' title="bbox 133 2175 2261 2816">
     <span class='ocr_line' id='line_1_14' title="bbox 192 2175 2258 2236; baseline 0.002 -18"><span class='ocrx_word' id='word_1_118' title='bbox 192 2176 242 2218; x_wconf 91' lang='lat' dir='ltr'>In</span> <span class='ocrx_word' id='word_1_119' title='bbox 273 2176 326 2218; x_wconf 89' lang='lat' dir='ltr'>iis</span> <span class='ocrx_word' id='word_1_120' title='bbox 347 2175 515 2233; x_wconf 80' lang='lat' dir='ltr'>magnis</span> <span class='ocrx_word' id='word_1_121' title='bbox 543 2181 674 2234; x_wconf 84' lang='lat' dir='ltr'>atque</span> <span class='ocrx_word' id='word_1_122' title='bbox 707 2177 812 2219; x_wconf 87' lang='lat' dir='ltr'>adeo</span> <span class='ocrx_word' id='word_1_123' title='bbox 832 2177 1014 2220; x_wconf 90' lang='lat' dir='ltr'>summis</span> <span class='ocrx_word' id='word_1_124' title='bbox 1036 2177 1142 2220; x_wconf 87' lang='lat' dir='ltr'>viris</span> <span class='ocrx_word' id='word_1_125' title='bbox 1164 2176 1417 2234; x_wconf 76' lang='lat' dir='ltr'>dignissime</span> <span class='ocrx_word' id='word_1_126' title='bbox 1438 2176 1640 2231; x_wconf 84' lang='lat' dir='ltr'>liabetur,</span> <span class='ocrx_word' id='word_1_127' title='bbox 1663 2182 1703 2220; x_wconf 84' lang='lat' dir='ltr'>et</span> <span class='ocrx_word' id='word_1_128' title='bbox 1723 2183 1784 2220; x_wconf 86' lang='lat' dir='ltr'>est</span> <span class='ocrx_word' id='word_1_129' title='bbox 1805 2177 2065 2236; x_wconf 85' lang='lat' dir='ltr'>Seraphicus</span> <span class='ocrx_word' id='word_1_130' title='bbox 2086 2179 2258 2234; x_wconf 85' lang='lat' dir='ltr'>Doctor,</span> 
     </span>
     <span class='ocr_line' id='line_1_15' title="bbox 133 2259 2261 2319; baseline 0.001 -17"><span class='ocrx_word' id='word_1_131' title='bbox 133 2261 440 2304; x_wconf 78' lang='lat' dir='ltr'><strong>BONAVENTURA</strong></span> <span class='ocrx_word' id='word_1_132' title='bbox 459 2266 632 2303; x_wconf 88' lang='lat' dir='ltr'>sanctus</span> <span class='ocrx_word' id='word_1_133' title='bbox 650 2276 658 2302; x_wconf 75' lang='grc' dir='ltr'>ε</span> <span class='ocrx_word' id='word_1_134' title='bbox 677 2275 807 2319; x_wconf 88' lang='lat' dir='ltr'>quem</span> <span class='ocrx_word' id='word_1_135' title='bbox 829 2259 875 2302; x_wconf 88' lang='lat' dir='ltr'>in</span> <span class='ocrx_word' id='word_1_136' title='bbox 889 2260 1060 2303; x_wconf 75' lang='lat' dir='ltr'>eximiis</span> <span class='ocrx_word' id='word_1_137' title='bbox 1077 2259 1382 2319; x_wconf 87' lang='lat' dir='ltr'>primariisque</span> <span class='ocrx_word' id='word_1_138' title='bbox 1406 2259 1605 2302; x_wconf 68' lang='lat' dir='ltr'>Ecclesiae</span> <span class='ocrx_word' id='word_1_139' title='bbox 1631 2260 1895 2315; x_wconf 88' lang='lat' dir='ltr'>doctoribus,</span> <span class='ocrx_word' id='word_1_140' title='bbox 1915 2262 2261 2319; x_wconf 85' lang='lat' dir='ltr'>sapientissimus</span> 
     </span>
     <span class='ocr_line' id='line_1_16' title="bbox 133 2342 2259 2403; baseline 0.001 -18"><span class='ocrx_word' id='word_1_141' title='bbox 133 2342 336 2385; x_wconf 78' lang='lat' dir='ltr'>Pontifex</span> <span class='ocrx_word' id='word_1_142' title='bbox 355 2342 506 2385; x_wconf 81' lang='lat' dir='ltr'>SIXTUS</span> <span class='ocrx_word' id='word_1_143' title='bbox 527 2357 694 2391; x_wconf 85' lang='lat' dir='ltr'>QU1NTUS</span> <span class='ocrx_word' id='word_1_144' title='bbox 713 2342 876 2400; x_wconf 87' lang='lat' dir='ltr'>optimo</span> <span class='ocrx_word' id='word_1_145' title='bbox 891 2342 992 2401; x_wconf 86' lang='lat' dir='ltr'>jure</span> <span class='ocrx_word' id='word_1_146' title='bbox 1012 2342 1251 2401; x_wconf 84' lang='lat' dir='ltr'>adscripsit.</span> <span class='ocrx_word' id='word_1_147' title='bbox 1274 2343 1314 2385; x_wconf 91' lang='lat' dir='ltr'>Is</span> <span class='ocrx_word' id='word_1_148' title='bbox 1333 2343 1386 2386; x_wconf 89' lang='lat' dir='ltr'>ab</span> <span class='ocrx_word' id='word_1_149' title='bbox 1408 2342 1557 2386; x_wconf 85' lang='lat' dir='ltr'>adulta</span> <span class='ocrx_word' id='word_1_150' title='bbox 1576 2349 1716 2397; x_wconf 57' lang='lat' dir='ltr'>inmte,</span> <span class='ocrx_word' id='word_1_151' title='bbox 1735 2343 1939 2386; x_wconf 89' lang='lat' dir='ltr'>omnibus</span> <span class='ocrx_word' id='word_1_152' title='bbox 1958 2344 2106 2387; x_wconf 76' lang='lat' dir='ltr'>saeculi</span> <span class='ocrx_word' id='word_1_153' title='bbox 2127 2344 2259 2403; x_wconf 81' lang='lat' dir='ltr'>hujus</span> 
     </span>
     <span class='ocr_line' id='line_1_17' title="bbox 133 2425 2258 2484; baseline 0.001 -16"><span class='ocrx_word' id='word_1_154' title='bbox 133 2426 248 2469; x_wconf 88' lang='lat' dir='ltr'>curis</span> <span class='ocrx_word' id='word_1_155' title='bbox 267 2426 543 2484; x_wconf 89' lang='lat' dir='ltr'>contemptis,</span> <span class='ocrx_word' id='word_1_156' title='bbox 565 2425 826 2483; x_wconf 84' lang='lat' dir='ltr'>abjectisque</span> <span class='ocrx_word' id='word_1_157' title='bbox 846 2425 1167 2483; x_wconf 84' lang='lat' dir='ltr'>voluptatibus,</span> <span class='ocrx_word' id='word_1_158' title='bbox 1191 2426 1237 2468; x_wconf 89' lang='lat' dir='ltr'>in</span> <span class='ocrx_word' id='word_1_159' title='bbox 1258 2426 1511 2483; x_wconf 80' lang='lat' dir='ltr'>religionem</span> <span class='ocrx_word' id='word_1_160' title='bbox 1530 2426 1665 2469; x_wconf 85' lang='lat' dir='ltr'>sancti</span> <span class='ocrx_word' id='word_1_161' title='bbox 1683 2426 1899 2470; x_wconf 88' lang='lat' dir='ltr'>Francisci</span> <span class='ocrx_word' id='word_1_162' title='bbox 1919 2427 2008 2470; x_wconf 89' lang='lat' dir='ltr'>Deo</span> <span class='ocrx_word' id='word_1_163' title='bbox 2036 2442 2089 2470; x_wconf 76' lang='lat' dir='ltr'>ex</span> <span class='ocrx_word' id='word_1_164' title='bbox 2110 2429 2258 2471; x_wconf 80' lang='lat' dir='ltr'>matris</span> 
     </span>
     <span class='ocr_line' id='line_1_18' title="bbox 135 2507 2254 2567; baseline 0.001 -17"><span class='ocrx_word' id='word_1_165' title='bbox 135 2512 235 2552; x_wconf 88' lang='lat' dir='ltr'>voto</span> <span class='ocrx_word' id='word_1_166' title='bbox 254 2507 436 2562; x_wconf 89' lang='lat' dir='ltr'>dicatus,</span> <span class='ocrx_word' id='word_1_167' title='bbox 459 2522 597 2566; x_wconf 85' lang='lat' dir='ltr'>usque</span> <span class='ocrx_word' id='word_1_168' title='bbox 617 2507 723 2550; x_wconf 87' lang='lat' dir='ltr'>adeo</span> <span class='ocrx_word' id='word_1_169' title='bbox 743 2507 955 2563; x_wconf 79' lang='lat' dir='ltr'>singulari</span> <span class='ocrx_word' id='word_1_170' title='bbox 976 2507 1117 2551; x_wconf 88' lang='lat' dir='ltr'>studio</span> <span class='ocrx_word' id='word_1_171' title='bbox 1137 2507 1400 2564; x_wconf 75' lang='lat' dir='ltr'>theologiam</span> <span class='ocrx_word' id='word_1_172' title='bbox 1420 2509 1646 2567; x_wconf 80' lang='lat' dir='ltr'>amplexus</span> <span class='ocrx_word' id='word_1_173' title='bbox 1662 2514 1740 2563; x_wconf 88' lang='lat' dir='ltr'>est,</span> <span class='ocrx_word' id='word_1_174' title='bbox 1761 2514 1809 2552; x_wconf 88' lang='lat' dir='ltr'>ut</span> <span class='ocrx_word' id='word_1_175' title='bbox 1824 2509 2074 2552; x_wconf 82' lang='lat' dir='ltr'>Alexandro</span> <span class='ocrx_word' id='word_1_176' title='bbox 2088 2510 2254 2565; x_wconf 86' lang='lat' dir='ltr'>Alensi,</span> 
     </span>
     <span class='ocr_line' id='line_1_19' title="bbox 134 2590 2256 2650; baseline 0 -16"><span class='ocrx_word' id='word_1_177' title='bbox 134 2591 305 2634; x_wconf 84' lang='lat' dir='ltr'>doctore</span> <span class='ocrx_word' id='word_1_178' title='bbox 333 2596 374 2634; x_wconf 93' lang='lat' dir='ltr'>et</span> <span class='ocrx_word' id='word_1_179' title='bbox 406 2590 634 2648; x_wconf 78' lang='lat' dir='ltr'>magistro,</span> <span class='ocrx_word' id='word_1_180' title='bbox 669 2605 852 2633; x_wconf 81' lang='lat' dir='ltr'>summae</span> <span class='ocrx_word' id='word_1_181' title='bbox 885 2590 1141 2633; x_wconf 86' lang='lat' dir='ltr'>eruditionis</span> <span class='ocrx_word' id='word_1_182' title='bbox 1168 2590 1296 2633; x_wconf 88' lang='lat' dir='ltr'>laude</span> <span class='ocrx_word' id='word_1_183' title='bbox 1325 2590 1562 2634; x_wconf 84' lang='lat' dir='ltr'>clarissimo</span> <span class='ocrx_word' id='word_1_184' title='bbox 1582 2600 1668 2635; x_wconf 85' lang='lat' dir='ltr'>tres</span> <span class='ocrx_word' id='word_1_185' title='bbox 1687 2592 1800 2650; x_wconf 91' lang='lat' dir='ltr'>ipsos</span> <span class='ocrx_word' id='word_1_186' title='bbox 1820 2607 1957 2636; x_wconf 87' lang='lat' dir='ltr'>annos</span> <span class='ocrx_word' id='word_1_187' title='bbox 1975 2608 2105 2647; x_wconf 90' lang='lat' dir='ltr'>usus,</span> <span class='ocrx_word' id='word_1_188' title='bbox 2127 2593 2256 2635; x_wconf 87' lang='lat' dir='ltr'>mira-</span> 
     </span>
     <span class='ocr_line' id='line_1_20' title="bbox 134 2674 2254 2734; baseline 0 -17"><span class='ocrx_word' id='word_1_189' title='bbox 134 2675 265 2718; x_wconf 87' lang='lat' dir='ltr'>bilem</span> <span class='ocrx_word' id='word_1_190' title='bbox 296 2675 342 2717; x_wconf 89' lang='lat' dir='ltr'>in</span> <span class='ocrx_word' id='word_1_191' title='bbox 376 2675 553 2718; x_wconf 88' lang='lat' dir='ltr'>modum</span> <span class='ocrx_word' id='word_1_192' title='bbox 588 2674 838 2733; x_wconf 85' lang='lat' dir='ltr'>profecerit,</span> <span class='ocrx_word' id='word_1_193' title='bbox 873 2674 961 2717; x_wconf 85' lang='lat' dir='ltr'>Deo</span> <span class='ocrx_word' id='word_1_194' title='bbox 993 2674 1039 2716; x_wconf 90' lang='lat' dir='ltr'>in</span> <span class='ocrx_word' id='word_1_195' title='bbox 1070 2674 1222 2732; x_wconf 86' lang='lat' dir='ltr'>primis</span> <span class='ocrx_word' id='word_1_196' title='bbox 1246 2674 1356 2717; x_wconf 88' lang='lat' dir='ltr'>bene</span> <span class='ocrx_word' id='word_1_197' title='bbox 1377 2674 1430 2732; x_wconf 69' lang='lat' dir='ltr'>(a)</span> <span class='ocrx_word' id='word_1_198' title='bbox 1453 2674 1660 2732; x_wconf 85' lang='lat' dir='ltr'>juvante,</span> <span class='ocrx_word' id='word_1_199' title='bbox 1683 2675 1759 2734; x_wconf 88' lang='lat' dir='ltr'>qui</span> <span class='ocrx_word' id='word_1_200' title='bbox 1779 2675 2001 2718; x_wconf 89' lang='lat' dir='ltr'>hominem</span> <span class='ocrx_word' id='word_1_201' title='bbox 2022 2680 2109 2718; x_wconf 87' lang='lat' dir='ltr'>tam</span> <span class='ocrx_word' id='word_1_202' title='bbox 2131 2675 2254 2719; x_wconf 85' lang='lat' dir='ltr'>avide</span> 
     </span>
     <span class='ocr_line' id='line_1_21' title="bbox 135 2756 1949 2816; baseline 0.001 -17"><span class='ocrx_word' id='word_1_203' title='bbox 135 2757 285 2800; x_wconf 91' lang='lat' dir='ltr'>lumen</span> <span class='ocrx_word' id='word_1_204' title='bbox 306 2757 495 2800; x_wconf 79' lang='lat' dir='ltr'>scientiae</span> <span class='ocrx_word' id='word_1_205' title='bbox 519 2758 837 2816; x_wconf 79' lang='lat' dir='ltr'>requirentem,</span> <span class='ocrx_word' id='word_1_206' title='bbox 860 2757 1066 2800; x_wconf 74' lang='lat' dir='ltr'>direxerit</span> <span class='ocrx_word' id='word_1_207' title='bbox 1086 2756 1137 2799; x_wconf 88' lang='lat' dir='ltr'>ad</span> <span class='ocrx_word' id='word_1_208' title='bbox 1158 2772 1306 2800; x_wconf 85' lang='lat' dir='ltr'>veram</span> <span class='ocrx_word' id='word_1_209' title='bbox 1327 2763 1368 2800; x_wconf 88' lang='lat' dir='ltr'>et</span> <span class='ocrx_word' id='word_1_210' title='bbox 1389 2758 1589 2816; x_wconf 86' lang='lat' dir='ltr'>pietatem</span> <span class='ocrx_word' id='word_1_211' title='bbox 1617 2764 1658 2801; x_wconf 88' lang='lat' dir='ltr'>et</span> <span class='ocrx_word' id='word_1_212' title='bbox 1677 2759 1949 2816; x_wconf 84' lang='lat' dir='ltr'>sapientiam.</span> 
     </span>
    </p>

    <p class='ocr_par' dir='ltr' id='par_1_6' title="bbox 136 2840 2253 3311">
     <span class='ocr_line' id='line_1_22' title="bbox 195 2840 2253 2898; baseline 0.001 -16"><span class='ocrx_word' id='word_1_213' title='bbox 195 2840 373 2883; x_wconf 85' lang='lat' dir='ltr'>Factum</span> <span class='ocrx_word' id='word_1_214' title='bbox 397 2840 459 2883; x_wconf 89' lang='lat' dir='ltr'>est</span> <span class='ocrx_word' id='word_1_215' title='bbox 477 2841 627 2898; x_wconf 79' lang='lat' dir='ltr'>igitur,</span> <span class='ocrx_word' id='word_1_216' title='bbox 650 2847 698 2884; x_wconf 87' lang='lat' dir='ltr'>ut</span> <span class='ocrx_word' id='word_1_217' title='bbox 718 2841 911 2894; x_wconf 80' lang='lat' dir='ltr'>Parisiis,</span> <span class='ocrx_word' id='word_1_218' title='bbox 934 2840 1144 2883; x_wconf 85' lang='lat' dir='ltr'>nimirum</span> <span class='ocrx_word' id='word_1_219' title='bbox 1165 2841 1209 2882; x_wconf 88' lang='lat' dir='ltr'>in</span> <span class='ocrx_word' id='word_1_220' title='bbox 1231 2840 1338 2882; x_wconf 86' lang='lat' dir='ltr'>urbe</span> <span class='ocrx_word' id='word_1_221' title='bbox 1362 2846 1452 2883; x_wconf 86' lang='lat' dir='ltr'>tum</span> <span class='ocrx_word' id='word_1_222' title='bbox 1473 2841 1625 2884; x_wconf 84' lang='lat' dir='ltr'>studiis</span> <span class='ocrx_word' id='word_1_223' title='bbox 1644 2840 1863 2895; x_wconf 85' lang='lat' dir='ltr'>affluenti,</span> <span class='ocrx_word' id='word_1_224' title='bbox 1888 2847 1981 2883; x_wconf 87' lang='lat' dir='ltr'>tum</span> <span class='ocrx_word' id='word_1_225' title='bbox 2001 2840 2253 2884; x_wconf 77' lang='lat' dir='ltr'>doctissimis</span> 
     </span>
     <span class='ocr_line' id='line_1_23' title="bbox 136 2923 2252 2984; baseline 0.001 -19"><span class='ocrx_word' id='word_1_226' title='bbox 136 2923 524 2982; x_wconf 84' lang='lat' dir='ltr'>eruditissimisque</span> <span class='ocrx_word' id='word_1_227' title='bbox 555 2924 662 2967; x_wconf 87' lang='lat' dir='ltr'>viris</span> <span class='ocrx_word' id='word_1_228' title='bbox 694 2924 1022 2977; x_wconf 82' lang='lat' dir='ltr'>florentissima,</span> <span class='ocrx_word' id='word_1_229' title='bbox 1049 2923 1183 2966; x_wconf 87' lang='lat' dir='ltr'>libros</span> <span class='ocrx_word' id='word_1_230' title='bbox 1208 2923 1401 2980; x_wconf 79' lang='lat' dir='ltr'>Magistri</span> <span class='ocrx_word' id='word_1_231' title='bbox 1423 2923 1748 2967; x_wconf 82' lang='lat' dir='ltr'>Sententiarum</span> <span class='ocrx_word' id='word_1_232' title='bbox 1780 2924 1969 2980; x_wconf 82' lang='lat' dir='ltr'>graviter</span> <span class='ocrx_word' id='word_1_233' title='bbox 1999 2926 2252 2984; x_wconf 67' lang='lat' dir='ltr'>copiosequ·¹</span> 
     </span>
     <span class='ocr_line' id='line_1_24' title="bbox 137 3005 2253 3065; baseline 0.001 -19"><span class='ocrx_word' id='word_1_234' title='bbox 137 3005 404 3062; x_wconf 83' lang='lat' dir='ltr'>exposuerit,</span> <span class='ocrx_word' id='word_1_235' title='bbox 439 3012 480 3048; x_wconf 90' lang='lat' dir='ltr'>et</span> <span class='ocrx_word' id='word_1_236' title='bbox 508 3007 824 3050; x_wconf 84' lang='lat' dir='ltr'>commentariis</span> <span class='ocrx_word' id='word_1_237' title='bbox 854 3006 1086 3050; x_wconf 87' lang='lat' dir='ltr'>luculentis</span> <span class='ocrx_word' id='word_1_238' title='bbox 1117 3006 1369 3061; x_wconf 83' lang='lat' dir='ltr'>illustrarit,</span> <span class='ocrx_word' id='word_1_239' title='bbox 1393 3007 1553 3065; x_wconf 82' lang='lat' dir='ltr'>quibus</span> <span class='ocrx_word' id='word_1_240' title='bbox 1582 3007 1764 3050; x_wconf 86' lang='lat' dir='ltr'>mirifice</span> <span class='ocrx_word' id='word_1_241' title='bbox 1784 3007 1828 3049; x_wconf 90' lang='lat' dir='ltr'>in</span> <span class='ocrx_word' id='word_1_242' title='bbox 1850 3007 2001 3064; x_wconf 87' lang='lat' dir='ltr'>primis</span> <span class='ocrx_word' id='word_1_243' title='bbox 2020 3008 2253 3051; x_wconf 67' lang='lat' dir='ltr'>delectatus</span> 
     </span>
     <span class='ocr_line' id='line_1_25' title="bbox 137 3087 2249 3148; baseline 0.002 -19"><span class='ocrx_word' id='word_1_244' title='bbox 137 3092 198 3129; x_wconf 85' lang='lat' dir='ltr'>est</span> <span class='ocrx_word' id='word_1_245' title='bbox 226 3087 540 3143; x_wconf 87' lang='lat' dir='ltr'>sanctissimus,</span> <span class='ocrx_word' id='word_1_246' title='bbox 576 3088 776 3146; x_wconf 83' lang='lat' dir='ltr'>idemque</span> <span class='ocrx_word' id='word_1_247' title='bbox 808 3089 1079 3132; x_wconf 85' lang='lat' dir='ltr'>doctissimus</span> <span class='ocrx_word' id='word_1_248' title='bbox 1108 3089 1307 3132; x_wconf 74' lang='lat' dir='ltr'>Pontifex</span> <span class='ocrx_word' id='word_1_249' title='bbox 1338 3090 1536 3132; x_wconf 81' lang='lat' dir='ltr'>Clemens</span> <span class='ocrx_word' id='word_1_250' title='bbox 1554 3090 1630 3133; x_wconf 81' lang='lat' dir='ltr'>[V.</span> <span class='ocrx_word' id='word_1_251' title='bbox 1654 3090 1750 3141; x_wconf 83' lang='lat' dir='ltr'>Quo</span> <span class='ocrx_word' id='word_1_252' title='bbox 1770 3105 1822 3132; x_wconf 78' lang='lat' dir='ltr'>ex</span> <span class='ocrx_word' id='word_1_253' title='bbox 1842 3105 1969 3148; x_wconf 83' lang='lat' dir='ltr'>opere</span> <span class='ocrx_word' id='word_1_254' title='bbox 1998 3096 2160 3133; x_wconf 87' lang='lat' dir='ltr'>tantam</span> <span class='ocrx_word' id='word_1_255' title='bbox 2186 3107 2249 3133; x_wconf 28' lang='lat' dir='ltr'>sas--</span> 
     </span>
     <span class='ocr_line' id='line_1_26' title="bbox 136 3168 2250 3232; baseline 0.002 -21"><span class='ocrx_word' id='word_1_256' title='bbox 136 3168 308 3225; x_wconf 61' lang='lat' dir='ltr'>pientiae</span> <span class='ocrx_word' id='word_1_257' title='bbox 326 3169 501 3212; x_wconf 85' lang='lat' dir='ltr'>laudem</span> <span class='ocrx_word' id='word_1_258' title='bbox 521 3171 594 3213; x_wconf 90' lang='lat' dir='ltr'>ille</span> <span class='ocrx_word' id='word_1_259' title='bbox 614 3171 695 3213; x_wconf 89' lang='lat' dir='ltr'>sibi</span> <span class='ocrx_word' id='word_1_260' title='bbox 712 3172 994 3230; x_wconf 87' lang='lat' dir='ltr'>comparavit,</span> <span class='ocrx_word' id='word_1_261' title='bbox 1013 3178 1061 3215; x_wconf 93' lang='lat' dir='ltr'>ut</span> <span class='ocrx_word' id='word_1_262' title='bbox 1080 3173 1203 3215; x_wconf 88' lang='lat' dir='ltr'>nulla</span> <span class='ocrx_word' id='word_1_263' title='bbox 1222 3187 1288 3215; x_wconf 87' lang='lat' dir='ltr'>res</span> <span class='ocrx_word' id='word_1_264' title='bbox 1307 3172 1394 3215; x_wconf 91' lang='lat' dir='ltr'>illis</span> <span class='ocrx_word' id='word_1_265' title='bbox 1416 3173 1682 3230; x_wconf 80' lang='lat' dir='ltr'>temporibus</span> <span class='ocrx_word' id='word_1_266' title='bbox 1699 3173 1914 3232; x_wconf 76' lang='lat' dir='ltr'>explicatu</span> <span class='ocrx_word' id='word_1_267' title='bbox 1934 3173 2126 3216; x_wconf 85' lang='lat' dir='ltr'>difficilis</span> <span class='ocrx_word' id='word_1_268' title='bbox 2145 3174 2250 3216; x_wconf 78' lang='lat' dir='ltr'>inci-</span> 
     </span>
     <span class='ocr_line' id='line_1_27' title="bbox 136 3251 1597 3311; baseline 0.003 -17"><span class='ocrx_word' id='word_1_269' title='bbox 136 3251 272 3304; x_wconf 86' lang='lat' dir='ltr'>deret,</span> <span class='ocrx_word' id='word_1_270' title='bbox 295 3253 348 3295; x_wconf 87' lang='lat' dir='ltr'>ad</span> <span class='ocrx_word' id='word_1_271' title='bbox 368 3268 498 3311; x_wconf 86' lang='lat' dir='ltr'>quam</span> <span class='ocrx_word' id='word_1_272' title='bbox 519 3269 543 3296; x_wconf 88' lang='lat' dir='ltr'>a</span> <span class='ocrx_word' id='word_1_273' title='bbox 562 3254 848 3298; x_wconf 86' lang='lat' dir='ltr'>Pontificibus</span> <span class='ocrx_word' id='word_1_274' title='bbox 865 3255 1173 3299; x_wconf 75' lang='lat' dir='ltr'><strong>BONAVENTURA</strong></span> <span class='ocrx_word' id='word_1_275' title='bbox 1194 3270 1282 3298; x_wconf 89' lang='lat' dir='ltr'>non</span> <span class='ocrx_word' id='word_1_276' title='bbox 1302 3255 1597 3298; x_wconf 77' lang='lat' dir='ltr'>adhiberetur.</span> 
     </span>
    </p>

    <p class='ocr_par' dir='ltr' id='par_1_7' title="bbox 134 3333 2246 3561">
     <span class='ocr_line' id='line_1_28' title="bbox 192 3333 2243 3397; baseline 0.001 -20"><span class='ocrx_word' id='word_1_277' title='bbox 192 3333 287 3378; x_wconf 85' lang='lat' dir='ltr'>Jam</span> <span class='ocrx_word' id='word_1_278' title='bbox 306 3351 409 3380; x_wconf 91' lang='lat' dir='ltr'>vero</span> <span class='ocrx_word' id='word_1_279' title='bbox 429 3338 621 3396; x_wconf 88' lang='lat' dir='ltr'>primum</span> <span class='ocrx_word' id='word_1_280' title='bbox 640 3338 694 3381; x_wconf 87' lang='lat' dir='ltr'>ab</span> <span class='ocrx_word' id='word_1_281' title='bbox 714 3338 839 3382; x_wconf 88' lang='lat' dir='ltr'>initio</span> <span class='ocrx_word' id='word_1_282' title='bbox 859 3339 1071 3382; x_wconf 88' lang='lat' dir='ltr'>nascentis</span> <span class='ocrx_word' id='word_1_283' title='bbox 1088 3339 1303 3394; x_wconf 65' lang='lat' dir='ltr'>Ecclesiae,</span> <span class='ocrx_word' id='word_1_284' title='bbox 1328 3339 1565 3382; x_wconf 86' lang='lat' dir='ltr'>multarum</span> <span class='ocrx_word' id='word_1_285' title='bbox 1584 3353 1930 3397; x_wconf 81' lang='lat' dir='ltr'>magnarumque</span> <span class='ocrx_word' id='word_1_286' title='bbox 1947 3353 2093 3381; x_wconf 86' lang='lat' dir='ltr'>rerum</span> <span class='ocrx_word' id='word_1_287' title='bbox 2108 3337 2243 3395; x_wconf 79' lang='lat' dir='ltr'>copia,</span> 
     </span>
     <span class='ocr_line' id='line_1_29' title="bbox 135 3418 2246 3480; baseline 0 -22"><span class='ocrx_word' id='word_1_288' title='bbox 135 3432 233 3474; x_wconf 78' lang='lat' dir='ltr'>quae</span> <span class='ocrx_word' id='word_1_289' title='bbox 264 3418 316 3460; x_wconf 88' lang='lat' dir='ltr'>ad</span> <span class='ocrx_word' id='word_1_290' title='bbox 343 3419 571 3477; x_wconf 81' lang='lat' dir='ltr'>theologiae</span> <span class='ocrx_word' id='word_1_291' title='bbox 591 3421 783 3465; x_wconf 90' lang='lat' dir='ltr'>studium</span> <span class='ocrx_word' id='word_1_292' title='bbox 804 3422 1020 3480; x_wconf 89' lang='lat' dir='ltr'>pertinent</span> <span class='ocrx_word' id='word_1_293' title='bbox 1036 3422 1107 3479; x_wconf 78' lang='lat' dir='ltr'>(b),</span> <span class='ocrx_word' id='word_1_294' title='bbox 1137 3438 1161 3464; x_wconf 88' lang='lat' dir='ltr'>a</span> <span class='ocrx_word' id='word_1_295' title='bbox 1181 3421 1419 3479; x_wconf 86' lang='lat' dir='ltr'>majoribus</span> <span class='ocrx_word' id='word_1_296' title='bbox 1438 3421 1594 3464; x_wconf 88' lang='lat' dir='ltr'>nostris</span> <span class='ocrx_word' id='word_1_297' title='bbox 1612 3421 1768 3463; x_wconf 86' lang='lat' dir='ltr'>sanctis</span> <span class='ocrx_word' id='word_1_298' title='bbox 1787 3420 2007 3478; x_wconf 84' lang='lat' dir='ltr'>doctisque</span> <span class='ocrx_word' id='word_1_299' title='bbox 2028 3419 2154 3473; x_wconf 86' lang='lat' dir='ltr'>viris,</span> <span class='ocrx_word' id='word_1_300' title='bbox 2177 3419 2246 3476; x_wconf 76' lang='lat' dir='ltr'>pie</span> 
     </span>
     <span class='ocr_line' id='line_1_30' title="bbox 134 3498 2239 3561; baseline 0 -21"><span class='ocrx_word' id='word_1_301' title='bbox 134 3498 366 3543; x_wconf 86' lang='lat' dir='ltr'>admodum</span> <span class='ocrx_word' id='word_1_302' title='bbox 382 3536 392 3556; x_wconf 88' lang='lat'>‚</span> <span class='ocrx_word' id='word_1_303' title='bbox 414 3507 542 3561; x_wconf 85' lang='lat' dir='ltr'>atque</span> <span class='ocrx_word' id='word_1_304' title='bbox 563 3503 729 3546; x_wconf 89' lang='lat' dir='ltr'>erudite</span> <span class='ocrx_word' id='word_1_305' title='bbox 750 3503 906 3547; x_wconf 87' lang='lat' dir='ltr'>tradita</span> <span class='ocrx_word' id='word_1_306' title='bbox 923 3510 1006 3560; x_wconf 88' lang='lat' dir='ltr'>est,</span> <span class='ocrx_word' id='word_1_307' title='bbox 1024 3521 1072 3548; x_wconf 89' lang='lat' dir='ltr'>ac</span> <span class='ocrx_word' id='word_1_308' title='bbox 1090 3505 1416 3548; x_wconf 83' lang='lat' dir='ltr'>subministrata</span> <span class='ocrx_word' id='word_1_309' title='bbox 1428 3505 1552 3547; x_wconf 82' lang='lat' dir='ltr'>nobis</span> <span class='ocrx_word' id='word_1_310' title='bbox 1566 3505 1619 3548; x_wconf 81' lang='lat' dir='ltr'>ad</span> <span class='ocrx_word' id='word_1_311' title='bbox 1635 3504 1933 3548; x_wconf 72' lang='lat' dir='ltr'>ecclesiasticas</span> <span class='ocrx_word' id='word_1_312' title='bbox 1957 3502 2239 3547; x_wconf 62' lang='lat' dir='ltr'>tractationes⁴</span> 
     </span>
    </p>
   </div>
   <div class='ocr_carea' id='block_1_5' title="bbox 178 3599 1419 3647">
    <p class='ocr_par' dir='ltr' id='par_1_8' title="bbox 178 3599 1419 3647">
     <span class='ocr_line' id='line_1_31' title="bbox 178 3599 1419 3647; baseline 0.006 -18"><span class='ocrx_word' id='word_1_313' title='bbox 178 3599 220 3639; x_wconf 84' lang='grc' dir='ltr'>(α)</span> <span class='ocrx_word' id='word_1_314' title='bbox 239 3600 272 3630; x_wconf 69' lang='grc' dir='ltr'>[ιι</span> <span class='ocrx_word' id='word_1_315' title='bbox 296 3599 385 3632; x_wconf 77' lang='lat' dir='ltr'>Eclst.</span> <span class='ocrx_word' id='word_1_316' title='bbox 408 3602 508 3642; x_wconf 70' lang='lat' dir='ltr'>Luqcl.</span> <span class='ocrx_word' id='word_1_317' title='bbox 529 3603 615 3634; x_wconf 46' lang='lat' dir='ltr'>(leniit</span> <span class='ocrx_word' id='word_1_318' title='bbox 633 3605 732 3635; x_wconf 78' lang='lat' dir='ltr'>bene.</span> <span class='ocrx_word' id='word_1_319' title='bbox 751 3624 789 3629; x_wconf 73' lang='lat'>-</span> <span class='ocrx_word' id='word_1_320' title='bbox 815 3604 856 3645; x_wconf 67' lang='lat' dir='ltr'>(lt)</span> <span class='ocrx_word' id='word_1_321' title='bbox 879 3606 1047 3647; x_wconf 67' lang='lat' dir='ltr'>Hucusque</span> <span class='ocrx_word' id='word_1_322' title='bbox 1068 3606 1237 3646; x_wconf 66' lang='lat' dir='ltr'>leqebafur</span> <span class='ocrx_word' id='word_1_323' title='bbox 1264 3605 1419 3645; x_wconf 76' lang='lat' dir='ltr'>pertinet.</span> 
     </span>
    </p>
   </div>
  </div>
 </body>
</html>
