2570 3986
1031 269 1413 310 ARGUNOENTUM.
2257 282 2277 316 Τ

172 365 306 407 veluti
335 364 519 406 lectulus
545 363 554 383 ¹
589 360 832 405 Salomonis
861 359 980 413 veri,
1010 372 1162 416 nempe
1185 358 1342 402 Christi
1353 375 1363 413 3
1397 373 1527 416 quem
1552 358 1774 414 sexaginta
1798 360 1851 416 (a)
1888 361 2015 403 t'ortes
2049 365 2278 420 ambiunt,

172 446 380 488 nimirum
403 445 489 487 viri
515 444 568 487 ad
595 443 672 486 Dei
693 442 807 485 bella
839 440 1157 484 instructissimi
1187 457 1195 482 :
1225 441 1378 483 Petrus
1405 440 1704 495 Lcmbardus,
1736 440 1787 482 de
1813 456 1900 499 quo
1928 442 2014 485 fere
2047 443 2090 486 in
2123 460 2275 491 exorsu

174 527 304 586 hujus
323 526 605 570 enarrationis
623 525 713 568 dixi
729 560 740 580 ,
764 524 1073 567 Parisiensium
1106 523 1351 582 eliiscopus3
1375 523 1622 566 Alexander
1641 523 1830 577 Alensis,
1851 523 2057 568 Albertus
2076 527 2276 584 Magnus,

171 616 342 654 sanctus
361 610 563 663 Thomas,
580 613 751 651 sanctus
769 608 1093 660 Bonaventura,
1114 605 1283 660 Scotus,
1299 605 1688 659 Altissiodorensis,
1709 611 1749 648 ct
1769 605 1843 648 alii
1860 605 2085 650 clarissimi
2108 610 2189 652 viri
2209 627 2216 653 :
2237 612 2276 654 in

171 695 333 754 quibus
353 692 554 736 omnibus
574 691 734 749 primas
766 697 879 733 tenet
908 690 1022 732 idem
1053 694 1224 732 sanctus
1244 688 1458 742 Thomas,
1481 688 1557 745 qui
1579 688 1742 730 variam
1763 687 2046 746 philosophia:
2072 691 2279 749 peripate—

173 778 263 820 ticae
282 773 591 834 supellectilem
613 772 666 815 ad
687 787 828 815 arcem
848 771 1007 814 divina}
1027 772 1248 830 sapientia}
1266 766 1472 825 contulit,
1495 769 1571 828 qui
1591 770 1818 825 theologiae
1839 771 2058 814 scientiam
2079 774 2281 817 omnibus

169 857 464 902 doctrinarum
481 854 747 898 ornamentis
770 853 981 907 excoluit,
1000 855 1292 913 omnibusque
1313 853 1506 896 numeris
1525 852 1733 906 absolvit3
1751 853 1827 910 qui
1842 853 2035 910 singulas
2055 855 2281 913 theologice

167 942 426 1002 quaestiones
444 940 595 983 ordine
626 939 799 996 digessit
825 939 1067 982 mirabilem
1090 938 1134 980 in
1157 937 1357 989 modum3
1384 935 1459 994 qui
1486 935 1785 978 haereticorum
1816 944 2072 992 argumenta
2101 939 2282 982 mirifice

167 1024 389 1081 coarguit,
413 1037 652 1081 eorumque
683 1022 829 1076 dolos,
852 1021 1067 1075 fallacias,
1100 1020 1360 1077 fraudesque
1389 1019 1708 1061 accuratissima
1728 1019 1956 1075 diligentia
1983 1020 2167 1074 detexit;
2203 1024 2281 1081 qui

166 1105 468 1149 haereticorum
489 1105 591 1147 item
613 1103 995 1162 perniciosissimos
1015 1118 1181 1146 errores
1202 1102 1475 1160 maximeque
1494 1101 1786 1156 detestabiles,
1810 1102 1953 1159 gladio
1976 1104 2153 1162 spiritus
2174 1121 2283 1164 prae-

165 1187 283 1242 cidit,
306 1202 547 1246 eorumque
567 1188 776 1241 furorem,
800 1187 982 1229 funestis
1002 1186 1169 1229 facibus
1187 1199 1429 1238 accensum,
1453 1183 1666 1227 restinxit.

222 1270 375 1314 Itidem
390 1270 600 1313 affirmari
615 1271 713 1313 licet
732 1270 783 1313 de
798 1275 943 1312 sancto
959 1269 1284 1323 BONAVENTURA,
1299 1283 1352 1311 ex
1365 1267 1672 1311 constitutione
1685 1273 1725 1310 et
1741 1269 1954 1311 sententia
1969 1271 2224 1313 sanctissimi
2244 1278 2285 1314 et

165 1353 442 1396 eruditissimi
468 1352 692 1395 Pontificis
719 1352 837 1395 Sum
856 1353 913 1406 V,
936 1352 1034 1411 qui,
1060 1367 1217 1409 magno
1244 1351 1373 1394 etiam
1393 1351 1585 1394 adhibito
1604 1350 1785 1393 consilio
1800 1386 1810 1405 ,
1834 1367 1935 1394 cum
1966 1352 2077 1395 inter
2102 1353 2283 1397 eximios

164 1435 483 1494 primariosque
497 1435 718 1483 catholicae
728 1435 930 1477 Ecclesiae
949 1435 1142 1477 doctores
1160 1434 1244 1476 ritu
1264 1433 1447 1476 solemni
1461 1433 1841 1476 annumerandum
1856 1434 2059 1478 decrevit.
2078 1434 2154 1478 Est
2167 1436 2280 1478 enim

164 1519 473 1564 BONAVENTURA
501 1524 699 1573 sanctus,
722 1517 1034 1561 sententiarum
1054 1517 1243 1575 pondere
1265 1522 1305 1558 et
1325 1515 1512 1558 utilitate
1532 1515 1697 1557 nemini
1721 1516 1955 1571 secundus;
1980 1532 2122 1575 neque
2142 1518 2283 1560 solum

164 1602 411 1660 argumenti
425 1601 674 1655 subtilitate,
691 1600 871 1643 docendi
882 1600 1047 1642 ratione
1061 1599 1191 1652 facili,
1209 1597 1446 1641 definiendi
1461 1597 1634 1640 solertia
1648 1603 1835 1656 praestat,
1850 1598 1923 1641 sed
1935 1599 2084 1642 divina
2095 1601 2281 1658 quadam

166 1686 209 1728 vi
234 1685 405 1728 excellit
432 1685 487 1728 ad
511 1685 678 1727 animos
702 1683 1041 1742 permovendos;
1070 1698 1118 1725 ac
1149 1687 1356 1740 praeterea
1375 1680 1599 1723 scribendo
1619 1714 1629 1735 ,
1650 1681 1708 1724 ita
1729 1696 1829 1724 cum
1849 1697 2020 1725 summa
2039 1683 2284 1727 eruditione

164 1784 311 1827 parem
330 1768 499 1828 pietatis
518 1768 716 1811 ardorem
736 1766 990 1824 conjungit,
1016 1773 1064 1809 ut
1084 1766 1290 1809 lectorem
1310 1770 1351 1808 et
1371 1763 1562 1808 docendo
1583 1769 1776 1819 moveat,
1798 1769 1838 1806 et
1857 1764 2063 1809 doctrinae
2085 1767 2127 1809 vi
2147 1782 2285 1825 usque

164 1852 269 1895 adeo
294 1852 339 1894 in
358 1851 534 1894 intimos
556 1850 692 1894 animi
719 1865 870 1893 sensus
894 1854 1111 1908 penetret,
1140 1855 1189 1892 ut
1215 1848 1446 1907 seraphicis
1471 1847 1734 1906 quibusdam
1763 1848 1922 1890 aculeis
1943 1849 2141 1892 animum
2173 1864 2288 1892 com—

165 1939 346 1992 pungat,
368 1950 415 1978 ac
434 1935 564 1978 simul
585 1933 840 1978 admiranda
859 1932 1100 1976 devotionis
1120 1931 1376 1991 pietatisque
1396 1930 1624 1973 dulcedine
1646 1930 1892 1988 perfundat.
1916 1931 2114 1989 Denique
2136 1931 2285 1989 dispu-

163 2018 344 2062 tationes
368 2033 518 2061 omnes
536 2053 546 2073 ,
568 2023 663 2061 tum
690 2018 843 2061 robore
870 2015 1157 2070 auctoritatis,
1181 2029 1312 2073 quam
1335 2029 1423 2057 non
1456 2013 1595 2056 solum
1618 2028 1639 2056 e
1659 2014 1818 2056 sanctis
1848 2014 2044 2057 Ecclesiae
2065 2014 2283 2058 veteribus

164 2101 387 2156 Patribus,
409 2101 482 2144 sed
508 2102 639 2144 etiam
659 2117 680 2144 e
701 2099 989 2159 peripateticis
1013 2114 1060 2141 ac
1080 2097 1304 2156 platonicis
1323 2096 1500 2149 scholis,
1523 2096 1706 2154 aliisque
1727 2096 1964 2155 disciplinis
1983 2097 2162 2156 accepit,
2187 2103 2280 2141 tum

161 2183 380 2227 rationum
394 2183 681 2227 communivit
701 2182 978 2241 adjumentis.

218 2265 275 2308 Hi
301 2266 440 2323 igitur
464 2267 551 2309 duo
577 2267 764 2321 strenui,
791 2265 1119 2324 sapientissimi,
1152 2265 1389 2325 optimique
1425 2264 1650 2321 thffljilogize
1682 2264 1944 2307 scholastica}
1975 2265 2130 2318 duces,
2158 2269 2280 2307 aetate

160 2349 365 2407 aequales,
389 2350 514 2408 quasi
533 2349 697 2407 gemini
717 2351 759 2393 in
783 2349 948 2393 Christo
968 2350 1143 2403 fratres,
1171 2348 1324 2391 iisdem
1345 2348 1497 2390 studiis
1517 2348 1666 2400 dediti,
1691 2348 1870 2407 parique
1894 2363 2052 2391 corona
2076 2347 2281 2391 condeco—

161 2431 243 2474 rati
262 2465 272 2486 ‚
295 2431 373 2490 qui
393 2432 564 2476 eximiae
584 2434 797 2476 sanctitati
818 2448 1021 2490 magnam
1041 2432 1283 2491 praestantis
1301 2432 1508 2474 doctrinae
1528 2431 1703 2474 laudem
1725 2431 2043 2489 adjunxerunt,
2066 2447 2164 2475 cum
2189 2432 2280 2475 veri

166 2514 301 2557 robur
331 2514 590 2557 stabilierint
614 2515 843 2571 theologiae
875 2515 1043 2569 nervis,
1078 2521 1119 2557 et
1143 2514 1447 2557 haereticorum
1474 2515 1698 2558 andaciam
1731 2515 1974 2558 retuderint
2006 2513 2281 2557 solidioribus

160 2597 327 2640 artibus
347 2632 357 2652 ,
380 2597 669 2656 pressiorique
691 2597 1026 2655 argumentandi
1045 2612 1225 2653 genere3
1249 2596 1395 2639 divine
1421 2596 1598 2654 quidem
1618 2602 1660 2640 et
1679 2603 1998 2655 peropportune
2018 2598 2179 2640 factum
2200 2602 2277 2650 est,

162 2685 210 2722 ut
248 2680 315 2723 his
340 2680 672 2724 luctuosissimis
699 2681 986 2739 temporibus,
1015 2679 1176 2738 quibus
1208 2680 1490 2724 nobilissimae
1523 2682 1758 2740 provinciae
1788 2683 1892 2725 olim
1925 2683 2026 2725 fidei
2059 2682 2278 2724 catholicae

161 2763 300 2819 gloria
314 2762 645 2817 florentissimae,
662 2762 910 2816 Germania,
928 2763 1106 2818 Anglia,
1119 2762 1339 2817 Belgium,
1357 2770 1398 2807 et
1408 2766 1726 2823 amplissimum
1741 2766 1894 2809 Galliae
1910 2781 2111 2822 regnum,
2127 2766 2279 2808 tandiu

167 2844 379 2888 haeresum
400 2833 747 2904 tempestatibus,
779 2846 1132 2903 turbulentisque
1152 2845 1357 2889 fluctibus
1377 2848 1614 2904 agitantur,
1638 2853 1679 2891 et
1698 2849 1999 2892 l‘iaereticarum
2020 2849 2278 2906 opinionum

161 2927 381 2971 erroribus
399 2929 523 2987 quasi
544 2929 782 2973 tribunitiis
802 2930 1024 2973 furoribus
1044 2929 1370 2984 concutiuntur,
1394 2930 1607 2988 optimum
1633 2932 1840 2974 doctrinae
1859 2930 2079 2973 catholicae
2105 2930 2276 2984 ducem,

163 3012 215 3055 ad
235 3011 418 3056 haereses
437 3014 766 3072 restinguendas
785 3016 1168 3060 instructissimum
1189 3017 1235 3059 in
1256 3017 1390 3060 aciem
1418 3017 1724 3060 Sanctissimus
1747 3017 1867 3059 Doni.
1891 3016 2011 3059 Nost..
2047 3017 2097 3075 (b)
2122 3016 2278 3075 perdu-

162 3101 289 3138 ceret.
311 3096 352 3139 Is
366 3097 483 3139 enim
502 3132 512 3152 ,
532 3113 557 3141 a
576 3098 717 3156 prima
736 3105 882 3154 aetate,
905 3100 1136 3159 theologiae
1155 3103 1309 3145 studiis
1325 3118 1493 3161 semper
1511 3103 1682 3156 floruit,
1705 3107 1962 3161 tantumque
1986 3103 2032 3145 in
2058 3103 2159 3161 ipsis
2181 3118 2278 3161 pro-

161 3176 275 3232 fecit,
298 3183 347 3221 ut
366 3194 494 3223 nemo
520 3195 652 3223 unam
680 3181 872 3240 aliquam
902 3189 988 3226 tam
1009 3185 1193 3242 perfecte
1218 3185 1439 3228 scientiam
1459 3184 1678 3238 didicerit,
1700 3199 1832 3242 quam
1852 3184 1925 3227 ille
1953 3185 2150 3228 omnium
2171 3200 2278 3243 praaw

163 3260 411 3305 cellentium
431 3263 757 3322 disciplinarum
778 3266 1067 3322 cognitionem
1085 3274 1148 3310 est
1160 3268 1355 3326 adeptus.
1374 3268 1632 3310 Divinarum
1653 3273 1798 3310 autem
1819 3282 1965 3310 rerum
1979 3267 2218 3321 scientiam,
2238 3274 2278 3310 et

164 3340 238 3385 illa
254 3343 345 3402 ipsa
363 3347 522 3401 studia,
546 3363 644 3406 quae
664 3354 765 3391 sunt
784 3347 1016 3393 christiano
1037 3350 1215 3394 homine
1234 3351 1384 3407 digna,
1404 3351 1462 3393 sic
1483 3357 1593 3393 recte
1614 3350 1735 3393 novit
1748 3385 1758 3405 ,
1780 3356 1827 3392 ut
1844 3365 1930 3393 non
1952 3350 2078 3393 modo
2092 3365 2190 3392 cuni
2207 3349 2273 3402 iis,

210 3491 218 3511 ¹
237 3491 344 3530 Cant„
368 3500 425 3534 111,
446 3497 475 3527 ἶ.

190 3567 252 3643 lot)
278 3568 443 3643 Hucusqae
464 3571 633 3612 legebatur
654 3573 912 3615 quinquaginta,
936 3576 1022 3616 «[αυιί
1042 3579 1087 3607 vsl
1111 3579 1221 3607 'santra
1246 3586 1352 3607 munes
1374 3575 1526 3607 lei-[mnes
1553 3575 1760 3612 nimium-ime,
1788 3577 1820 3606 Μ
1844 3585 2040 3615 (ΙΗΘΕΗΙΙΝΙΝΠ
2062 3575 2183 3614 *sss-PM
2211 3574 2275 3604 ΨΜ

166 3624 186 3643 η
203 3615 332 3645 lamule.
352 3633 392 3638 —-
411 3627 424 3646 J
440 3617 551 3649 sixtus
573 3621 612 3651 V.
