2613 3990
159 938 204 964 Ad
221 946 271 972 op-

134 986 186 1013 pos

296 277 373 314 424

294 362 476 403 tantialis
489 363 530 402 et
551 360 858 409 connaturalis,
878 359 1011 410 igitur
1035 370 1132 398 cum
1151 356 1201 409 (a)
1221 368 1316 396 con-

292 435 494 486 sequatur
510 444 597 473 esse
610 430 846 484 hypostasis
857 462 866 480 ,
883 442 970 470 non
984 432 1150 470 tautum
1170 430 1232 468 est
1247 439 1316 467 ra-

293 505 349 544 tio
368 502 674 552 innotescendi,
698 501 767 542 sed
786 501 912 540 etiam
931 498 1234 551 distinguendi.

348 575 466 624 Item,
487 575 532 614 111
552 584 721 614 summo
736 571 914 624 simplici
934 570 1046 611 idem
1064 572 1125 610 est
1144 567 1317 609 omnino

294 647 401 688 ratio
422 645 585 687 essendi
603 676 612 692 ‚
638 647 677 684 et
704 642 985 695 cognoscendi
1006 657 1015 682 ε
1039 641 1109 681 εο(1
1138 652 1318 693 persona

298 718 428 758 Patris
445 720 505 757 est
518 727 685 756 summe
700 714 879 766 simplex
896 727 904 753 :
922 713 1054 765 igitur
1066 712 1213 753 eodem
1231 723 1318 751 1110-

295 790 347 829 (10
367 787 664 839 distinguitur,
684 797 768 838 quo
788 784 991 836 distingui
1014 783 1284 835 cognoscitur
1307 798 1315 823 :

296 861 374 901 1100
393 862 536 900 autem
557 860 619 897 est
636 868 711 909 per
727 855 1026 909 proprietatem
1044 869 1052 895 :
1070 854 1216 906 igitur,
1239 857 1316 894 etc.

348 932 499 971 Contra
525 943 533 969 :
561 931 598 968 1.
629 926 762 968 Omne
792 926 1075 979 respectivum
1106 926 1320 966 reducitur

293 1003 343 1043 ad
361 1001 601 1042 absolutum
619 1013 627 1039 :
645 998 715 1039 sed
729 997 841 1051 quod
858 997 1074 1038 reducitur
1092 997 1143 1037 ad
1161 996 1319 1049 aliquid

293 1072 526 1114 secundum
557 1070 764 1111 rationem
793 1068 1090 1120 intelligendi,
1131 1068 1321 1120 sequitur

294 1144 398 1184 illud
422 1158 430 1184 :
452 1143 586 1195 igitur
607 1154 705 1182 cum
726 1140 999 1193 proprietates
1019 1140 1102 1179 sint
1121 1138 1320 1192 respecti-

293 1226 377 1264 vee,
399 1213 645 1266 hypostases
662 1212 879 1262 absolutae,
901 1211 1174 1264 proprietates
1194 1210 1320 1250 redu-

293 1288 451 1326 cuntur
461 1284 513 1324 ad
528 1284 772 1336 hypostases
787 1297 795 1323 z
811 1282 946 1335 igitur
962 1282 1208 1335 hypostases
1224 1284 1323 1322 sunt

294 1357 469 1406 priores.
487 1354 565 1395 Sed
583 1354 695 1407 quod
711 1354 830 1407 prius
847 1357 923 1402 est,
944 1366 1032 1394 non
1047 1353 1323 1404 distinguitur

294 1440 343 1468 eo
369 1426 483 1480 quod
515 1429 577 1466 est
606 1425 840 1478 posterius,
873 1425 974 1477 quia
1003 1424 1055 1465 ab
1084 1424 1231 1465 eodem
1262 1428 1323 1465 est

295 1511 403 1549 esse,
425 1501 465 1538 et
484 1510 572 1539 esse
589 1497 835 1538 distinctum
859 1511 867 1536 :
891 1508 995 1548 ergo
1009 1528 1019 1546 ,
1043 1498 1121 1536 etc.

349 1574 386 1611 2.
411 1570 515 1611 Item
534 1581 660 1610 omne
679 1569 792 1622 quod
815 1568 1038 1620 distinguit
1059 1567 1232 1620 aliquid,
1255 1567 1325 1608 dat

297 1643 334 1684 ei
353 1642 434 1683 tale
454 1653 563 1690 csse,
582 1640 707 1693 quale
726 1640 868 1693 ipsum
883 1642 967 1690 est,
989 1639 1057 1680 vel
1077 1639 1204 1680 habet
1224 1653 1232 1679 :
1252 1639 1324 1679 sed

297 1713 571 1768 proprietates
588 1712 746 1753 habent
760 1712 810 1752 de
828 1723 871 1752 se
890 1711 1028 1751 solum
1048 1722 1135 1751 esse
1156 1722 1324 1763 respec-

296 1785 433 1825 tivum
457 1798 465 1821 ;
482 1783 616 1835 igitur
635 1783 671 1822 si
689 1782 936 1835 hypostases
955 1794 1030 1834 per
1050 1780 1325 1834 proprietates

297 1857 635 1909 distinguuntur,
659 1855 817 1896 habent
845 1855 984 1896 solum
1011 1867 1098 1895 esse
1126 1857 1325 1907 respecti-

296 1940 401 1968 vum
415 1940 424 1967 ε
439 1927 509 1968 εο(1
523 1927 603 1967 1100
621 1930 682 1967 θεῖ
694 1927 850 1967 falsum
862 1958 872 1977 ,
889 1926 990 1979 quia
1009 1938 1107 1967 cum
1125 1927 1210 1967 sint
1227 1939 1323 1979 sup-

296 1999 429 2053 posita
454 1998 660 2047 essentiae,
684 1997 843 2038 habent
861 2009 950 2038 esse
976 1997 1223 2039 substantiae
1246 1999 1324 2038 ab·

296 2071 499 2112 solutum.

350 2143 388 2183 3.
412 2142 518 2183 Item
537 2142 584 2182 in
604 2141 757 2182 divinis
775 2140 966 2194 personis
993 2143 1055 2181 est
1073 2141 1326 2193 plurificatio

297 2227 371 2267 per
390 2213 602 2266 originem
620 2227 628 2253 :
651 2213 784 2264 igitur
799 2215 837 2254 et
854 2212 1080 2253 distinctio.
1103 2212 1182 2253 Sed
1200 2213 1325 2264 origo

297 2285 397 2327 dicit
417 2285 728 2326 emanationem
742 2316 751 2333 ,
774 2284 842 2324 vel
860 2284 1025 2325 exitum
1047 2299 1054 2325 :
1081 2284 1227 2325 relatio
1247 2297 1325 2325 au-

297 2361 383 2398 tem
404 2369 478 2411 per
497 2369 540 2397 se
561 2369 647 2397 non
667 2358 837 2397 emanat
855 2356 936 2396 nisi
958 2356 1075 2409 prius
1096 2356 1179 2397 alio
1205 2368 1325 2396 ema-

297 2431 448 2479 nant-e,
472 2428 572 2481 quia
599 2428 645 2468 in
671 2427 728 2469 ad
758 2426 927 2480 aliquid
952 2439 1040 2467 non
1068 2431 1129 2468 θεῖ
1156 2430 1323 2468 motus:

299 2499 431 2552 igitur
456 2499 574 2552 prius
604 2499 739 2539 oritur
768 2498 1004 2552 hypostasis
1029 2499 1081 2539 ab
1114 2498 1329 2552 hypostasi

299 2571 534 2611 secundum
559 2570 767 2611 rationem
792 2569 1079 2622 intelligendi,
1111 2582 1238 2622 quam
1270 2570 1329 2610 sic

299 2642 536 2695 intelligere
554 2641 802 2682 relationem
821 2653 908 2681 esse
933 2656 941 2682 ε
964 2643 1004 2682 et
1029 2641 1062 2680 si
1092 2641 1195 2692 1100,
1218 2641 1329 2681 rela-

300 2713 360 2753 tio
381 2713 653 2766 consequitur
672 2724 761 2753 esse
782 2712 1027 2752 distinctum
1055 2711 1099 2752 in
1123 2712 1328 2765 hyposta-

301 2784 417 2825 sibus
443 2799 451 2825 :
474 2796 598 2837 ergo,
619 2786 698 2824 etc.

355 2858 394 2895 4.
426 2855 530 2896 Item
559 2866 685 2896 omne
717 2854 831 2908 quod
863 2854 1038 2895 relative
1066 2854 1233 2906 dicitur,
1269 2857 1330 2895 est

301 2925 459 2979 aliquid
484 2929 656 2979 excepto
687 2938 737 2966 eo
766 2938 852 2979 quo
883 2925 931 2978 (b)
961 2926 1135 2967 relative
1159 2927 1326 2976 dicitur,

302 2995 410 3035 sicut
431 2995 537 3037 ratio
557 2995 706 3045 dictat,
739 2997 779 3035 et
798 2994 1066 3047 Augustinus
1084 2995 1141 3035 ait
1159 2995 1202 3035 in
1222 2995 1329 3035 libro

302 3065 354 3107 cle
379 3066 588 3108 Trim'tate
603 3070 614 3091 ¹
639 3080 652 3107 .·
669 3066 740 3106 εθ(1
761 3064 898 3116 Pater,
923 3068 962 3105 et
982 3064 1113 3106 Filius
1131 3066 1329 3107 dicuntur

302 3136 477 3177 relative
497 3137 654 3189 :igitur
681 3140 861 3189 uterque
889 3149 1038 3177 eorum
1068 3140 1130 3178 est
1152 3138 1327 3190 aliquid,

304 3211 478 3260 excepto
505 3219 554 3247 00
571 3219 655 3259 quo
671 3208 844 3248 relative
870 3208 1023 3249 dicitur
1045 3220 1055 3249 :
1077 3209 1211 3261 igitur
1230 3209 1329 3249 abs-

303 3282 436 3320 tracta
454 3278 657 3319 relatione
679 3279 887 3331 contingit
901 3280 1056 3333 aliquid
1075 3280 1326 3333 intelligere.

305 3351 457 3400 Quaero
479 3350 626 3403 igitur,
658 3350 758 3403 quid
787 3351 839 3391 sit
861 3351 964 3392 illud
991 3366 999 3392 :
1035 3355 1108 3392 aut
1133 3353 1326 3402 essentia,

304 3427 377 3463 aut
396 3421 659 3475 hypostasis?
681 3420 723 3461 Si
741 3422 938 3472 essentia,
958 3423 1090 3474 igi-tur
1106 3424 1253 3464 relatio
1268 3427 1329 3464 est

306 3493 351 3533 in
376 3493 577 3544 essentia,
610 3493 744 3545 igitur
765 3492 1015 3545 multiplicat
1035 3506 1156 3544 eam3
1182 3495 1214 3534 si
1243 3496 1327 3548 hy-

349 3581 469 3622 ¹Aug.,
489 3580 527 3612 cle
549 3580 654 3621 Tria„
675 3580 733 3612 lib.
749 3580 822 3621 vll,
844 3590 874 3612 c.
893 3588 915 3621 1,
936 3590 971 3611 11.
986 3583 1018 3613 2.

1063 265 1474 313 SENTENTIARUM
1502 267 1600 309 LIB.
1628 267 1660 308 l.

1390 359 1579 410 postasis,
1598 361 1673 399 aut
1692 358 1827 410 igitur
1846 368 1946 407 una,
1969 359 2043 397 aut
2056 356 2150 398 duae
2173 371 2182 398 :
2204 370 2290 400 non
2309 373 2408 411 una,

1390 429 1490 481 quia
1516 429 1770 483 impossibile
1793 431 1853 469 est
1876 427 2132 479 intelligere,
2155 430 2267 481 quod
2292 430 2411 472 Pater

1391 503 1430 540 et
1459 499 1589 540 Filius
1615 501 1698 540 sint
1721 512 1805 539 una
1831 498 2067 551 hypostasis
2089 512 2097 538 z
2122 498 2256 550 igitur
2281 501 2376 542 duae
2400 517 2408 543 :

1392 571 1432 609 et
1451 569 1484 609 si
1507 570 1608 620 hoc,
1632 574 1770 623 patet,
1797 572 1874 609 etc.

1446 641 1483 678 5.
1502 638 1606 679 Item
1621 671 1631 689 ,
1649 638 1866 679 abstractis
1880 637 2076 679 omnibus
2089 639 2415 691 proprietatibus

1392 709 1575 750 duorum
1587 709 1922 760 individuorum,
1937 709 2089 750 scilicet
2101 708 2211 750 Petri
2225 713 2266 750 et
2283 710 2413 762 Pauli,

1393 780 1490 820 solis
1504 781 1798 833 hypostasibus
1813 781 2142 831 remanentibus,
2160 781 2298 822 adhuc
2315 794 2416 823 con-

1393 852 1519 904 tingit
1550 852 1786 904 intelligere
1820 865 2038 893 remanere
2067 852 2410 894 distinctionem:

1393 924 1526 976 igitur
1546 926 1634 977 pari
1655 924 1817 965 ratione
1842 925 1885 965 in
1905 924 2202 978 hypostasibus
2227 924 2382 965 divinis
2405 940 2413 965 :

1394 996 1507 1049 quod
1537 996 1570 1035 si
1603 1008 1754 1036 verum
1780 999 1860 1046 est,
1883 999 1983 1037 tunc
2006 996 2136 1048 igitur
2162 999 2259 1036 sunt
2279 996 2415 1036 solum

1394 1068 1500 1108 ratio
1520 1068 1807 1120 distinguendi
1827 1068 1965 1120 quoad
1987 1080 2076 1108 nos.

1757 1227 2054 1269 CONCLUSIO.

1395 1339 1636 1386 Proprz'etatcs
1652 1339 1853 1385 personales
1882 1342 1966 1373 sunt
1995 1340 2150 1374 rationes
2179 1350 2249 1373 non
2279 1342 2419 1374 (avitum

1443 1399 1684 1434 innotescendi
1702 1399 1988 1440 (Iz'stc'nctz'wzem,
2010 1409 2130 1434 verum
2150 1401 2258 1434 ctiam
2286 1399 2418 1434 <lestin-

1444 1458 1587 1503 fluendi.

1451 1568 1572 1621 Resp.
1600 1569 1651 1609 ad
1681 1569 1862 1621 Argum.
1904 1567 2134 1608 Dicendum
2169 1568 2280 1620 quod
2313 1568 2422 1608 circa

1397 1640 1477 1680 hoc
1501 1640 1658 1693 duplex
1677 1640 1818 1693 opinio
1838 1640 1930 1680 suit.
1963 1638 2144 1688 Quidam
2165 1639 2280 1679 enim
2298 1638 2422 1679 dixe-

1397 1714 1500 1752 runt
1519 1712 1647 1764 quod,
1673 1712 1890 1752 abstractis
1908 1710 2248 1764 proprietatibuS,
2270 1709 2424 1763 impos-

1397 1784 1518 1824 sibile
1545 1787 1605 1824 est
1635 1784 1870 1836 intelligere
1899 1784 2149 1837 hypostases
2184 1782 2420 1833 distinctas,

1397 1855 1498 1907 quia
1523 1855 1769 1908 hujusmodi
1796 1856 2070 1908 proprietates
2095 1854 2141 1893 in
2160 1853 2313 1894 divinis
2337 1865 2423 1893 non

1398 1927 1535 1967 solum
1567 1927 1668 1968 dant
1692 1928 1882 1980 personis
1911 1927 2194 1974 innotescere,
2222 1925 2309 1966 imo
2327 1925 2426 1966 dant

1398 1998 1525 2039 etiam
1545 2011 1633 2039 esse
1659 2014 1667 2039 ε
1691 1999 1817 2050 unde,
1840 1999 1940 2051 ipsis
1959 1997 2195 2047 abstractiS,
2218 1996 2424 2036 abstrahi-

1398 2071 1470 2110 tur
1483 2081 1571 2110 esse
1587 2102 1596 2119 ,
1619 2072 1659 2110 et
1678 2082 1765 2110 esse
1785 2069 2047 2110 distinctum.
2069 2068 2264 2108 Aliorum
2284 2066 2425 2119 opinio

1397 2141 1500 2192 fuit,
1524 2141 1638 2194 quod
1655 2174 1664 2191 ,
1687 2141 2013 2194 proprietatibus
2033 2138 2267 2187 abstractis,
2287 2138 2424 2178 adhuc

1399 2215 1461 2253 est
1479 2213 1717 2266 intelligere
1730 2213 2037 2254 distinctionem
2052 2212 2097 2251 in
2114 2210 2424 2264 hypostasibus,

1400 2285 1604 2337 quoniam
1623 2285 1857 2338 proprietas
1877 2284 2113 2325 secundum
2133 2283 2246 2335 ipsos
2264 2294 2350 2322 non
2367 2284 2428 2322 est

1400 2356 1505 2396 ratio
1525 2357 1813 2409 distinguendi
1839 2356 2070 2397 secundum
2091 2367 2197 2395 rem.
2226 2353 2344 2394 Unde
2363 2354 2428 2394 di-

1401 2431 1505 2469 cunt
1522 2429 1650 2481 quod,
1672 2429 1882 2468 abstracta
1896 2427 2145 2480 paternitate
2159 2428 2200 2466 et
2210 2426 2424 2477 filiatione,

1401 2500 1539 2540 adhuc
1556 2501 1764 2552 contingit
1782 2500 2016 2551 intelligere
2035 2499 2111 2551 (μα’
2131 2498 2181 2539 ab
2203 2497 2309 2547 αἰίο,
2329 2501 2369 2538 et
2401 2509 2428 2539 α

1401 2582 1481 2624 quo
1508 2571 1634 2614 (llius.
1674 2572 1724 2612 Et
1748 2571 1782 2611 si
1814 2583 1980 2623 quaeras
2008 2582 2092 2622 quo
2125 2568 2250 2609 modo
2278 2568 2426 2608 distin-

1403 2647 1612 2695 guuntur,
1635 2644 1779 2684 dicunt
1793 2643 1906 2696 quod
1921 2643 2081 2695 seipsis,
2104 2641 2212 2681 sicut
2223 2640 2428 2693 principia

1402 2719 1443 2756 et
1474 2716 1793 2768 generalissima
1830 2714 1974 2767 seipsis
2013 2713 2354 2765 distinguuntur,
2389 2716 2429 2752 et

1402 2787 1618 2828 differunt.
1642 2786 1758 2828 Unde
1777 2787 1869 2827 haec
1894 2789 1955 2826 est
1980 2784 2221 2825 immediata
2241 2798 2249 2823 :
2276 2799 2295 2821 «
2318 2783 2428 2824 Sub-

1402 2860 1554 2899 stantia
1571 2871 1657 2900 non
1677 2863 1737 2899 θεῖ
1750 2857 1976 2911 quantitas.
1993 2872 2011 2894 >³
2037 2856 2087 2897 Et
2100 2856 2134 2895 si
2154 2855 2429 2908 respiciamus

1401 2931 1581 2971 interius
1602 2963 1611 2981 ,
1650 2933 1832 2983 utraque
1871 2929 2013 2982 opinio
2053 2927 2237 2967 continet
2269 2927 2426 2980 aliquid

1402 3003 1719 3055 probabilitatis,
1733 3005 1773 3042 et
1784 3002 1864 3042 hoc
1872 3004 1983 3054 patet
1996 3001 2073 3039 sic:
2088 2999 2133 3038 Iu
2145 2998 2300 3038 divinis
2314 2999 2427 3039 0111111

1402 3074 1698 3127 hypostasibus
1741 3073 2018 3125 intelligimus
2061 3070 2270 3122 originem
2297 3103 2307 3121 ,
2339 3071 2427 3112 sive

1403 3146 1715 3186 emanationem
1733 3159 1743 3195 ·,
1766 3144 2043 3197 intelligimus
2060 3142 2187 3182 etiam
2206 3142 2424 3182 habitudi-

1402 3230 1516 3258 nem.
1535 3217 1779 3258 Secundum
1794 3217 2000 3257 rationem
2011 3214 2290 3266 intelligendi,
2304 3215 2426 3266 origo

1404 3284 1601 3337 praecedit
1618 3284 1758 3336 ipsum
1780 3284 1853 3336 qui
1874 3282 2031 3332 oritur;
2053 3285 2093 3321 et
2112 3282 2345 3323 secundum
2366 3293 2430 3320 ra-

1404 3354 1562 3395 tionem
1583 3352 1873 3405 intelligendi,
1895 3351 2041 3391 relatio
2062 3351 2334 3404 consequitur
2360 3351 2428 3402 ip-

1403 3436 1499 3465 sum
1527 3424 1601 3476 qui
1629 3423 1822 3464 refertur.
1855 3420 1993 3461 Potest
2028 3421 2162 3473 igitur
2194 3420 2428 3474 proprietas

1402 3497 1577 3540 relativa
1606 3498 1834 3551 importare
1867 3495 2003 3536 solum
2038 3496 2350 3544 habitudinem,
2386 3496 2427 3535 et

1442 3583 1484 3623 (τι)
1506 3581 1598 3614 Edit.
1621 3581 1696 3612 Ven.
1719 3578 1801 3612 Adel.
1822 3588 1906 3611 non.
1926 3595 1966 3600 —
1991 3577 2037 3620 (b)
2058 3578 2140 3610 Coet.
2156 3578 2235 3610 edit.
2257 3578 2359 3619 quod.
