2613 3990
0 979 86 1008 ivisio.

584 234 834 278 DISTlNCT.
863 232 1000 275 XXXI.
1035 230 1189 274 PART:
1214 231 1244 272 Ι.
1284 229 1400 271 ART.
1432 229 1462 269 Ι.
1495 227 1691 279 QUAEST.
1723 228 1754 269 l.

512 358 679 407 PART.
713 357 747 409 Ι.

115 477 166 506 DE
191 476 509 505 SIGNIFICATIONE
534 471 832 509 RELATIVORUM,
865 471 953 506 QUAE
978 470 1144 499 COMMU-

169 540 291 568 NITER
330 540 380 567 ET
408 537 694 567 AETERNALITER
722 535 772 563 DE
799 534 878 562 DEO
912 521 1108 563 DlCU'NTUR
1129 553 1139 572 7

170 603 220 631 UT
246 602 388 630 SIMILIS
416 602 465 630 ET
495 598 688 636 AEQUALIS.

376 729 646 773 EXPOSITIO
675 727 893 769 TEXTUS.

119 838 286 869 Praeterea
305 835 510 869 considerari
529 836 674 876 oportet,
693 842 769 864 cum
791 834 858 864 tres
877 840 1034 873 personae
1055 840 1142 863 coae-

441 883 554 925 quales
571 881 634 913 sibi
651 881 735 921 sint,
756 883 820 912 etc.

172 971 218 1011 In
239 969 489 1024 praecedenti
505 967 700 1021 proxima
719 966 924 1019 particula
945 965 1033 1017 egit
1053 965 1142 1005 Ma-

118 1043 249 1096 gister
262 1042 311 1083 de
330 1040 514 1082 relativis
533 1050 630 1091 quae
650 1038 849 1079 dicuntur
870 1037 920 1077 de
940 1037 1022 1077 Deo
1042 1049 1141 1089 pro-

117 1113 207 1166 prie
226 1115 267 1154 et
284 1109 588 1164 temporaliter3
606 1109 649 1149 in
669 1109 747 1149 hac
768 1110 885 1161 parte
905 1108 995 1160 agit
1012 1108 1062 1148 de
1076 1108 1142 1148 his

117 1196 216 1238 quae
239 1184 436 1224 dicuntur
455 1182 506 1222 de
526 1180 608 1221 Deo
634 1179 916 1220 communiter
947 1181 987 1219 et
1014 1181 1142 1219 eeter-

117 1255 281 1295 naliter.
306 1253 356 1294 Et
374 1253 577 1306 quoniam
604 1252 696 1292 haec
723 1254 824 1292 sunt
848 1251 1142 1304 appropriabi-

116 1325 186 1375 lia,
222 1325 314 1366 ideo
345 1325 439 1365 haec
471 1336 567 1377 pars
599 1324 724 1364 hahet
753 1323 857 1363 (luas
888 1325 1025 1375 partes
1055 1337 1063 1363 :
1097 1323 1141 1362 in

115 1397 254 1450 prima
267 1396 518 1438 determinat
538 1408 686 1448 eorum
703 1395 1054 1447 significationem
1071 1410 1080 1444 ;
1098 1395 1141 1435 in

115 1464 315 1520 see‘unda,
337 1481 486 1509 eorum
506 1467 912 1521 appropriationem,
936 1467 993 1506 ibi
1014 1482 1022 1507 :
1048 1467 1141 1509 Non

117 1543 177 1582 est
197 1541 336 1593 iqitur
354 1540 421 1582 hic
437 1538 859 1592 prsetermittemlum.
884 1538 1024 1578 Prima
1045 1550 1141 1590 pars

115 1610 242 1651 habet
263 1611 368 1652 duas
395 1625 403 1651 :
423 1611 467 1650 in
487 1611 624 1664 prima
652 1609 903 1651 determinat
924 1609 1142 1661 signitica-

115 1683 273 1723 tionem
292 1683 422 1735 hujus
439 1682 643 1731 nominis,
661 1681 879 1734 AEqualis;
897 1682 941 1721 in
960 1681 1143 1721 secunda

116 1753 247 1806 hujus
268 1753 473 1804 nominis,
498 1754 678 1802 Similis,
701 1753 761 1792 ibi
782 1766 791 1793 ε
814 1753 900 1795 Hoc
921 1754 1048 1795 etiam
1072 1752 1143 1794 cli-

116 1825 253 1867 cimus
272 1825 322 1868 de
344 1826 481 1868 simili
500 1830 538 1868 et
557 1825 863 1867 similitudine.

567 1951 655 1979 DUB.
691 1950 718 1978 l.

360 2028 509 2059 Praetera
527 2027 735 2060 considerari
755 2029 900 2069 oportet.

171 2110 394 2151 Dubitatur
421 2111 471 2152 de
490 2111 573 2152 situ
593 2111 726 2165 hujus
755 2112 906 2164 partis,
927 2111 1027 2165 quia
1045 2125 1140 2152 cum

117 2194 266 2235 supra,
289 2181 383 2223 dist.
407 2195 507 2233 xix,
540 2185 683 2223 actum
709 2184 770 2223 est
798 2183 848 2223 de
877 2182 1116 2235 aequalitate
1132 2216 1141 2234 ,

118 2253 285 2294 videtur
304 2253 374 2294 hic
392 2253 592 2305 Magister
611 2253 824 2306 superflue
842 2256 1046 2306 repetere.

171 2325 293 2378 Resp.
314 2325 543 2366 Dicendum
564 2325 675 2377 quod
693 2326 743 2365 de
760 2326 998 2378 aequalitate
1024 2330 1064 2366 et
1085 2327 1144 2366 si-

119 2397 357 2437 militudine
393 2398 454 2437 est
493 2396 610 2449 loqui
649 2396 892 2449 dupliciter,
932 2397 1084 2437 scilicet
1121 2410 1145 2437 a

119 2471 237 2522 parte
256 2469 341 2518 rei,
364 2471 404 2509 et
423 2481 448 2508 a
473 2468 524 2520 (a)
548 2470 665 2521 parte
690 2468 891 2508 nominis.
925 2468 974 2508 Et
1008 2469 1145 2521 primo

119 2540 244 2580 modo
264 2539 407 2592 agitur
426 2539 475 2580 de
495 2539 734 2591 aequalitate
752 2542 791 2579 et
808 2539 1083 2581 similitudine
1101 2541 1145 2580 in

119 2611 466 2664 praecedentibus,
486 2610 669 2651 secundo
689 2610 815 2651 modo
835 2611 916 2651 hic.

553 2736 643 2763 DUB.
676 2735 720 2762 11.

443 2802 555 2845 simile
575 2811 658 2843 nihii
677 2811 740 2842 sibi
761 2814 822 2844 est.

174 2895 348 2938 Videtur
373 2896 454 2936 hoc
472 2895 646 2944 falsum,
671 2896 771 2948 quia
788 2895 940 2948 aliquis
965 2896 1104 2937 differt
1123 2909 1147 2937 a

122 2980 186 3019 se,
218 2968 324 3008 sicut
353 2966 542 3008 Socrates
571 2979 698 3007 senex
729 2979 754 3007 a
783 2980 826 3007 se
858 2980 989 3020 puero
1013 2983 1021 3008 z
1043 2980 1147 3020 ergo

122 3039 214 3094 pari
241 3040 403 3079 ratione
432 3041 567 3092 potest
591 3050 679 3078 esse
705 3038 865 3090 aliquid
885 3039 1021 3079 simile
1049 3041 1144 3081 sibi.

124 3113 253 3161 Item,
277 3111 462 3153 Christus
489 3111 618 3152 homo
643 3113 702 3151 est
734 3110 811 3151 sibi
838 3111 984 3151 similis
1016 3126 1025 3153 :
1049 3113 1148 3164 quia

124 3183 268 3223 nullus
296 3184 357 3222 est
388 3182 536 3222 beatus
566 3182 648 3222 nisi
668 3181 720 3221 sit
747 3181 829 3222 Deo
855 3183 1108 3224 assimilatus
1136 3199 1144 3224 :

125 3253 195 3294 sed
232 3253 417 3294 Christus
446 3255 506 3293 est
530 3252 716 3293 maxime
739 3251 822 3293 Deo
854 3254 1108 3295 assimilatus
1135 3267 1144 3295 :

125 3335 243 3376 ergo,
262 3326 340 3364 etc.

179 3394 301 3448 Resp.
318 3394 547 3437 Dicendum
565 3396 677 3449 quod
698 3396 804 3436 sicut
824 3395 1058 3437 differentia
1076 3397 1148 3438 ali-

126 3466 296 3520 quando
327 3468 444 3506 notat
470 3467 679 3507 alietatem
706 3466 909 3519 suppositi
939 3480 963 3507 a
991 3479 1148 3521 suppo-

170 3551 210 3592 (a)
234 3551 270 3582 In
282 3551 354 3582 caet.
369 3550 448 3582 edit.
467 3551 556 3582 deest
575 3560 606 3582 a.
627 3569 667 3574 —
687 3550 733 3592 (a)
751 3549 981 3582 Al.alietates.

2162 228 2233 268 491

1221 320 1313 371 sito,
1343 321 1391 360 ut
1421 331 1518 359 cum
1549 318 1732 359 dicitur:
1760 332 1779 356 ε(
1810 316 1958 357 Petrus
1988 319 2050 358 est
2077 316 2183 357 alius
2216 329 2240 356 a

1220 391 1377 441 Paulo3
1402 406 1420 429 n
1446 390 1673 443 aliquando
1690 389 1899 429 alietatem
1925 386 1970 426 in
1989 389 2163 435 natura,
2192 388 2240 426 ut

1218 475 1315 503 cum
1345 463 1497 504 dicitur
1527 474 1536 502 ε
1573 477 1592 499 ((
1621 460 1830 510 Christus,
1862 458 2094 498 secundum
2126 457 2237 508 quoii

1217 534 1359 584 homo,
1379 533 1551 574 differta
1565 532 1668 580 Deo3
1686 546 1704 568 »
1722 529 1947 583 aliquando
1960 528 2169 568 alietatem
2185 526 2234 580 (ci)

1216 607 1348 646 status
1369 618 1393 645 a
1412 607 1523 645 statu
1539 635 1548 653 ,
1571 606 1619 644 ut
1639 618 1647 643 :
1677 618 1694 640 «
1715 601 1863 642 Petrus
1894 611 2021 640 senex
2051 598 2189 638 differt
2215 610 2239 636 a

1216 688 1259 716 se
1281 688 1435 729 puer03
1461 689 1480 711 n
1499 687 1573 727 per
1591 674 1708 714 hunc
1726 672 1901 712 modum
1917 668 2239 720 intelligentium

1217 747 1267 787 de
1290 745 1575 786 similitudine.
1601 743 1776 794 Quando
1796 742 1930 793 igitur
1957 740 2114 782 similis
2142 738 2240 778 (licit

1216 817 1536 858 similitudinem
1557 815 1761 868 suppositi
1782 814 1833 854 ad
1853 811 2133 865 suppositum,
2152 822 2240 849 non

1215 891 1349 941 potest
1374 901 1462 928 esse
1494 888 1606 928 idem
1632 885 1780 925 similis
1812 883 1917 932 sibi3
1941 881 2108 935 quando
2139 892 2239 921 vero

1214 960 1312 1000 dicit
1332 958 1653 999 similitudinem
1681 959 1847 996 naturae
1868 954 1919 995 ad
1938 955 2150 1001 naturam,
2173 951 2239 991 vel

1214 1032 1346 1070 status
1366 1030 1418 1070 ad
1438 1030 1610 1078 statum,
1635 1029 1767 1080 potest
1785 1026 1897 1066 idem
1918 1036 2005 1064 esse
2029 1023 2108 1063 sibi
2127 1023 2241 1061 simi-

1214 1103 1280 1154 lis,
1297 1103 1397 1155 quia
1416 1103 1510 1142 haec
1529 1102 1791 1142 concurrunt
1810 1099 1854 1139 in
1874 1098 2019 1138 eadem
2036 1107 2236 1151 persona:

1216 1176 1256 1214 et
1275 1174 1333 1214 ita
1352 1172 1552 1225 intelligit
1574 1170 1786 1223 Magister.

1632 1296 1724 1325 DUB.
1757 1294 1817 1323 111.

1215 1374 1399 1416 AEqualitas
1418 1384 1498 1413 ergo
1519 1373 1625 1406 Patris
1644 1376 1676 1405 et
1688 1372 1760 1404 Filii
1780 1380 1849 1403 non
1865 1373 1915 1402 est
1933 1370 2050 1402 relatio
2067 1370 2120 1401 vel
2133 1369 2240 1401 notio.

1270 1458 1486 1511 Ohjicitur,
1509 1458 1610 1510 quia
1639 1456 1782 1497 statim
1812 1455 2008 1508 praedixit
2037 1453 2148 1507 quod
2176 1454 2242 1494 si-

1216 1530 1312 1570 mile
1333 1531 1373 1569 et
1400 1529 1558 1581 (equale
1587 1530 1648 1568 est
1673 1527 1901 1568 relativum
1925 1539 1934 1566 :
1957 1537 2061 1577 ergo
2092 1523 2240 1564 simili-

1215 1599 1317 1640 tudo
1336 1601 1398 1639 est
1415 1599 1575 1639 relatio.

1271 1671 1391 1724 Resp.
1422 1670 1655 1710 Dicendum
1683 1668 1797 1722 quod
1824 1667 2021 1720 Magister
2049 1667 2246 1718 intelligit

1216 1744 1267 1784 de
1285 1744 1457 1784 notione
1477 1755 1574 1796 quae
1596 1744 1656 1783 est
1674 1753 1866 1794 personae
1883 1739 2136 1793 proprietas,
2158 1750 2245 1778 non

1216 1816 1267 1857 de
1288 1816 1488 1857 relatione
1509 1814 1793 1856 communiter
1817 1812 2042 1852 intellecta.
2064 1810 2139 1851 Vel
2164 1811 2244 1850 ali-

1217 1889 1280 1927 ter
1310 1887 1556 1936 dicendum,
1596 1885 1708 1938 quod
1743 1884 1926 1925 verbum
1959 1882 2149 1935 Magistri
2185 1885 2246 1923 est

1218 1958 1438 1999 causaliter
1457 1957 1800 2009 intelligendum,
1818 1956 1925 1996 sicut
1940 1957 2054 2008 patet
2073 1968 2127 1995 ex
2140 1968 2245 2007 prae-

1218 2029 1481 2078 cedentibus,
1509 2028 1609 2082 quia
1630 2027 1849 2080 aequalitas
1876 2039 1963 2067 non
1992 2026 2181 2067 consistit
2201 2026 2244 2065 in

1218 2100 1545 2154 proprietatibus
1576 2098 1891 2151 personalibus,
1925 2097 1995 2138 sed
2029 2096 2168 2150 magis
2198 2095 2243 2136 in

1218 2173 1521 2219 essentialibus,
1542 2184 1639 2225 quae
1659 2184 1786 2224 supra
1806 2171 1896 2213 visa
1916 2173 2028 2211 sunt.

1530 2341 1851 2386 ARTICULUS
1894 2342 1927 2385 I.

1272 2474 1336 2514 Ad
1357 2473 1678 2525 intelligentiam
1705 2473 1836 2525 huJ‘us
1858 2472 1987 2525 partis
2015 2475 2076 2512 est
2104 2483 2241 2524 quaes-

1219 2545 1277 2584 tio
1297 2545 1347 2585 de
1368 2544 1434 2584 his
1453 2543 1713 2594 nominibus,
1739 2542 1905 2584 Similis
1923 2545 1963 2582 et
1978 2542 2188 2595 AEqiialis,
2208 2545 2247 2582 et

1220 2616 1329 2657 circa
1348 2617 1440 2656 haec
1457 2616 1536 2655 tria
1556 2618 1810 2668 quaeruntur
1831 2630 1839 2655 τ
1864 2615 2001 2668 primo
2021 2615 2242 2668 quaeritur,

1221 2690 1366 2728 utrum
1391 2686 1484 2726 haec
1501 2686 1675 2727 nomina
1695 2686 1887 2726 dicantur
1915 2686 2148 2726 secundum
2165 2699 2244 2738 po-

1220 2758 1415 2798 sitionem
1433 2789 1442 2806 ,
1476 2769 1531 2797 an
1564 2757 1797 2797 secundum
1834 2757 2118 2809 privationem
2135 2771 2143 2806 ;
2181 2769 2244 2796 se-

1222 2829 1360 2869 cundo
1380 2828 1605 2881 quaeritur,
1628 2830 1774 2867 utrum
1794 2828 1988 2868 dicantur
2013 2827 2247 2867 secundum

1221 2899 1518 2947 substantiam,
1540 2911 1596 2938 an
1617 2898 1853 2938 secundum
1872 2897 2144 2948 relationem3
2164 2901 2248 2937 ter-

1222 2970 1279 3010 tio
1299 2969 1521 3022 quaeritur,
1544 2971 1690 3009 utrum
1710 2969 1851 3009 dicant
1870 2971 2064 3024 mutuam
2084 2969 2248 3010 relatio—

1222 3053 1321 3081 nem
1340 3040 1385 3080 in
1408 3040 1527 3081 Patre
1547 3042 1587 3080 et
1604 3039 1723 3080 Filio.

1577 3205 1812 3256 QUAESTIO
1843 3206 1874 3247 Ι.

1224 3311 1285 3347 Αη
1305 3310 1494 3356 aequalitas
1520 3310 1554 3344 et
1578 3308 1777 3344 similitudo
1799 3310 1958 3355 positive
1983 3311 2039 3346 vel
2062 3310 2250 3356 privative

1554 3368 1595 3404 de
1617 3368 1687 3403 Deo
1707 3368 1915 3405 dicantur&

1278 3470 1397 3519 Quod
1417 3469 1579 3510 dicatur
1605 3469 1837 3510 secundum
1855 3469 2158 3522 privationem,
2183 3469 2250 3508 vi-
2309 3491 2408 3527 ,mop‘

1268 3553 1277 3574 ¹
1299 3553 1351 3593 Cf.
1370 3552 1463 3584 Alex.
1486 3551 1638 3592 Alensis,
1664 3561 1695 3592 p.
1719 3553 1754 3592 1,
1780 3562 1816 3592 q.
1836 3559 1902 3592 L1V,
1931 3552 2110 3592 me1nb‚1‚
2131 3553 2193 3584 art·
2212 3554 2247 3592 43
2271 3542 2332 3569 pos.
