2613 3990
346 237 396 273 64
1108 233 1517 277 SENTENTIARUM
1550 236 1647 278 LIB.
1677 237 1707 277 l.

344 324 471 364 nibus
503 328 543 364 et
576 324 848 376 generalibus
882 327 943 365 est
974 324 1172 375 reflexio,
1209 328 1249 366 et
1281 325 1375 366 ideo

342 398 475 436 status
492 427 502 445 ,
521 408 597 436 nec
618 399 679 436 est
702 396 812 436 ultra
832 395 1157 448 procedendum.

396 466 458 506 Ad
480 466 580 507 illud
612 467 722 520 quod
745 467 951 520 quseritur
974 468 1023 508 de
1044 469 1365 508 enumeratione

341 538 511 579 illorum
547 539 701 588 trium,
736 540 848 590 quod
892 551 977 579 non
1012 539 1180 580 videtur
1214 552 1371 580 conve-

340 610 484 658 niens,
506 610 731 650 dicendum
761 610 872 662 quod
898 622 963 650 res
983 614 1119 651 creata
1146 611 1269 651 hahet
1290 611 1369 651 tri—

340 681 502 733 pliciter
530 681 788 721 considerari
808 695 816 721 ;
836 685 911 721 aut.
940 681 984 721 in
1003 694 1072 731 se;
1094 683 1227 722 autin
1252 695 1369 722 com-

342 749 559 802 paratione
581 750 632 790 ad
654 749 755 789 alias
778 753 1017 801 creaturas;
1040 754 1113 791 aut
1131 751 1174 790 in
1195 763 1369 803 compa—

339 820 501 860 ratione
531 820 582 860 ad
616 833 787 860 causam
826 821 1022 874 primam.
1057 821 1108 862 Et
1136 823 1368 863 secundum

341 892 418 931 hos
437 904 584 932 onmes
614 892 765 933 modos
793 893 1004 944 contingit
1033 893 1218 946 reperire
1242 894 1368 934 trini-

337 966 465 1002 tatem
480 962 715 1014 dupliciter.
734 962 775 1003 Si
793 963 906 1003 enim
920 964 1210 1005 consideratur
1227 977 1366 1017 quan-

337 1037 428 1073 tum
451 1034 493 1072 in
513 1046 577 1084 se,
597 1034 664 1074 vel
686 1039 893 1087 quantum
916 1036 967 1075 ad
994 1048 1062 1087 se,
1092 1036 1172 1077 hoc
1191 1041 1272 1086 est,
1295 1041 1369 1078 aut

340 1107 547 1155 quantum
582 1105 633 1146 ad
667 1106 944 1147 substantiam
974 1108 1306 1161 principiorum,
1328 1113 1368 1150 et

336 1175 392 1214 sic
412 1179 471 1215 est
498 1176 568 1216 illa
589 1177 755 1217 trinitas
785 1178 854 1230 (α),
876 1180 1065 1228 materia,
1086 1180 1234 1230 forma,
1254 1193 1366 1221 com-

334 1247 508 1299 positio,
537 1260 634 1301 quae
662 1253 881 1301 ponuntur
913 1250 957 1289 in
986 1250 1092 1291 libro
1122 1251 1172 1292 ile
1197 1252 1366 1305 Reyuli's

335 1315 462 1366 ficlei‚·
489 1320 564 1356 aut
595 1321 804 1369 quantum
834 1318 885 1358 ad
914 1318 1183 1360 habitudines
1206 1320 1254 1374 (1))
1276 1353 1287 1371 ,
1308 1321 1365 1361 510

332 1388 393 1423 cst
422 1384 493 1423 illa
522 1385 572 1425 de
600 1385 879 1438 Sapieniiw:
915 1388 1067 1430 Omnia
1095 1390 1142 1431 in
1166 1401 1363 1440 numere,

331 1453 533 1505 pondere,
547 1459 585 1496 ec
607 1466 810 1497 mensura
835 1456 1107 1509 disposuisti.
1125 1457 1365 1500 Innumero

332 1525 449 1565 enim
484 1525 741 1578 intelligitur
776 1527 1086 1580 principiorum
1124 1529 1361 1579 distinctio;

332 1596 375 1636 in
402 1597 607 1649 pondere,
632 1598 803 1651 propria
834 1599 1023 1652 ipsorum
1053 1600 1288 1652 inclinatio3
1321 1601 1362 1640 in

332 1682 557 1723 mensura,
583 1685 734 1713 eorum
767 1673 816 1713 ad
847 1674 1029 1715 invicem
1060 1675 1289 1727 proportio.

386 1741 488 1783 Item
517 1775 527 1794 ,
565 1743 598 1783 si
637 1744 927 1785 consideretur
964 1759 1051 1786 una
1091 1750 1283 1787 creatura
1317 1747 1362 1787 in

336 1814 650 1867 comparatione
670 1815 722 1856 ad
747 1815 849 1856 alias
875 1819 1110 1866 creaturas,
1133 1817 1212 1857 hoc
1231 1821 1363 1870 potest

333 1898 420 1926 esse
449 1890 523 1926 aut
550 1886 595 1926 in
624 1890 835 1939 quantum
856 1887 946 1939 agit
965 1889 1129 1929 actione
1148 1891 1359 1939 naturali,

329 1963 369 1998 et
385 1958 443 1997 sic
457 1958 643 1998 sumitur
656 1958 727 1998 illa
741 1958 924 1999 Trinitas
938 1959 1122 2013 Dionysii
1137 1961 1181 2014 (0)
1201 1975 1209 2002 :
1226 1977 1245 2000 «
1264 1962 1363 2002 suh-

328 2030 503 2079 stantia,
526 2030 683 2081 virtus,
704 2032 745 2070 et
763 2031 977 2083 operatio:
1010 2050 1025 2069 »
1049 2035 1121 2073 aut
1147 2033 1192 2073 in
1218 2046 1361 2086 quan-

327 2103 420 2141 tum
450 2101 541 2154 agit
573 2101 736 2142 actione
770 2102 1004 2155 spirituali,
1022 2107 1063 2145 et
1090 2105 1149 2145 sic
1174 2105 1245 2146 illa
1268 2106 1360 2146 Au-

327 2173 492 2224 gustini
506 2175 519 2196 ‘²
537 2205 547 2222 ‚
576 2189 594 2212 «
614 2185 699 2226 quo
719 2177 904 2226 constat,
923 2188 1008 2228 quo
1028 2176 1251 2229 congruit,
1274 2189 1359 2231 quo

328 2244 597 2295 discernitur,
630 2260 648 2283 n
670 2248 710 2286 et
739 2246 941 2287 ultimum
973 2248 1155 2289 refertur
1182 2249 1235 2290 ad
1261 2250 1358 2290 ani-

326 2328 458 2357 mam.
481 2316 526 2357 Si
545 2320 689 2358 3310111
715 2319 1036 2361 considerantur
1058 2320 1103 2361 in
1133 2334 1357 2375 compara—

325 2388 438 2428 tione
467 2388 518 2428 ad
540 2388 671 2429 Deum
686 2422 695 2439 ,
717 2390 798 2431 1100
823 2394 959 2444 potest
986 2404 1075 2434 esse
1095 2393 1322 2447 dupliciter
1345 2410 1353 2436 ς

324 2463 398 2501 3111
421 2460 467 2500 13
492 2464 703 2514 quantum
732 2463 977 2505 referuntur
1004 2467 1198 2516 tantum,
1227 2469 1268 2507 et
1297 2467 1356 2507 sic

323 2535 385 2572 est
414 2532 485 2573 illa
513 2532 568 2586 ((1)
597 2545 607 2573 :
636 2534 812 2586 modus,
829 2535 984 2588 species
1004 2539 1044 2576 01
1066 2537 1193 2589 01(10;
1219 2539 1356 2580 autin

323 2608 534 2657 quantum
565 2606 810 2646 referuntur
835 2610 875 2647 et
899 2608 1206 2661 assimilantur,
1227 2614 1269 2652 et
1297 2611 1356 2652 sic

322 2678 383 2716 051
403 2675 472 2717 1113
487 2675 530 2729 (e)
550 2677 731 2727 :unitas‚
749 2678 920 2731 veritas,
940 2680 1118 2722 bonitas.
1143 2681 1353 2732 Quoniam

323 2759 426 2800 ergo
445 2748 679 2801 vestigium
708 2751 940 2796 attenditur
968 2752 1012 2792 in
1036 2755 1351 2807 comparatione

322 2818 375 2859 ad
400 2818 533 2860 Deum
551 2822 740 2874 proprie,
763 2822 856 2863 ideo
879 2823 925 2864 in
944 2824 1011 2865 his
1029 2825 1191 2866 ultimis
1207 2827 1353 2867 condi-

322 2889 511 2931 tionibus
530 2893 701 2946 proprie
729 2893 936 2947 accipitur
959 2896 1194 2949 vestigium
1216 2898 1280 2950 (f).
1302 2898 1353 2939 Et

322 2961 423 3013 quia
453 2975 613 3016 magna
644 2967 706 3005 est
737 2964 847 3006 inter
882 2965 981 3007 istas
1018 2970 1352 3022 comparationes

322 3034 640 3086 convenientia,
662 3035 755 3077 ideo
785 3036 985 3090 Magister
1008 3040 1155 3081 miscet
1180 3040 1273 3083 haec
1297 3044 1348 3096 (9)

322 3104 374 3145 ad
394 3104 578 3147 invicem
597 3111 767 3161 propter
785 3109 965 3151 multam
985 3112 1346 3167 convenientiam,

321 3179 362 3217 et
399 3178 774 3231 respondentium,
811 3181 914 3234 quia
951 3182 1092 3224 unitas
1125 3187 1350 3238 respondet

319 3249 471 3300 modo,
503 3250 575 3302 qui
609 3252 779 3303 respicit
810 3252 942 3294 Deum
970 3258 1017 3295 ut
1049 3268 1220 3298 causam
1253 3258 1349 3299 effi-

362 3344 372 3366 ¹
404 3344 495 3386 Sap„
527 3352 584 3386 xl,
610 3347 662 3378 21.
688 3363 730 3368 —
755 3347 768 3367 ²
793 3347 865 3380 Lib.
895 3348 934 3380 de
965 3349 1132 3382 LXXXIII
1156 3352 1275 3392 Quoest.
1310 3371 1345 3376 -—

322 3391 489 3433 3δοῖίίοᾳ.
519 3392 578 3423 lib.
604 3393 629 3424 11
650 3417 660 3433 ,
684 3403 713 3425 e.
730 3401 769 3434 v,
788 3404 823 3425 11.
841 3398 872 3426 8.
887 3413 927 3418 -
944 3397 1088 3439 ⁶Arist.,
1115 3399 1164 3430 De
1190 3410 1285 3432 sensu
1316 3404 1347 3434 et

317 3443 457 3479 sensato,
474 3449 502 3473 0.
519 3448 570 3473 111.
582 3458 623 3464 —
635 3441 648 3463 ⁵
662 3441 777 3482 Arist„
792 3442 831 3473 de
846 3444 980 3484 Anima,
994 3445 1054 3477 lib.
1069 3447 1111 3488 lt,
1130 3450 1281 3481 context.
1294 3451 1346 3482 67.

361 3501 404 3540 (α)
423 3500 572 3532 subaudi
603 3501 738 3534 scilieet.
757 3519 797 3526 —
819 3502 859 3544 (b)
881 3504 1005 3546 Supple
1032 3509 1076 3538 et.
1097 3524 1138 3531 —
1159 3508 1195 3550 (c)
1222 3509 1346 3551 Supple

317 3547 455 3580 scilicet.
471 3564 512 3572 —
528 3548 574 3590 (d)
592 3549 714 3592 Supple
733 3558 869 3593 nempe.
884 3568 924 3577 —
943 3552 980 3593 (e)
1003 3554 1126 3597 Sapple
1143 3565 1278 3598 nempe.
1300 3575 1340 3582 —

1449 327 1653 378 cientem3
1676 327 1831 368 veritas
1846 325 2017 379 speciei,
2036 338 2133 379 quae
2151 327 2319 380 respicit
2332 327 2472 380 ipsum

1449 400 1497 437 ut
1529 398 1770 450 exemplam
1804 396 1968 438 bonitas
2003 397 2170 447 ordini,
2203 398 2274 451 qui
2307 398 2474 451 respicit

1448 467 1581 509 Deum
1600 473 1647 509 ut
1664 470 1809 509 finem.
2109 514 2111 518 .

1855 547 1947 576 Due.
1983 546 2062 576 vn.

1448 622 1697 655 perfectissima
1724 624 1937 666 pulchritudo
1973 622 2166 664 intelligitur
2196 622 2316 664 Filius,
2347 623 2473 655 scilicet

1829 673 1961 705 Veritas
1975 671 2092 703 Patris.

1499 754 1650 795 Contra
1684 755 1765 796 hoc
1803 756 1901 796 dicit
1931 754 2247 807 Augustinus³z
2273 753 2474 795 «Veritas

1444 828 1506 866 est
1522 826 1561 866 id
1583 827 1696 879 quod
1719 831 1779 868 cst
1796 840 1806 869 ε
1826 843 1844 866 n
1870 828 1941 869 sed
1962 840 2037 868 ens
2054 827 2163 867 nulli
2185 838 2377 880 personae
2398 838 2471 879 ap-

1444 899 1688 951 propriatur
1705 915 1713 940 :
1734 912 1838 952 ergo
1855 912 1933 940 nec
1951 898 2122 940 veritas.

1499 968 1600 1009 Item
1616 1001 1626 1020 ,
1647 969 1819 1010 videtur
1847 969 1957 1010 male
1983 966 2257 1022 appropriare
2280 967 2473 1007 ordinem

1443 1040 1620 1092 Spiritui
1641 1044 1809 1091 sancto3
1833 1041 1933 1094 quia
1953 1040 1995 1080 in
2017 1038 2271 1092 praecedenti
2291 1037 2473 1090 capitulo

1441 1111 1559 1162 dicit,
1590 1112 1703 1164 quod
1730 1124 1781 1152 ex
1813 1112 1960 1153 ordine
1990 1110 2246 1163 intelligitur
2275 1110 2470 1162 sapiens:

1441 1183 1513 1223 sed
1542 1182 1751 1235 sapientia
1782 1183 2081 1236 appropriatur
2114 1182 2220 1223 Filio
2256 1194 2266 1221 t
2298 1192 2403 1232 ergo
2433 1183 2475 1220 et

1440 1254 1561 1294 ordo.

1494 1324 1616 1379 Resp.
1646 1325 1902 1378 Dicendum,
1929 1326 2043 1379 quod
2067 1326 2224 1368 veritas
2249 1325 2473 1379 dupliciter

1442 1400 1579 1450 potest
1616 1398 1900 1449 considerari,
1933 1398 2041 1439 sicut
2080 1399 2207 1439 color.
2246 1397 2352 1438 Nam
2384 1410 2471 1438 uno

1440 1470 1566 1510 modo
1581 1470 1696 1510 color
1710 1470 2001 1511 consideratur
2014 1471 2246 1511 secundum
2266 1471 2307 1510 id
2327 1470 2370 1509 in
2386 1481 2471 1522 quo

1438 1545 1520 1590 est,
1543 1544 1583 1582 et
1603 1542 1662 1582 sic
1690 1542 1898 1583 diffinitur
1925 1541 1970 1582 in
1992 1542 2063 1582 lib.
2087 1541 2139 1583 de
2167 1552 2294 1584 sensu
2315 1545 2352 1583 ei
2377 1551 2469 1582 sen-

1437 1614 1556 1656 salet
1581 1629 1590 1655 ε
1613 1629 1632 1652 1(
1665 1614 1784 1654 Color
1816 1617 1877 1655 est
1907 1613 2153 1654 extremitas
2181 1613 2392 1666 perspicui
2425 1613 2469 1652 in

1437 1698 1612 1739 corpore
1632 1686 1874 1726 terminato.
1897 1699 1916 1723 ))
1942 1685 2037 1726 Α110
2063 1685 2211 1736 310110,
2239 1684 2283 1724 111
2303 1697 2469 1737 compa-

1436 1756 1600 1797 ratione
1633 1757 1685 1797 ad
1714 1757 1857 1797 visum
1879 1769 2009 1810 quem
2037 1759 2199 1808 movet,
2224 1759 2265 1797 et
2285 1756 2343 1796 sic
2361 1756 2468 1796 diffi—

1436 1827 1554 1868 nitur
1579 1828 1624 1868 13
1644 1828 1752 1868 libro
1774 1828 1824 1870 de
1842 1828 2053 1870 Anima⁵z
2085 1844 2103 1867 «
2124 1827 2244 1869 Color
2263 1831 2325 1868 est
2345 1827 2468 1867 moti-

1436 1912 1541 1941 vum
1562 1901 1679 1941 visus
1698 1901 1935 1942 secundum
1960 1903 2104 1941 actum
2128 1900 2271 1941 lucidi.
2292 1914 2310 1937 »
2337 1899 2467 1940 Simi-

1434 1971 1545 2022 liter,
1568 1972 1725 2012 veritas
1743 1975 1880 2025 potest
1899 1971 2158 2013 considerari
2177 1971 2223 2012 in
2242 1983 2465 2025 compara-

1433 2041 1549 2083 tione
1567 2043 1619 2083 ad
1644 2042 1748 2083 illud
1778 2043 1822 2083 111
1843 2055 1929 2096 quo
1956 2046 2039 2093 est,
2069 2046 2110 2083 et
2138 2043 2197 2083 510
2221 2055 2374 2085 verum
2405 2046 2467 2084 est

1434 2113 1547 2165 quod
1566 2113 1666 2154 dicit
1683 2114 1983 2166 Augustinus:
2006 2113 2202 2157 «Veritas
2218 2117 2280 2155 est
2295 2114 2336 2155 id
2350 2114 2465 2168 quod

1433 2188 1510 2226 est.
1531 2199 1551 2223 ))
1569 2185 1663 2226 Alio
1683 2186 1811 2226 modo
1827 2218 1837 2235 ,
1857 2198 1932 2239 per
1951 2187 2310 2240 comparationem
2331 2186 2382 2227 ad
2403 2187 2464 2227 in-

1431 2257 1648 2298 tellectum
1669 2269 1799 2310 quem
1819 2261 1984 2309 movet,
2007 2260 2048 2298 et
2071 2258 2130 2299 sic
2151 2258 2332 2310 veritas,
2355 2258 2464 2299 sicut

1432 2329 1531 2369 dicit
1551 2328 1833 2382 Philosophus
1850 2329 1894 2369 in
1914 2329 2212 2382 Meiaphysica
2227 2330 2261 2380 ⁶,
2290 2345 2309 2369 (1
2329 2332 2390 2370 051
2411 2329 2462 2369 fi-

1430 2400 1498 2440 nis
1527 2400 1820 2454 intelligentiae
1851 2401 2137 2454 speculativae.
2170 2416 2190 2440 »
2217 2402 2460 2443 Secundum

1427 2472 1619 2525 primum
1648 2472 1847 2523 modum,
1877 2472 1977 2513 dicit
2003 2472 2255 2514 Anselmus⁷
2276 2487 2285 2514 ε
2309 2472 2459 2515 «Veri-

1429 2548 1493 2585 tas
1513 2544 1647 2585 Patris
1673 2548 1735 2586 est
1753 2544 1933 2585 essentia
1958 2544 2107 2586 Patris.
2128 2559 2147 2582 »
2170 2544 2387 2595 Quantum
2406 2546 2458 2587 ad

1429 2617 1664 2658 secundum
1695 2616 1900 2666 modum,
1933 2616 2034 2657 dicit
2066 2616 2252 2658 Hilarius
2274 2620 2310 2667 ⁸,
2344 2617 2459 2670 quod

1434 2688 1625 2730 «veritas
1657 2690 1719 2729 est
1750 2687 2056 2729 declarativum
2087 2700 2190 2729 esse.
2222 2703 2241 2727 1)
2271 2688 2323 2730 Et
2344 2701 2456 2742 quo—

1426 2760 1545 2801 niam
1576 2760 1706 2801 Filius
1743 2763 1805 2801 est
1833 2760 1908 2813 qui
1946 2761 2134 2813 procedit
2164 2764 2214 2802 ut
2246 2762 2452 2814 verbum,

1427 2834 1496 2873 cui
1521 2832 1820 2885 appropriatur
1849 2832 1960 2873 ratio
1991 2832 2257 2886 declarandi3
2290 2834 2384 2875 ideo
2415 2834 2450 2876 ei

1425 2904 1726 2957 appropriatur
1751 2904 1859 2945 ratio
1885 2904 2163 2957 exemplaris,
2184 2908 2226 2946 et
2255 2918 2330 2959 per
2356 2919 2453 2948 con·

1425 2987 1607 3028 sequens
1632 2975 1739 3016 ratio
1764 2975 1973 3028 veritatis,
1995 2979 2206 3029 quantum
2230 2976 2283 3017 ad
2302 2989 2451 3018 secun-

1424 3047 1529 3088 dum
1556 3047 1732 3087 modum
1764 3047 1970 3088 veritatis.
2006 3046 2099 3100 Ipse
2128 3050 2272 3089 autem
2301 3048 2452 3102 accipit

1423 3119 1564 3173 primo
1581 3120 1721 3161 modo.

1477 3192 1542 3233 Ad
1561 3192 1665 3233 illud
1684 3193 1797 3246 quod
1817 3193 2016 3246 objicitur
2038 3193 2088 3234 de
2109 3193 2256 3235 ordine
2273 3226 2283 3244 ‚
2303 3194 2450 3235 dicen-

1422 3262 1526 3304 dum
1551 3277 1560 3304 ι
1583 3264 1697 3317 quod
1716 3267 1777 3305 est
1801 3265 1904 3305 ordo
1928 3276 2074 3305 rerum
2099 3265 2144 3305 in
2161 3266 2386 3318 universo,
2410 3269 2451 3307 et

1421 3335 1491 3376 hic
1511 3337 1811 3390 appropriatur
1837 3337 2056 3390 sapientiae
2074 3350 2083 3389 ;
2103 3340 2144 3379 et
2164 3341 2226 3380 est
2250 3339 2353 3380 ordo
2381 3351 2448 3380 re-

1423 3430 1460 3436 —
1474 3414 1486 3433 ⁸
1503 3413 1577 3445 Lib.
1594 3414 1618 3445 11
1633 3438 1642 3455 ,
1665 3416 1813 3447 context.
1829 3415 1860 3446 3.
1875 3431 1916 3438 —
1930 3414 1944 3437 ⁷
1958 3414 2138 3457 Monoloy„
2160 3425 2190 3448 0.
2206 3423 2290 3449 xxx.
2302 3434 2344 3441 -
2365 3416 2447 3449 ¹³Hi—

1421 3459 1496 3498 lar„
1517 3461 1557 3492 (le
1578 3461 1712 3501 Trz'uit„
1730 3461 1790 3494 lib.
1806 3462 1854 3503 11,
1877 3472 1909 3494 0.
1926 3470 1950 3494 ι.

1423 3514 1467 3555 (f)
1487 3515 1523 3546 In
1545 3515 1635 3546 Edit.
1655 3515 1749 3558 Luyd
1778 3515 1867 3547 deest
1885 3515 2080 3558 vestigium.
2095 3534 2137 3541 —
2153 3518 2202 3559 (9)
2221 3518 2257 3550 In
2268 3517 2339 3550 ead.
2357 3517 2445 3549 deest

1420 3562 1462 3594 ad
1481 3561 1639 3595 invicem.
