2613 3990
93 363 126 390 ad
144 371 171 390 sc
188 361 230 389 di—

105 408 219 432 cuntur:

93 450 119 472 ct
135 446 168 471 de
180 447 234 472 siu·

93 487 180 522 gulis,
207 492 233 514 ct

92 530 126 555 de
143 530 232 555 omui-

95 570 144 596 bus
161 579 234 596 cvm-

112 613 233 639 munitcr

103 653 233 681 dicuntur

93 696 233 729 personis,-

92 738 118 761 ct
138 736 233 772 siugu-

106 776 218 812 lai-iter,

90 826 147 844 nou
172 819 233 854 plu-

106 860 218 896 ratiter,

104 902 132 928 iu
147 912 221 929 sum-

92 952 137 970 nia
157 946 229 971 mci-

92 986 219 1021 piuntur.

129 1038 208 1069 Quod

91 1077 167 1105 licus
182 1090 234 1107 ma.

103 1129 174 1155 gnus
192 1128 231 1150 cst

105 1172 138 1189 ca
158 1173 232 1199 mag-

92 1205 230 1240 numine,

93 1248 232 1280 qualit-u<

105 1294 160 1318 cst:
183 1292 221 1317 51(-

92 1331 127 1359 de
153 1333 234 1360 boni-

109 1378 181 1409 tate,
208 1379 234 1402 et

95 1415 129 1442 de
148 1418 236 1443 omui-

104 1457 157 1483 bus
173 1467 234 1492 qum

114 1507 217 1525 sccun-

95 1539 161 1566 dum
174 1542 236 1567 sul)-

107 1583 235 1609 stantiam

94 1623 234 1651 dicuntur.

115 2594 231 2623 Dixzsio.

255 264 331 301 362
1004 255 1415 299 SENTENTIARUM
1446 257 1542 309 LlB.
1576 259 1605 298 l.

255 346 379 405 Deos,
401 349 474 393 sed
497 364 634 393 unum
654 348 807 391 Deum.
840 348 903 391 Ita
935 347 1093 391 dicitur
1121 347 1250 389 Pater
1282 361 1468 403 magnus
1485 382 1495 402 ,
1519 347 1659 391 Filius
1679 362 1892 404 maguus,
1924 350 1965 389 et
1991 345 2180 405 Spiritus
2199 351 2369 390 sanctus

255 442 439 482 magnus
461 443 470 470 :
494 442 582 470 non
602 432 744 469 tamen
769 431 853 468 tres
873 425 1037 481 magni,
1060 424 1132 467 sed
1154 438 1269 466 unus
1289 438 1529 480 magnus...
1553 425 1617 467 Ita
1636 425 1752 467 enim
1773 423 2046 481 omnipotens
2066 422 2209 476 Pater,
2232 423 2370 466 omni-

256 509 404 562 potens
440 503 600 558 Filius,
639 502 912 560 omnipotens
948 501 1136 558 Spiritus
1171 505 1343 542 sanctus
1367 516 1375 542 ε
1399 515 1487 543 non
1515 506 1661 546 lamen
1682 507 1767 544 tres
1788 499 2104 558 omnipotentes
2124 532 2134 552 ,
2157 498 2229 540 sed
2258 514 2371 543 unus

255 581 579 640 ommipotens...
605 578 829 637 Quidquid
854 593 955 635 crgo
976 578 1028 621 ad
1055 577 1244 636 scipsum
1273 576 1431 620 dicitur
1461 577 1591 633 Deus,
1614 578 1726 621 etde
1746 576 1931 633 singulis
1959 575 2152 634 personis
2175 574 2373 618 similiter

254 657 428 713 dicitur,
452 662 492 700 et
513 656 643 700 simul
663 655 715 698 de
739 655 829 714 ipsa
859 655 1089 707 Trinitate,
1113 669 1202 697 non
1222 653 1466 712 pluraliter,
1491 653 1563 697 sed
1583 654 1863 711 singulariter
1894 652 2067 696 dicitur.
2090 652 2144 695 Et
2164 651 2373 710 quoniam

254 750 341 778 non
365 739 426 778 est
456 733 575 777 aliud
614 733 701 775 Deo
729 746 816 775 esse
837 767 846 787 ‚
871 737 911 775 ct
931 732 1051 775 aliud
1073 745 1281 788 magnum
1302 745 1407 785 esse,
1430 730 1503 773 sed
1523 729 1638 773 idem
1658 736 1720 773 est
1741 731 1806 774 illi
1827 745 1914 773 esse
1935 729 2053 788 qnod
2082 734 2144 772 est
2164 744 2374 786 magnum

253 827 366 865 csse3
392 815 617 870 propterea
640 809 749 852 sicut
769 823 857 852 non
878 809 1062 852 dicimus
1083 813 1166 852 tres
1187 807 1406 863 essentias,
1429 807 1488 850 sic
1508 822 1596 851 non
1618 807 1802 852 dicimus
1823 813 1906 851 tres
1935 805 2281 864 magnitudineS,
2304 806 2376 850 scd

254 905 386 933 unam
408 887 652 942 essentiam,
675 891 716 930 et
738 902 869 930 unam
891 886 1257 944 magnitudinem.
1281 902 1302 926 >i

316 985 337 1007 «
356 972 366 993 ¹
389 965 504 1008 Deus
525 964 641 1007 enim
663 979 749 1007 non
769 969 831 1008 est
852 979 1036 1021 magnus
1055 978 1103 1006 ca
1123 961 1443 1019 magnitudine,
1466 976 1566 1021 quae
1586 977 1674 1005 non
1696 967 1758 1005 cst
1778 962 1894 1021 quod
1925 962 2013 1021 ipse
2033 996 2043 1017 ‚
2066 966 2115 1004 ut-
2136 960 2259 1020 quasi
2283 975 2382 1019 par-

254 1044 383 1102 ticeps
403 1042 496 1102 ejus
516 1042 592 1097 sit;
616 1042 811 1101 alioquin
833 1042 969 1100 major
990 1046 1096 1084 essct
1116 1041 1191 1083 illa
1212 1039 1469 1098 magnitudo
1497 1055 1629 1099 quam
1649 1039 1764 1083 Deus
1789 1056 1797 1082 :
1821 1039 1908 1083 Deo
1936 1045 2082 1083 autem
2103 1054 2192 1082 non
2219 1043 2282 1082 est
2301 1037 2380 1081 ali-

253 1120 357 1179 quid
381 1120 521 1179 majus
546 1136 554 1162 :
579 1135 627 1163 ea
648 1135 749 1177 ergo
779 1118 1079 1176 magnitudine
1103 1133 1287 1175 magnus
1307 1122 1391 1172 est,
1416 1132 1504 1176 qua
1523 1117 1612 1175 ipse
1632 1120 1708 1159 est.
1734 1116 1921 1175 Ideoque
1943 1131 2021 1159 nec
2044 1122 2127 1160 tres
2160 1114 2382 1172 magnitu-

253 1198 374 1240 dines
412 1198 596 1241 dicimus
615 1232 625 1252 ,
666 1196 739 1239 scd
776 1212 911 1239 unam
947 1195 1297 1252 magnitudinem
1329 1211 1338 1237 ι
1373 1209 1451 1237 nec
1482 1199 1567 1237 tres
1603 1208 1782 1251 magnos
1802 1227 1812 1248 ‚
1851 1193 1924 1236 sed
1962 1208 2101 1236 unum
2142 1206 2379 1249 magnum;

254 1278 356 1336 quia
378 1290 464 1319 non
487 1274 812 1334 participatione
837 1273 1153 1330 magnitudinis
1185 1273 1300 1315 Deus
1329 1287 1514 1329 magnus
1541 1276 1619 1326 est,
1645 1270 1718 1314 scd
1739 1271 1880 1329 seipso
1913 1285 2069 1327 magno
2096 1284 2282 1326 magnus
2303 1274 2381 1323 cst,

255 1354 359 1413 quia
391 1353 480 1412 ipse
516 1358 578 1395 est
609 1368 687 1395 sua
720 1351 992 1408 magnitudo.
1027 1351 1092 1393 Ita
1112 1355 1152 1393 et
1172 1350 1224 1393 de
1244 1349 1453 1405 bonitate,
1480 1354 1521 1392 et
1539 1348 1796 1403 aeternitate,
1820 1353 1861 1391 et
1880 1347 2195 1406 omnipotentia
2221 1347 2298 1390 Dei
2317 1346 2383 1390 di-

255 1431 442 1474 cendum
473 1435 562 1485 est,
594 1435 635 1473 et
665 1430 717 1473 de
744 1429 947 1472 omnibus
977 1428 1157 1472 omnino
1190 1442 1290 1486 quae
1319 1427 1371 1470 de
1399 1427 1488 1470 Deo
1516 1431 1697 1485 possunt
1719 1424 1993 1484 pronuntiari
2011 1424 2382 1479 substantialiter,

256 1508 416 1567 quibus
435 1507 489 1551 ad
509 1507 698 1567 seipsum
726 1506 905 1560 dicitur,
933 1521 1021 1550 non
1043 1505 1296 1549 translative
1323 1519 1370 1548 ac
1390 1519 1466 1563 per
1486 1502 1839 1557 similitudinem,
1865 1501 1940 1545 sed
1960 1501 2135 1560 proprie
2150 1536 2160 1556 ,
2183 1501 2219 1544 si
2242 1506 2387 1545 tamen

257 1586 308 1629 de
328 1585 403 1629 illo
425 1584 597 1644 proprie
617 1583 784 1643 aliquid
806 1598 879 1626 ore
900 1582 1088 1627 hominis
1108 1582 1192 1626 dici
1213 1587 1367 1641 potest.
1392 1598 1413 1621 ))
1442 1581 1548 1624 Ecce
1574 1585 1719 1639 aperte
1740 1579 1886 1623 docuit
1910 1579 2028 1638 quod
2048 1578 2227 1622 nomina
2245 1578 2390 1622 unita-

257 1670 342 1708 tem
363 1662 525 1707 divinae
547 1661 780 1720 majestatis
797 1660 1104 1718 significantia,
1128 1666 1169 1703 et
1187 1659 1241 1702 ad
1267 1674 1309 1703 se
1331 1659 1536 1703 dicuntur
1555 1658 1607 1701 de
1626 1658 1731 1712 Deo,
1756 1657 1798 1700 id
1819 1656 1991 1701 estsine
2019 1656 2253 1710 relatione,
2277 1660 2318 1699 et
2337 1655 2389 1699 de

257 1741 461 1785 omnibus
493 1739 689 1798 personis
718 1738 1025 1793 communiter,
1049 1743 1090 1781 et
1110 1738 1161 1780 de
1182 1737 1367 1795 singulis
1385 1735 1562 1780 divisim
1594 1735 1820 1790 dicuntur,
1846 1750 1925 1778 nec
1944 1733 2187 1794 pluraliter,
2210 1732 2283 1777 sed
2303 1732 2392 1775 sin-

256 1817 469 1877 gulariter
487 1817 533 1860 in
553 1832 725 1860 sumnia
743 1815 1040 1874 accipiuntur3
1064 1815 1141 1858 illa
1169 1829 1272 1858 vero
1304 1813 1506 1869 nomina,
1529 1828 1629 1872 quae
1659 1812 1831 1872 proprie
1862 1812 1915 1856 ad
1943 1811 2139 1869 singulas
2167 1810 2393 1870 pertinent

257 1910 487 1955 personaS,
511 1894 719 1949 relative,
742 1908 830 1936 non
869 1893 1212 1937 substantialiter
1251 1893 1473 1935 dicuntur.
1503 1890 1670 1944 «Quod
1702 1890 1756 1949 (a)
1792 1890 1909 1934 enim
1939 1889 2112 1949 proprie
2137 1888 2312 1946 singula
2340 1887 2385 1930 in

259 1973 473 2016 Trinitatc
497 1987 680 2031 persona
698 1970 857 2014 dicitur
879 1971 952 2030 (Is),
979 1976 1031 2013 ut
1052 1970 1112 2014 ait
1131 1969 1409 2028 Augustinus
1446 1968 1492 2012 in
1515 1968 1683 2024 eodem,
1706 1968 1831 2012 nullo
1853 1966 1980 2011 modo
2001 1966 2052 2010 ad
2075 1966 2288 2025 seipsum,
2311 1963 2385 2008 sed

256 2051 306 2095 ad
339 2051 469 2094 aliam
494 2049 707 2105 invicem,
729 2048 800 2093 vel
826 2048 880 2092 ad
909 2053 1151 2092 creaturam
1178 2048 1353 2092 dicitur.
1374 2047 1429 2091 Et
1456 2046 1553 2090 ideo
1572 2045 1776 2102 relative,
1801 2060 1890 2089 non
1924 2043 2282 2100 substantialiter,
2305 2041 2390 2085 dici

258 2128 538 2173 manifestum
557 2131 633 2171 est.
654 2143 676 2167 1)

509 2293 782 2337 EXPOSITIO
812 2293 1029 2335 TEXTUS.

258 2431 338 2463 Post
357 2427 519 2470 praedicta
539 2426 637 2459 nobis
651 2425 886 2457 disserendum
900 2424 1032 2457 videtur
1050 2425 1091 2457 de
1106 2423 1284 2456 nominum

669 2473 875 2506 diversitate.

311 2585 450 2638 Supra
466 2582 554 2635 egit
577 2581 775 2633 Magister
792 2581 842 2621 de
865 2591 982 2620 sacra
999 2578 1202 2619 Trinitate
1219 2590 1285 2619 se-

257 2656 445 2697 cundum
464 2653 577 2707 quod
596 2651 798 2693 catholice
816 2651 999 2692 creditur
1016 2653 1056 2690 et
1077 2650 1285 2702 intelligi-

257 2730 347 2778 tur3
370 2727 413 2766 in
431 2726 510 2766 hac
530 2726 648 2777 parte
670 2723 760 2775 agit
777 2723 827 2763 de
842 2735 891 2762 ea
905 2720 1141 2762 secundum
1155 2719 1284 2773 quod,

259 2798 413 2839 credita
430 2799 472 2838 et
492 2795 716 2845 intellecta,
736 2806 811 2847 per
828 2792 1053 2834 catholicos
1072 2803 1289 2832 sermones

259 2869 530 2922 exprimitur.
554 2867 686 2918 Unde,
708 2866 817 2906 sicut
845 2864 934 2917 ipse
963 2863 1163 2915 Magister
1190 2862 1290 2903 dicit

259 2944 306 2983 in
324 2943 476 2990 littera,
492 2940 671 2982 intendit
689 2939 759 2980 hic
778 2950 905 2990 agere
917 2938 967 2978 de
980 2937 1208 2978 nominum
1224 2937 1291 2978 di-

260 3015 462 3055 vinorum
476 3012 731 3053 diversitate.
756 3010 805 3050 Et
818 3010 911 3050 haec
927 3022 1024 3062 pars
1043 3009 1169 3049 habet
1187 3009 1292 3049 duas

261 3089 400 3139 partes
420 3099 428 3125 2
448 3084 493 3124 in
513 3084 650 3136 prima
671 3085 788 3136 parte
807 3081 1059 3122 determinat
1082 3081 1134 3121 de
1152 3080 1293 3121 nomi-

262 3156 391 3196 nibus
419 3153 574 3195 divinis
607 3153 651 3193 in
683 3151 892 3205 generali3
930 3151 975 3191 in
1007 3151 1205 3200 secunda,
1247 3150 1294 3190 in

263 3225 449 3280 speciali,
481 3228 523 3266 et
549 3225 628 3265 hoc
646 3224 740 3264 dist.
762 3236 871 3264 xxm
891 3238 899 3263 :
925 3222 1151 3266 Psi-cedimis
1173 3222 1293 3274 adji-

264 3297 463 3341 ciendum
485 3301 561 3347 est,
583 3295 695 3348 quod
718 3306 813 3336 cum
838 3296 983 3337 omnia
1001 3295 1193 3345 nomina,
1214 3296 1292 3334 etc.

318 3370 461 3411 Prima
492 3380 590 3421 pars
618 3366 822 3407 dividitur
856 3367 898 3406 in
928 3366 1064 3407 duas:
1094 3367 1139 3406 in
1159 3365 1297 3419 prima

267 3446 385 3496 parte
411 3440 530 3495 ponit
560 3438 761 3490 Magister
790 3437 1042 3490 multiplices
1071 3437 1296 3479 nominum

315 3548 436 3587 ¹Aug.,
454 3545 493 3577 de
517 3545 619 3584 T1·z'n.‚
635 3543 693 3575 lib.
716 3542 770 3582 VI,
787 3551 817 3574 c.
835 3549 868 3583 X,
891 3551 924 3574 u.
947 3544 1038 3574 11.—
1055 3542 1068 3564 ‘³
1083 3541 1182 3582 llud,
1202 3550 1232 3573 c.
1250 3548 1297 3582 xr,

271 3597 376 3628 n.12.

1360 2291 1606 2332 divinorum
1640 2288 1922 2337 differentias;
1957 2287 2003 2327 in
2038 2287 2224 2328 secunda
2248 2297 2396 2327 omnes

1358 2361 1521 2403 reducit
1551 2361 1603 2401 ad
1635 2359 1755 2410 duas,
1791 2359 2028 2400 secundnm
2056 2358 2163 2399 illud
2194 2357 2326 2399 Boetii
2353 2356 2399 2397 in

1357 2433 1466 2474 libro
1498 2432 1786 2482 Divisionum,
1824 2430 1939 2483 quod
1977 2430 2118 2471 omnis
2151 2428 2301 2470 divisio
2333 2431 2396 2469 est

1359 2503 1625 2554 bimembris,
1652 2502 1722 2543 vel
1749 2501 1803 2542 ad
1832 2500 2116 2541 bimembrem
2135 2497 2395 2549 reducihiliS,

1361 2578 1402 2616 et
1434 2575 1515 2616 hoc
1543 2574 1632 2614 ihi:
1661 2571 1889 2614 Sciendum
1915 2576 1975 2614 est
2002 2572 2156 2624 iqitwr,
2184 2567 2299 2623 quod
2323 2568 2401 2611 illa

1361 2659 1456 2701 quse
1479 2646 1651 2699 proprie
1672 2646 1904 2698 pertinent.

1417 2719 1537 2768 item,
1572 2717 1710 2770 prima
1741 2715 1948 2757 dividitur
1970 2714 2016 2754 in
2043 2713 2149 2754 duas
2169 2726 2177 2752 :
2199 2710 2245 2751 in
2263 2710 2403 2764 prima

1362 2792 1481 2845 ponit
1512 2789 1712 2842 Magister
1744 2787 2003 2828 differentias
2035 2784 2259 2826 nominum
2294 2783 2399 2824 divi-

1364 2875 1521 2904 norum
1535 2860 1770 2902 secundum
1784 2858 2093 2911 Augustinnm,
2110 2858 2150 2897 et
2164 2855 2401 2896 secundum

1365 2934 1664 2983 Ambrosium,
1687 2933 1732 2972 in
1746 2931 1944 2982 secunda,
1962 2929 2015 2970 ad
2035 2930 2241 2981 majorem
2261 2926 2405 2980 expla-

1366 3006 1582 3047 nationem
1612 3003 1857 3056 superaddit
1884 3001 1986 3041 alias
2015 3002 2099 3040 tres
2124 2998 2401 3047 differentias,

1366 3078 1426 3118 ibi
1447 3091 1455 3116 :
1479 3077 1559 3118 His
1584 3074 1885 3127 adjiciendum
1908 3075 1987 3123 est,
2009 3070 2207 3124 quaedam
2226 3070 2403 3112 nomina

1369 3160 1471 3192 esse.

1424 3219 1627 3261 Similiter
1644 3217 1828 3259 secunda
1846 3227 1954 3269 pars,
1975 3213 2021 3254 in
2034 3226 2119 3266 qua
2133 3213 2296 3255 reducit
2309 3212 2403 3253 haec

1370 3291 1562 3332 membra
1576 3290 1625 3331 ad
1644 3289 1744 3340 duo,
1761 3288 1888 3329 habet
1901 3286 2006 3327 duas
2021 3287 2158 3338 partes
2177 3297 2186 3325 :
2210 3284 2254 3324 in
2268 3283 2406 3337 prima

1371 3361 1551 3403 ostendit
1570 3361 1683 3413 quod
1702 3359 1876 3400 nomina
1896 3357 1940 3397 in
1960 3356 2116 3398 divinis
2136 3355 2334 3409 quaedam
2347 3354 2406 3395 di-

1371 3436 1529 3476 cuntur
1544 3432 1734 3483 relative,
1753 3434 1793 3472 et
1811 3430 1903 3470 haec
1917 3428 2099 3482 pertinet
2114 3428 2166 3469 ad
2184 3437 2403 3481 personas;

1418 3539 1461 3579 fl)
1482 3539 1574 3571 Edit.
1591 3540 1666 3571 Lov.
1688 3539 1784 3579 Oper.
1807 3537 1892 3577 Any.
1915 3535 2011 3567 hahet
2032 3546 2121 3577 qnae.
2135 3535 2224 3577 —(b)
2244 3535 2281 3567 In
2302 3534 2398 3576 Oper.

1373 3588 1461 3630 Any.
1483 3587 1745 3629 ley.'dicuntur,
1765 3586 1796 3617 et
1816 3593 1965 3626 persona
1983 3584 2094 3618 omitt.
