2613 3990
15 463 101 491 Patris

9 506 116 534 dicatur

1036 354 1284 397 DISTINCT.
1316 356 1364 398 V.

1046 445 1162 488 unde
1195 446 1416 501 Hilarius,
1455 446 1502 490 in
1532 447 1643 491 libro
1676 447 1817 506 primo
1852 446 1904 490 de
1944 448 2181 502 Trinitate,
2210 449 2263 494 de

147 452 188 490 et
223 447 370 491 eadem
407 452 563 491 natura
594 453 654 491 est
690 461 789 490 cum
826 446 954 489 Patre
995 462 1003 487 :

2187 362 2263 400 105

15 546 103 574 fmus
146 523 314 568 Christo
341 524 526 584 loquens
545 524 604 567 ait
634 540 643 567 ε
673 523 880 566 «Natura
896 522 1013 565 filius
1033 527 1110 578 est,
1129 522 1233 582 quia
1250 523 1445 566 eamden)
1475 528 1674 568 naturam
1690 559 1700 579 ,
1724 538 1857 583 quam
1882 524 1956 568 ille
1981 525 2057 584 qui
2076 527 2255 583 genuit,

17 590 98 614 natu-

6 637 37 656 ra
55 628 94 665 (a)
100 647 107 656 .

0 960 112 990 Divisio.

144 600 288 645 habet.
311 618 333 643 ))

400 730 669 795 EXPOSlTIO
698 751 899 793 Tsxrus

186 867 265 899 Post
279 867 354 899 haec
374 866 546 908 quaeritur,
567 867 679 897 utrum
700 866 958 898 concedendum
978 867 1040 907 sit,
1059 870 1123 899 etc.

198 952 244 993 ln
263 951 512 1006 praecedenti
531 950 793 991 distinctione
810 951 948 992 movit
965 951 1165 1004 Magister

143 1024 421 1077 quaestionem
449 1022 500 1063 de
533 1022 848 1074 comparatione
880 1023 1164 1074 generationis

143 1096 194 1136 ad
211 1095 440 1136 terminum
468 1093 729 1134 essentialem
748 1096 1006 1145 concretum,
1029 1094 1164 1146 qualis

143 1170 204 1208 est
233 1167 313 1208 hoc
340 1178 520 1216 nomen,
555 1166 690 1216 Deus;
718 1165 764 1205 in
796 1166 993 1218 praesenti
1024 1169 1165 1206 movet

142 1238 417 1292 quaestionem
449 1237 499 1278 de
533 1237 845 1290 comparatione
875 1237 1164 1289 generationis

141 1310 192 1350 ad
221 1309 452 1349 terminum
481 1308 745 1349 essentialem
775 1309 1055 1360 abstractum,
1090 1310 1163 1362 qui

141 1383 200 1421 est
217 1379 408 1421 essentia.
440 1379 492 1420 Et
517 1379 719 1421 dividitur
745 1379 838 1420 haec
863 1392 961 1433 pars
989 1380 1032 1420 in
1057 1381 1163 1422 duas

138 1453 275 1505 partes
301 1465 310 1491 :
333 1451 376 1490 in
403 1450 540 1504 prima
566 1444 682 1503 parte
714 1454 857 1491 movet
879 1451 1161 1504 quaestionem

139 1534 191 1562 ex
215 1521 525 1574 comparatione
548 1521 831 1573 generationis
857 1522 907 1562 ad
937 1523 1161 1564 essentiam

139 1594 182 1634 in
208 1593 369 1634 ratione
387 1593 577 1643 termini,
599 1593 792 1633 videlicet
812 1595 961 1634 utrum
982 1595 1162 1635 essentia

137 1667 386 1718 generetur3
408 1664 453 1704 in
473 1665 675 1715 secunda,
697 1664 740 1704 in
760 1664 921 1705 ratione
942 1665 1158 1718 principii,

137 1739 283 1777 utrum
309 1735 487 1776 essentia
514 1738 709 1787 generet,
741 1737 837 1784 etc„
864 1736 921 1776 ihi
950 1751 957 1777 :
988 1737 1082 1778 Non
1103 1740 1163 1778 est

137 1809 269 1850 etiam
281 1806 509 1850 dicendum
522 1806 634 1860 quod
651 1807 806 1849 dirimi
820 1809 1001 1850 essentia
1014 1809 1162 1861 [lenuit

137 1880 325 1930 Filimn,
354 1881 431 1919 etc.
463 1878 590 1928 Item,
620 1878 759 1931 prima
788 1891 884 1931 pars
906 1879 1032 1919 hahet
1054 1892 1160 1932 qua-

137 1955 234 1992 tuor
258 1953 397 2005 partes
422 1965 430 1991 :
458 1950 503 1990 in
524 1950 662 2003 prima
689 1953 806 2003 parte
837 1952 1033 2004 proponit
1058 1965 1160 2005 pro-

135 2013 339 2071 blemata,
364 2022 555 2063 videlicet
574 2024 721 2062 utrum
755 2022 935 2063 essentia
957 2026 1157 2075 generet,

136 2093 204 2135 vel
235 2095 481 2146 generetur3
503 2093 547 2133 in
575 2093 759 2134 secunda
784 2093 953 2134 adducit
978 2095 1161 2135 rationes

134 2168 218 2206 tres
238 2164 463 2218 probantes
481 2164 594 2217 quod
617 2164 796 2205 essentia
823 2177 910 2205 non
930 2170 1161 2218 generatur

135 2249 160 2277 a
177 2235 321 2284 Patre,
348 2235 407 2276 ihi
429 2250 438 2276 :
465 2236 562 2278 Ideo
590 2245 676 2277 ηοη
703 2241 763 2278 esc
789 2235 1016 2279 dicendum
1046 2238 1160 2290 quod

136 2307 260 2350 Pater
275 2308 439 2361 ¹qenuii,
461 2309 538 2347 etc.
555 2320 565 2357 3
589 2306 633 2347 in
652 2307 774 2348 tertia
791 2308 958 2348 adducit
976 2309 1159 2350 rationes

135 2379 179 2419 in
213 2378 497 2429 contrarium,
532 2377 591 2418 ihi
624 2393 632 2418 :
668 2379 778 2420 Huic
817 2383 953 2421 aulem
989 2380 1160 2422 videtur

133 2451 417 2501 contrarium
438 2449 481 2489 in
512 2452 661 2502 quarta
692 2453 732 2490 et
760 2450 911 2491 ultima
940 2451 1089 2502 solvit,
1119 2455 1160 2493 et

132 2522 325 2575 exponit,
346 2522 405 2562 ibi
427 2536 436 2562 ε
458 2521 527 2563 Act
548 2521 660 2574 quod
685 2522 995 2574 respondemus.

186 2593 388 2634 Similiter
417 2596 458 2634 et
489 2593 672 2634 secunda
700 2606 797 2647 pars
831 2595 954 2635 istius
986 2595 1158 2636 distinc-

132 2666 283 2718 tionis,
311 2667 356 2707 in
386 2679 470 2720 qua
498 2666 700 2719 Magister
727 2668 978 2710 determinat
999 2682 1159 2711 secun-

132 2738 229 2779 dam
260 2741 423 2792 partem
443 2738 690 2792 quaestionis
710 2751 807 2792 quae
835 2742 896 2780 est
921 2740 968 2780 in
992 2753 1159 2795 compa-

132 2809 292 2851 ratione
311 2797 595 2862 generationis
614 2810 667 2850 ad
687 2811 910 2851 essentiam
930 2811 974 2851 in
995 2813 1158 2855 ratione

132 2880 344 2934 principii,
371 2881 497 2921 hahet
526 2883 610 2921 tres
639 2883 778 2933 partes
806 2894 816 2922 :
845 2883 889 2922 in
915 2883 1053 2936 prima
1081 2885 1157 2926 de-

133 2952 331 2993 terminat
359 2952 483 2993 istam
518 2952 799 3005 quaestionem
819 2986 829 3004 ,
868 2954 1012 2995 dicens
1046 2957 1159 3009 quod

134 3025 312 3066 essentia
337 3037 425 3066 non
450 3027 654 3078 generat,
677 3026 747 3066 sed
770 3029 810 3067 et
830 3027 909 3067 hoc
937 3029 1160 3070 confirmat

134 3107 208 3148 per
231 3097 437 3138 rationem
466 3098 692 3139 ducentem
719 3099 771 3140 ad
798 3099 1082 3153 impossibile;
1113 3102 1158 3143 in

135 3167 316 3208 secunda
334 3180 435 3209 vero
460 3168 629 3210 adducit
654 3170 924 3212 auctoritates
942 3184 1038 3225 quae
1059 3176 1160 3213 sunt

136 3237 289 3279 directe
315 3240 535 3281 contrariae
559 3240 771 3294 praedietae
803 3242 1023 3295 solutioni,
1050 3245 1109 3285 ibi
1144 3257 1155 3285 :

137 3307 360 3352 Proedictis
388 3315 527 3354 autem
551 3312 725 3355 videtur
752 3316 1017 3356 contrarium
1044 3325 1129 3357 esse
1144 3329 1154 3365 ;

137 3379 181 3420 in
194 3381 316 3421 tertia
331 3394 431 3423 vero
449 3383 618 3425 adducit
633 3384 914 3436 auctoritates,
933 3398 986 3426 ex
1003 3386 1159 3439 quibus

134 3453 270 3504 potest
286 3451 378 3492 elici
394 3455 679 3507 contrarietas,
698 3455 756 3495 ibi
778 3467 788 3496 :
812 3456 981 3499 Dicitur
996 3468 1157 3511 quoque

135 3525 174 3564 et
201 3522 455 3575 frequenter,
481 3527 558 3566 etc.
591 3525 735 3567 Prima
765 3539 862 3580 pars
893 3527 1021 3569 habet
1048 3541 1158 3582 qua-

132 3595 231 3648 tuor
252 3596 391 3647 partes
413 3609 423 3635 :
443 3595 489 3636 in
506 3596 644 3649 prima
670 3600 787 3651 parte
813 3597 984 3639 adducit
1011 3602 1157 3641 aucto-

178 3678 218 3719 <α>
241 3678 319 3711 Goec.
338 3678 418 3710 edit.
439 3681 582 3711 naturae.
597 3698 631 3703 —
650 3681 697 3722 (b)
717 3681 774 3714 Al.
791 3681 888 3720 deest,
909 3683 974 3713 etc.

1241 740 1385 780 ritates
1420 739 1653 791 Augustini
1688 739 1917 780 contrarias
1951 740 2162 793 praedictae
2196 753 2263 782 so-

1238 810 1417 861 lutioni3
1458 811 1503 850 in
1541 811 1723 851 secunda
1760 812 2027 853 auctoritates
2065 813 2265 855 adductas

1240 882 1426 936 exponit,
1445 882 1503 922 ibi
1526 893 1535 922 :
1561 882 1641 923 Sed
1661 883 1746 924 hoec
1767 885 1830 925 ita
1847 884 2202 937 determinamus,-
2218 886 2263 926 iu

1240 954 1362 995 tertia
1385 966 1507 1004 vero,
1540 957 1684 995 contra
1709 955 1930 1008 praedictas
1955 956 2261 1009 expositiones,

1240 1025 1408 1066 adducit
1432 1026 1699 1066 auctoritates
1726 1026 1828 1067 alias
1854 1026 2022 1079 Hilarii,
2043 1027 2088 1068 in
2108 1028 2264 1081 quibus

1240 1099 1410 1137 notatur
1439 1098 1678 1150 expressior
1706 1098 1999 1147 contrarietas,
2027 1099 2085 1139 ihi
2113 1113 2122 1140 ε
2153 1100 2263 1142 Huic

1240 1178 1335 1210 vero
1376 1169 1504 1211 eciam
1549 1170 1811 1212 contrarium
1853 1169 2026 1212 videtur
2064 1181 2173 1216 esse:
2220 1172 2265 1212 in

1239 1243 1389 1292 quarta
1408 1253 1509 1282 vero
1529 1242 1796 1283 auctoritates
1812 1242 2032 1295 praedictas
2051 1243 2261 1296 explanat,

1239 1315 1279 1353 et
1297 1314 1603 1367 expositionem
1621 1327 1743 1355 suam
1762 1327 1837 1367 per
1850 1315 1982 1356 verba
2001 1315 2148 1356 Hilarii
2163 1327 2265 1356 con-

1238 1384 1398 1435 firmat,
1419 1385 1475 1425 ibi
1501 1401 1509 1426 ι
1536 1386 1616 1427 Sed
1636 1388 1741 1439 quia
1763 1386 1850 1428 hoec
1878 1387 2005 1428 verba
2031 1397 2132 1429 sane
2156 1386 2262 1429 vult.

1292 1456 1492 1497 Similiter
1512 1470 1606 1510 pars
1626 1457 1718 1506 illa,
1739 1458 1909 1501 Dicitur
1928 1469 2090 1511 quoque
2120 1462 2158 1502 et
2177 1460 2260 1511 fre-

1237 1532 1413 1579 quenter
1439 1528 1486 1569 in
1507 1539 1631 1570 sacra
1662 1529 1885 1582 Scriptura
1912 1530 2082 1583 leqitur,
2108 1530 2154 1571 in
2180 1543 2265 1584 qua

1237 1599 1435 1651 objicitur
1474 1603 1618 1640 contra
1658 1600 1911 1641 solutionem
1956 1614 2031 1654 per
2075 1602 2264 1643 auctori-

1235 1672 1340 1710 tates
1353 1702 1363 1719 ,
1383 1683 1437 1711 ex
1457 1671 1612 1723 quibus
1628 1671 1791 1713 elicitur
1811 1673 2022 1725 praedictae
2043 1673 2264 1715 solutionis

1237 1742 1507 1782 contrarietas
1539 1743 1665 1795 (quia
1694 1743 1737 1782 in
1766 1743 1833 1783 his
1857 1756 1944 1784 non
1973 1743 2125 1785 dicitur
2148 1745 2261 1798 quod

1236 1813 1415 1854 essentia
1438 1818 1639 1866 generet,
1673 1814 1741 1856 vel
1769 1819 2014 1867 generetur,
2046 1817 2116 1857 sed
2146 1818 2260 1870 quod

1235 1884 1285 1925 de
1305 1886 1505 1936 essentia,
1527 1886 1596 1927 vel
1617 1886 1666 1927 de
1693 1887 1928 1928 substantia
1950 1887 2104 1938 Patris,
2127 1888 2260 1930 Filius

1235 1957 1505 2010 generetur),
1538 1962 1721 2010 quatuor
1752 1959 1878 1999 habet
1908 1959 2135 2012 particulas
2172 1975 2181 2000 z
2216 1961 2263 2002 in

1235 2029 1372 2081 prima
1400 2028 1570 2069 adducit
1598 2029 1866 2070 auctoritates
1895 2031 1939 2071 in
1973 2032 2258 2083 contrarium;

1235 2099 1277 2139 in
1298 2099 1481 2140 secunda
1498 2112 1599 2141 vero
1619 2100 1818 2141 adductas
1837 2102 2048 2155 explanat,
2070 2102 2129 2144 ibi
2149 2116 2158 2144 τ
2181 2105 2261 2148 His

1234 2171 1372 2213 verbis
1390 2173 1626 2224 proemissis
1642 2173 1859 2222 innuitur,
1876 2176 1954 2214 etc.
1975 2175 1985 2227 (
2012 2174 2041 2226 ),
2055 2175 2128 2216 uhi
2145 2187 2260 2217 resu—

1234 2246 1311 2284 mit
1328 2245 1573 2298 praedictam
1594 2246 1928 2298 expositionem3
1956 2247 2001 2287 in
2036 2249 2179 2300 tertia,
2203 2261 2256 2290 ex

1233 2317 1535 2369 praedictorum
1570 2317 1768 2370 opinione
1797 2318 1910 2358 elicit
1941 2319 2153 2371 quoddam
2187 2333 2258 2361 co-

1232 2387 1475 2436 rollarium,
1496 2387 1555 2427 ibi
1584 2403 1592 2428 ε
1625 2388 1874 2431 Ostenditm·
1899 2400 2062 2443 quoque
2090 2401 2146 2433 eoe
2169 2391 2259 2434 illis

1234 2459 1382 2509 verbis,
1401 2461 1497 2510 etc.;
1524 2459 1568 2499 in
1587 2463 1737 2512 quarta
1749 2463 1790 2500 et
1803 2460 1966 2512 ultima,
1981 2461 2089 2503 redit
2102 2463 2153 2504 ad
2167 2476 2262 2517 pro-

1233 2529 1438 2582 positum,
1462 2532 1503 2570 et
1522 2531 1702 2571 ostendit
1720 2531 2028 2584 expositionem
2048 2546 2169 2574 suam
2187 2534 2258 2575 bo-

1232 2613 1333 2641 nam
1353 2614 1441 2642 esse
1460 2614 1535 2655 per
1561 2603 1854 2644 auctoritatem
1882 2605 2138 2658 Augustini,
2161 2607 2219 2647 ihi
2245 2620 2257 2648 ε

1233 2672 1286 2715 Et
1303 2672 1376 2715 hoc
1397 2674 1460 2716 ita
1480 2673 1622 2716 debere
1644 2675 1855 2729 intelligi,
1883 2679 1960 2718 etc.

1675 2806 1765 2836 DUB.
1789 2808 1817 2836 1.

1264 2890 1342 2922 ldeo
1361 2899 1430 2922 non
1446 2892 1496 2923 est
1515 2891 1698 2923 dicendum
1719 2893 1811 2933 quod
1830 2894 1928 2925 Pater
1945 2893 2060 2935 genuit
2079 2894 2228 2927 divinam

1652 2941 1845 2975 essentiam.

1287 3033 1367 3074 Ista
1395 3034 1501 3075 ratio
1531 3035 1700 3077 videtur
1732 3036 1885 3077 ducere
1914 3037 1966 3077 ad
1993 3037 2075 3079 hoc
2105 3039 2255 3081 incon-

1232 3106 1430 3156 veniens,
1465 3107 1621 3148 scilicet
1645 3108 1782 3160 quod,
1807 3108 1841 3148 si
1866 3109 2045 3151 essentia
2074 3123 2259 3164 genera-

1232 3179 1350 3218 retur
1369 3191 1393 3218 a
1422 3177 1568 3227 Patre,
1595 3179 1775 3220 essentia
1801 3183 2030 3232 poneretur
2050 3194 2126 3235 pro
2149 3183 2256 3224 rela-

1231 3249 1334 3289 tivo.
1356 3249 1434 3291 Sed
1453 3250 1533 3290 hoc
1550 3251 1718 3291 nullum
1734 3251 1903 3292 videtur
1918 3252 2224 3295 inconveniens
2243 3268 2252 3294 :

1232 3319 1266 3359 si
1292 3320 1407 3360 enim
1430 3321 1570 3373 magis
1599 3322 1795 3362 convenit
1824 3323 2004 3364 essentia
2032 3336 2132 3365 cum
2157 3337 2258 3378 sup-

1231 3390 1387 3443 posito,
1416 3404 1545 3444 quam
1573 3392 1814 3434 universale
1837 3406 1936 3435 cum
1961 3394 2189 3447 singulari,
2222 3395 2258 3436 si

1230 3474 1318 3503 non
1350 3465 1411 3503 est
1444 3462 1748 3505 inconveniens
1784 3477 1883 3506 cum
1909 3465 2150 3507 universale
2178 3477 2257 3518 po-

1229 3533 1347 3574 nitur
1375 3545 1452 3586 pro
1485 3534 1718 3587 singulari,
1750 3548 1828 3577 nec
1859 3539 1920 3578 est
1951 3536 2256 3578 inconveniens

1227 3601 1343 3654 quod
1368 3602 1549 3643 essentia
1571 3606 1753 3656 ponatur
1776 3617 1853 3658 pro
1879 3605 2067 3646 relativo.

1285 3671 1407 3725 Resp.
1440 3671 1670 3716 Dicendum
1695 3675 1835 3728 quod,
1864 3675 1898 3716 si
1918 3675 2097 3717 essentia
2122 3687 2251 3730 pone-
