2570 3986
585 287 686 399 S.
781 283 1978 392 BONAVENTURAE

271 528 365 599 IN
436 523 939 599 PROLOGUM
1004 522 1719 596 SENTENTIARUM
1787 522 2268 596 EXPOSITIO

801 938 1237 1015 PROLOGUS
1301 935 1741 1012 MAGISTRI

646 1128 728 1182 IN
799 1127 1117 1183 LIBROS
1190 1126 1891 1183 SENTENTIARUM

267 1469 499 1529 Cupientes
518 1468 685 1528 aliquid
707 1467 758 1511 de
783 1466 989 1527 penuria,
1012 1480 1060 1509 ac
1080 1464 1290 1509 tenuitate
1312 1468 1460 1509 nostra
1480 1479 1579 1508 cum
1605 1463 1872 1524 paupercula
1901 1463 1947 1507 in
1968 1463 2329 1523 gazophylacium
2359 1474 2492 1503 Rationes

2362 1525 2478 1545 moven-

204 1546 381 1591 Domini
409 1546 578 1591 mittere
598 1545 635 1602 ¹3
658 1545 795 1590 ardua
814 1544 1015 1588 scandere
1034 1578 1045 1599 ,
1074 1558 1182 1602 opus
1207 1543 1323 1586 ultra
1351 1543 1465 1587 vires
1490 1547 1658 1586 nostras
1681 1557 1807 1599 agere
1828 1542 2206 1601 praesumpsimus,
2229 1556 2330 1585 con-
2350 1561 2393 1605 τοᾷ
2415 1561 2479 1587 Ma-

2363 1604 2482 1635 g1strum

204 1624 508 1670 summationis
526 1624 753 1678 fiduciam,
775 1622 1024 1682 laborisque
1045 1621 1285 1665 mercedem
1308 1621 1354 1664 in
1375 1620 1649 1665 Samaritano
1664 1625 1677 1645 ‘²
1698 1626 1955 1677 statuentes,
1979 1621 2055 1680 qui
2075 1620 2254 1679 prolatis
2281 1620 2327 1664 in
2349 1642 2492 1678 adaggre-

205 1702 475 1746 curationem
501 1701 700 1746 semivivi
726 1700 898 1744 duobus
926 1699 1138 1755 denariis,
1161 1699 1491 1758 supereroganti
1519 1705 1673 1743 cuncta
1693 1699 1871 1743 reddere
1902 1699 2119 1758 professus
2146 1705 2223 1743 est.
2247 1698 2329 1742 De·
2355 1685 2490 1762 {¹5dessss

202 1780 330 1824 lectat
350 1795 428 1823 nos
448 1778 605 1823 veritas
624 1778 889 1838 pollicentis,
911 1777 985 1821 sed
1013 1782 1144 1820 terret
1170 1777 1438 1820 immensitas
1465 1777 1641 1821 laboris.
1665 1777 1939 1821 Desidcrium
1968 1777 2169 1820 hortatur
2194 1776 2328 1836 profi·
2347 1771 2490 1839 Ἓξζζζᾚῑ

203 1857 360 1913 ciendi,
383 1856 454 1900 sed
476 1856 730 1900 dehortatur
748 1855 983 1899 infirmitas
1004 1854 1252 1910 deficiendi,
1275 1870 1408 1914 quam
1429 1855 1564 1898 vincit
1586 1856 1703 1899 zelus
1722 1856 1879 1899 domus
1898 1855 1993 1899 Dei.
2018 1856 2113 1907 Quo
2134 1854 2326 1898 inardes-
2370 1861 2465 1880 ΜΘΝ

2346 1893 2410 1920 boui
2420 1916 2426 1928 ‚
2444 1904 2489 1922 ca-

202 1939 364 1988 centes,
392 1934 566 1977 «fidem
593 1939 785 1977 nostram
802 1968 812 1988 ,
839 1933 1047 1977 adversus
1073 1947 1241 1976 errores
1269 1933 1512 1977 carnalium
1539 1938 1670 1992 atque
1699 1933 1959 1977 animalium
1987 1933 2218 1976 hominum
2244 1939 2274 1988 ³,
2300 1950 2322 1975 »
2358 1936 2472 2005 ῗὲῆῐιιὲἑῗ

200 2011 417 2056 Davidicae
438 2011 571 2055 turris
591 2011 754 2071 clypeis
774 2010 964 2066 munire,
983 2010 1054 2055 vel
1075 2011 1219 2069 potius
1236 2011 1452 2054 munitam
1474 2011 1697 2055 ostendere
1713 2047 1723 2066 ,
1747 2026 1794 2055 ac
1811 2011 2157 2068 theologicarum
2176 2011 2324 2070 inqui·
2344 2019 2480 2050 veritatis-

199 2088 406 2133 sitionum
427 2089 574 2132 abdita
592 2089 781 2148 aperire,
805 2104 975 2132 necnon
996 2094 1036 2132 et
1055 2093 1425 2132 sacramentorum
1447 2089 1833 2133 ecclesiasticorum
1857 2104 1935 2148 pro
1956 2088 2135 2132 modulo
2161 2089 2324 2132 intelli-

198 2166 357 2225 gentiae
379 2171 537 2211 nostrae
557 2166 755 2211 notitiam
778 2167 945 2210 tradere
963 2166 1214 2210 studuimus
1237 2182 1246 2214 ε,
1276 2183 1297 2208 «
1322 2166 1419 2210 Non
1447 2167 1641 2210 valentes
1668 2166 1964 2210 studiosorum
1990 2166 2176 2210 fratrum
2211 2167 2324 2210 votis

194 2242 294 2302 jure
312 2244 532 2306 resistere,
555 2259 707 2289 eorum
727 2245 774 2288 in
794 2244 963 2289 Christo
990 2243 1286 2288 laudabilibus
1306 2244 1485 2300 studiis,
1513 2245 1690 2304 lingua,
1714 2260 1761 2289 ac
1781 2245 1894 2305 stylo
1913 2260 1992 2289 nos
2012 2245 2172 2289 servire
2202 2245 2323 2303 flagi-

198 2321 404 2379 tantium,
426 2337 535 2383 quas
554 2322 677 2381 bigas
696 2322 742 2366 in
761 2322 886 2366 nobis
903 2322 1038 2381 agitat
1055 2322 1216 2366 Christi
1235 2322 1422 2366 charitas
1439 2326 1468 2366 ⁶.
1492 2339 1513 2364 ³>

257 2399 466 2452 Quamvis
493 2415 582 2444 non
611 2400 886 2458 ambigamus
905 2401 940 2457 ⁵,
977 2416 1194 2444 «omnem
1225 2400 1410 2444 humani
1437 2401 1601 2462 eloquii
1632 2416 1877 2446 sermonem
1906 2401 2158 2458 calumniae,
2191 2406 2321 2462 atque
2351 2421 2484 2451 nationes

197 2476 526 2522 contradictioni
555 2477 820 2522 aemulorum
848 2493 1017 2538 semper
1047 2478 1179 2522 fuisse
1216 2479 1479 2536 obnoxium,
1515 2479 1620 2539 quia
1652 2480 2008 2524 dissentientibus
2043 2480 2320 2525 voluntatum
2352 2474 2472 2536 ἶὲζᾞζ

198 2555 405 2612 motibus,
430 2572 452 2598 »
473 2555 730 2600 dissentiens
750 2572 927 2617 quoque
947 2556 997 2600 fit
1016 2556 1267 2601 animorum
1288 2573 1462 2614 sensus,
1486 2565 1536 2602 ut
1555 2574 1655 2602 cum
1682 2574 1812 2603 omne
1842 2559 2007 2603 dictum
2035 2559 2128 2605 veri
2153 2559 2320 2603 ratione
2341 2550 2484 2623 §⁵332

195 2633 434 2693 perfectum
454 2633 524 2689 sit,
547 2638 710 2690 tamen,
733 2634 839 2678 dum
859 2634 980 2678 aliud
1001 2634 1100 2678 aliis
1118 2640 1194 2678 aut
1212 2635 1402 2692 videtur,
1425 2641 1501 2680 aut
1524 2638 1775 2696 complacet,
1799 2637 1971 2681 veritati
1993 2637 2061 2682 vel
2083 2652 2172 2681 non
2192 2636 2321 2680 intel-
2358 2636 2462 2664 ¹³t³0¹¹⁶

2355 2680 2383 2703 et
2405 2679 2470 2706 odio

195 2710 333 2768 lectae,
358 2712 428 2757 vel
447 2712 701 2768 offendenti,
724 2717 766 2756 et
784 2713 1019 2772 impietatis
1038 2728 1159 2757 error
1178 2714 1407 2770 obnititur,
1430 2730 1479 2758 ac
1499 2715 1737 2759 voluntatis
1757 2715 1924 2760 invidia
1945 2716 2124 2759 resultat
2147 2732 2156 2758 z
2185 2731 2319 2775 quam
2339 2720 2481 2788 mraiikhae‘

195 2790 310 2834 Deus
327 2790 478 2834 soeculz'
496 2789 628 2848 hujus
655 2791 668 2812 ⁶
688 2795 892 2850 operatur
917 2791 964 2835 in
991 2791 1080 2835 illis
1100 2791 1354 2836 diffidentiae
1380 2792 1483 2836 filiis
1508 2793 1623 2849 suis,
1645 2794 1723 2853 qui
1750 2809 1837 2837 non
1863 2794 2021 2842 rationi
2047 2795 2318 2838 voluntatem
2358 2771 2466 2834 sgilicift

2341 2850 2479 2885 perversi-

196 2866 451 2926 subjiciunt,
474 2882 552 2911 nec
569 2867 775 2913 doctrinae
794 2869 991 2913 studium
1010 2870 1273 2929 impendunt
1285 2887 1296 2926 ;
1320 2870 1392 2914 sed
1413 2870 1481 2914 his
1500 2886 1600 2930 quae
1626 2872 1917 2927 somniarunt,
1938 2872 2161 2931 sapientiae
2186 2873 2320 2917 verba
2339 2892 2414 2921 taus.

195 2949 394 3003 coaptare
414 2943 643 3001 nituntur,
665 2960 755 2989 non
775 2946 894 3002 veri,
917 2948 991 2991 sed
1017 2947 1165 3007 placiti
1191 2947 1405 2992 rationem
1430 2953 1659 3005 sectantes;
1683 2965 1794 3009 quos
1819 2949 1973 3009 iniqua
2003 2950 2207 2994 voluntas
2229 2967 2320 2995 non

197 3021 252 3065 ad
279 3021 617 3079 intelligentiam
648 3022 842 3067 veritatis
861 3058 872 3079 ,
901 3024 975 3068 sed
1002 3025 1056 3068 ad
1088 3024 1384 3069 defensionem
1409 3026 1676 3085 placentium
1700 3027 1878 3082 incitat3
1910 3042 2000 3071 non
2029 3028 2320 3073 desiderantes

196 3097 340 3143 doceri
352 3099 598 3156 veritatem,
609 3100 683 3144 sed
700 3101 753 3144 ab
774 3116 823 3145 ea
836 3101 889 3145 ad
906 3102 1076 3146 fabulas
1096 3108 1396 3148 convertentes
1411 3104 1613 3148 auditum
1623 3110 1659 3158 7;
1677 3119 1868 3164 quorum
1885 3105 2091 3165 professio
2106 3110 2169 3149 est
2182 3106 2320 3163 magis

197 3174 374 3233 placita,
397 3191 531 3236 quam
553 3177 747 3222 docenda
771 3179 1051 3239 conquirere3
1081 3195 1160 3225 nec
1188 3181 1381 3226 docenda
1409 3181 1668 3234 desiderare,
1693 3182 1767 3226 sed
1793 3182 2044 3227 desideratis
2071 3183 2318 3227 doctrinam

199 3257 411 3312 coaptare,
439 3270 534 3314 quoe
558 3255 721 3300 habent
741 3256 962 3302 rationem
982 3258 1214 3318 sapientiae
1233 3259 1281 3303 in
1304 3260 1361 3319 (a)
1385 3259 1692 3319 superstitione
1711 3265 1750 3302 ⁸:
1772 3261 1877 3320 quia
1902 3260 2005 3304 fidei
2033 3260 2318 3305 defectionem

197 3330 394 3390 sequitur
412 3331 654 3392 hypocrisis
674 3333 878 3391 mendax,
895 3339 946 3379 ut
963 3335 1078 3380 sitin
1095 3337 1241 3381 verbis
1260 3337 1412 3396 pietas,
1429 3353 1562 3397 quam
1578 3337 1771 3382 amiserit
1788 3338 2070 3395 conscientia3
2093 3338 2319 3398 ipsamque

239 3457 250 3478 ¹
269 3456 359 3497 Luc„
384 3465 466 3499 XXI,
485 3461 521 3499 23
545 3459 670 3499 Marc„
692 3468 764 3502 ΧΠ,
786 3462 837 3493 42.
854 3478 893 3484 -
913 3461 927 3483 ‘2
942 3462 1032 3502 Luc„
1055 3470 1098 3504 x,
1120 3465 1171 3495 35.
1189 3480 1230 3486 —
1252 3463 1265 3485 ³
1287 3464 1334 3495 Ex
1355 3463 1513 3504 August„
1538 3463 1577 3495 (le
1608 3465 1739 3504 Trinit„
1762 3464 1821 3496 lib.
1849 3465 1892 3496 111
1923 3465 1957 3496 in
1989 3466 2138 3496 Prooeni.
2169 3481 2207 3487 —
2229 3464 2243 3485 ¹·
2271 3464 2320 3496 Ex

199 3503 298 3545 Aug„
317 3502 450 3535 ibid.—-
463 3506 476 3528 5
490 3507 539 3538 Ex
559 3507 680 3549 Hilar.,
694 3507 733 3540 de
751 3508 884 3548 Trahit„
901 3508 959 3541 lib.
977 3511 1003 3542 X
1021 3510 1055 3542 in
1080 3510 1275 3553 princip.—
1291 3512 1302 3530 ⁶
1320 3511 1347 3544 11
1367 3511 1457 3550 Cor„
1479 3518 1534 3552 IV,
1554 3513 1583 3544 4.
1604 3529 1644 3536 —
1660 3513 1673 3535 ⁷
1689 3513 1714 3544 ΙΙ
1739 3512 1894 3552 Τι’ῃιοτΙι.,
1915 3521 1960 3555 ns,
1979 3514 2008 3546 3.
2022 3529 2061 3536 —
2079 3513 2090 3531 ὃ
2109 3511 2194 3550 Col„
2208 3519 2246 3553 11,
2267 3514 2318 3545 23.

194 3584 197 3585 ’
238 3581 281 3623 (α)
304 3580 358 3614 Αἰ.
379 3583 565 3624 superficie.
