2613 3990
105 3037 220 3064 Funda-

82 3083 186 3106 menta.

216 245 292 282 260

215 329 492 370 manifestatio
528 330 568 368 et
605 325 866 367 inhabitatio.
914 323 964 363 Et
1001 322 1235 363 secundum

214 402 291 441 hoc
311 400 631 451 intelligendum
653 402 726 447 cst,
749 396 860 449 quod
879 398 939 434 est
958 394 1074 446 loqui
1093 393 1143 432 de
1163 391 1238 431 ‹lo-

214 472 281 511 nis
303 471 374 510 Dei
403 474 612 522 quamtum
633 469 683 508 ad
708 467 891 507 radicem
909 497 918 515 ,
942 465 1007 504 vel
1028 466 1238 516 quantum

214 543 263 582 ad
286 542 492 591 habitum,
525 542 592 581 vel
611 543 819 592 quantum
850 537 901 577 ad
931 540 1073 576 actum
1094 546 1237 574 conse-

216 618 432 665 quentem.
455 611 682 664 Loquendo
701 612 842 649 aulem
867 611 1075 660 quantum
1095 607 1145 647 ad
1168 617 1240 645 ra-

216 684 365 732 dicem,
389 685 460 733 sic,
484 683 582 735 qnia
614 694 699 721 una
724 683 785 720 cst
817 679 955 732 gratia
981 683 1152 730 gratum
1175 677 1239 715 sa—

218 756 344 803 cicns.
371 768 442 807 per
471 766 598 806 quam
621 752 827 791 inhabitat
848 751 977 790 Filius
1003 753 1042 789 et
1061 747 1241 800 Spiritus

217 829 396 873 sanctus-2
409 838 504 877 quui
517 828 573 864 est
586 823 705 863 radix
720 823 928 863 donorum
938 820 1238 872 gratuitorum,

217 898 274 936 sic
295 898 448 937 duntur
476 896 541 936 vel
575 896 803 935 mittuntur
832 894 978 934 eodem
1008 892 1133 932 dono.
1156 889 1241 930 Lo-

218 969 383 1020 quendo
401 971 542 1007 autem
560 970 769 1018 quantum
789 965 840 1005 ad
858 964 1066 1013 habitum,
1090 963 1148 1002 sic
1162 961 1243 1002 dis-

218 1039 516 1089 tinguendum,
531 1039 631 1091 quia
642 1038 817 1091 quidam
832 1038 1002 1077 babitus
1021 1038 1119 1076 sunt
1137 1045 1241 1087 pure

218 1110 424 1160 atfectiri,
465 1110 639 1162 quidam
673 1122 777 1162 pure
808 1108 1035 1161 cogiiitivi,
1067 1106 1239 1160 quidam

218 1183 357 1222 medii.
381 1182 425 1221 In
442 1181 655 1221 habitibus
669 1194 774 1234 pure
798 1180 1001 1220 211ffectivis
1015 1180 1138 1220 datur
1156 1179 1244 1218 sive

219 1253 398 1293 mittitur
418 1253 599 1306 Spiritus
619 1256 802 1301 sanctus,
824 1252 923 1304 quia
944 1251 981 1291 ei
998 1251 1245 1304 appropria-

219 1329 301 1365 tur.
326 1324 370 1364 ln
392 1324 604 1364 habitibus
622 1336 728 1376 pure
756 1323 983 1375 cognitivis
1012 1335 1090 1364 nec
1116 1323 1246 1365 Filius

218 1408 294 1436 nec
321 1396 499 1448 Spiritus
529 1399 698 1435 sanctus
724 1395 918 1448 proprie,
949 1396 1058 1436 sicut
1085 1396 1245 1437 dictum

218 1471 292 1514 est,
315 1467 509 1507 mittitur.
532 1466 579 1506 In
595 1467 808 1507 habitibus
836 1470 977 1508 autem
1003 1469 1157 1520 partim
1183 1481 1247 1509 co-

219 1539 406 1590 gnitivis‚
443 1539 599 1591 partim
627 1539 844 1588 allectivis,
865 1540 1100 1580 secundum
1134 1541 1246 1594 quod

219 1610 387 1650 diversa
407 1610 451 1650 in
474 1623 517 1651 se
535 1611 766 1662 continent,
783 1614 822 1652 et
840 1611 970 1651 filius
991 1612 1186 1664 mittitur,
1207 1617 1248 1653 et

220 1681 402 1734 Spiritus
422 1686 606 1723 sanctus.
642 1682 750 1723 Nam
779 1684 986 1735 cognitivi
1007 1685 1168 1725 ducunt
1204 1685 1251 1725 in·

221 1755 603 1795 manifestationem
652 1754 804 1804 Verbi,
851 1756 1035 1797 affectivi
1074 1757 1119 1796 in
1157 1770 1251 1797 ma—

221 1827 527 1867 nifestationem
557 1828 740 1868 Amoris.
764 1827 807 1868 Si
842 1831 985 1868 autem
1023 1829 1250 1882 loquamur

220 1903 430 1952 quantum
461 1900 513 1940 ad
541 1903 659 1940 actus
690 1904 1018 1952 consequentes⁷
1046 1901 1120 1954 qui
1146 1904 1246 1942 sunt

223 1971 477 2012 illuminatio
515 1971 751 2012 intellectus
791 1975 832 2012 et
876 1973 1050 2013 affectus
1086 1973 1251 2014 inflam-

225 2043 366 2094 matio,
395 2043 454 2083 sic
484 2042 672 2083 vocando
693 2042 869 2093 donum,
899 2044 943 2083 in
969 2043 1061 2083 aliis
1089 2047 1131 2084 et
1159 2045 1253 2086 aliis

223 2115 342 2156 donis
370 2115 601 2155 mittuntur
632 2115 668 2164 1;
701 2114 772 2155 „ed
807 2115 1011 2167 quoniam
1043 2116 1122 2156 ista
1153 2130 1255 2158 con-

219 2188 370 2239 junct-1
403 2190 525 2237 sunt,
556 2186 649 2226 ideo
691 2186 836 2227 missio
872 2186 965 2227 Filii
996 2191 1037 2228 et
1073 2188 1255 2241 Spiritus

225 2258 357 2298 sancti
379 2258 611 2297 invisibiles
625 2261 723 2297 sunt
738 2258 945 2309 indivisae,
960 2263 1000 2300 et
1020 2260 1256 2301 secundum

226 2328 305 2368 hoc
324 2328 558 2381 procedunt
584 2328 769 2369 rationes
788 2329 841 2369 ad
861 2331 1073 2383 oppositas
1100 2336 1253 2385 partes

227 2400 387 2441 Tamen
406 2401 507 2441 illud
529 2402 643 2454 quod
665 2402 834 2442 adducit
853 2416 929 2455 pro
946 2404 1073 2444 simili
1089 2405 1134 2445 in
1156 2406 1257 2445 mis—

229 2473 344 2513 sione
363 2472 565 2522 sensibili,
590 2485 860 2526 nequaquam
888 2479 949 2515 est
971 2476 1106 2517 simile
1122 2509 1132 2527 ,
1155 2476 1259 2530 quia

230 2557 316 2584 non
335 2548 397 2585 est
415 2547 532 2585 tanta
549 2545 653 2584 uuio
674 2548 714 2584 et
730 2547 938 2587 connexio
959 2546 1004 2587 in
1028 2548 1162 2600 signis
1181 2561 1258 2589 ex-

231 2622 469 2673 terioribus,
493 2624 651 2675 quanta
671 2625 732 2662 est
751 2622 795 2662 in
814 2622 1028 2666 habitibus
1048 2626 1263 2667 interiori—

235 2694 327 2734 bus.

565 2771 835 2821 QUAESTIO
866 2772 953 2813 Ill.

240 2863 299 2897 An
312 2862 340 2896 F
343 2863 427 2898 ilius
444 2864 473 2897 et
491 2862 651 2908 Spiritus
669 2866 809 2898 sanctus
827 2863 875 2897 acl
892 2864 1011 2899 eadem
1031 2864 1123 2900 dona
1137 2868 1268 2910 qratioe

490 2922 755 2967 aufflncnttmda
777 2924 974 2958 mittantur
992 2924 1016 2956 ².

297 3010 447 3051 Utrum
479 3012 622 3052 missio
644 3011 739 3052 Filii
770 3015 810 3052 et
839 3012 1020 3065 Spiritus
1051 3015 1183 3054 sancti
1218 3015 1271 3055 sit

243 3083 476 3123 secundum
496 3083 641 3123 eadem
666 3083 776 3124 dona
796 3085 946 3135 gratiae
966 3089 1266 3138 augmentata;

243 3158 284 3195 et
302 3154 416 3207 quod
436 3154 507 3203 sie,
530 3155 696 3194 videtur
710 3156 920 3208 exemplo,
943 3158 1209 3210 auctoritate,
1229 3162 1270 3199 et

243 3228 419 3267 ratione.
443 3226 645 3278 Exemplo
678 3227 736 3266 sic
757 3241 766 3267 ι
790 3227 956 3268 Constat
989 3229 1034 3269 in
1065 3230 1131 3270 die
1159 3230 1267 3271 Pen-

243 3302 417 3339 tecostes
461 3297 658 3350 apostolis
705 3311 792 3339 esse
832 3299 1037 3353 Spiritum
1075 3306 1269 3344 sanctum

291 3377 487 3410 ¹Consentit
505 3379 540 3410 S.
561 3378 695 3416 Thoai„
716 3388 749 3418 p.
771 3379 800 3419 1,
826 3389 859 3420 q.
877 3388 977 3420 xmu,
1005 3384 1068 3414 art.
1090 3384 1172 3414 3.—
1187 3384 1201 3405 2
1215 3384 1269 3425 Cs.

245 3438 340 3470 Alex.
362 3437 507 3478 Mensis,
529 3447 560 3478 p.
580 3438 606 3479 1,
618 3446 651 3478 q.
668 3445 766 3478 miii,
784 3439 910 3472 memb.
926 3442 955 3481 4,
967 3444 1028 3474 art.
1045 3444 1126 3474 3.-
1138 3443 1152 3466 ³
1166 3444 1270 3486 Beda,

247 3489 303 3520 lib.
324 3489 447 3520 Homz'l.

291 3548 332 3586 (a)
354 3545 449 3578 Edit.
471 3544 550 3577 Ven.
571 3543 765 3577 Confert.—
778 3544 820 3586 (b)
833 3546 925 3578 Edit.
953 3548 1028 3581 Ven.
1041 3553 1088 3583 ut.

975 229 1383 273 sttNTENTlARUM
1412 231 1507 272 LlB.
1543 232 1573 272 l.

1312 309 1488 360 missum
1506 333 1592 361 non
1612 324 1777 361 tantum
1796 321 2028 372 visibiliter,
2044 324 2115 364 sed
2131 326 2256 366 etiam
2277 326 2338 365 in-

1314 393 1544 441 visibiliter,
1568 394 1667 446 quia
1681 394 1824 434 missio
1838 394 2014 434 visibilis
2034 395 2124 436 sine
2139 396 2339 437 invisibili

1313 476 1397 504 non
1427 465 1638 504 confertur
1661 468 1712 515 (a)
1740 480 1747 506 :
1772 466 1839 505 sed
1870 466 1948 518 ipsi
1980 466 2099 519 prius
2129 467 2342 508 habebant

1313 535 1496 586 gratiam
1516 548 1525 576 :
1550 548 1667 587 ergo,
1690 540 1766 577 etc.

1369 606 1472 646 Item
1503 606 1582 647 hoc
1610 608 1778 648 videtur
1810 608 2057 649 auctoritate
2092 608 2268 650 Rabani.
2298 609 2343 650 In

1315 678 1521 730 baptismo
1554 678 1675 718 {latur
1696 678 1876 731 Spiritus
1908 683 2079 719 sanctus
2099 680 2149 720 ad
2180 680 2346 721 habita-

1315 748 1473 788 tionem
1504 747 1587 788 Deo
1622 751 1949 791 consecrandam
1980 766 1987 790 :
2022 751 2092 791 sed
2126 752 2170 791 in
2190 753 2346 792 contir-

1318 820 1501 859 matione
1535 831 1634 859 cum
1673 821 1787 860 omni
1814 821 2084 873 plenitudine
2117 823 2347 864 sanctitatis

1317 891 1432 931 venit
1454 890 1497 929 in
1517 890 1735 931 hominem
1759 907 1766 932 :
1794 905 1899 944 ergo
1918 893 2044 933 datur
2058 893 2103 934 in
2124 894 2347 935 confirma-

1317 962 1430 1003 tione
1450 965 1542 1015 post
1561 963 1820 1011 baptismum
1844 978 1852 1004 ;
1875 976 1995 1016 ergo,
2018 967 2096 1005 etc.

1373 1033 1501 1085 Item,
1530 1037 1813 1086 augmentum
1833 1037 1982 1086 gratiae
2014 1039 2075 1077 est
2101 1048 2175 1089 per
2195 1037 2347 1088 gratiae

1319 1105 1573 1146 additionem
1596 1117 1605 1145 :
1629 1105 1700 1146 sed
1725 1106 1801 1146 ubi
1829 1109 1891 1146 est
1913 1108 2063 1158 gratias
2084 1108 2237 1149 additio
2253 1141 2262 1159 ‚
2291 1108 2348 1149 ibi

1319 1177 1468 1228 gratiae
1481 1177 1649 1217 donatio
1667 1192 1674 1217 :
1692 1177 1763 1217 sed
1782 1166 1961 1229 Spiritus
1979 1182 2148 1220 sanctus
2166 1180 2349 1220 mittitur

1318 1249 1387 1288 vel
1416 1249 1553 1299 datur,
1584 1261 1683 1289 cum
1718 1249 1842 1289 datur
1871 1251 1961 1301 eJus
1993 1252 2146 1302 gratia,
2177 1254 2224 1292 ut
2252 1251 2349 1292 dicit

1319 1318 1429 1360 Beda
1449 1324 1462 1344 ³
1487 1335 1494 1361 :
1518 1332 1622 1372 ergo
1641 1320 1685 1359 in
1705 1323 1937 1371 augmento
1954 1322 2103 1373 gratiae
2120 1322 2258 1374 datur,
2282 1323 2348 1364 vel

1320 1391 1502 1431 mittitur
1524 1391 1705 1444 Spiritus
1718 1394 1901 1431 sanctus.

1376 1463 1479 1503 ltcm
1520 1475 1606 1504 non
1643 1463 1789 1503 minus
1815 1463 1975 1504 donum
2009 1467 2071 1504 est
2099 1465 2347 1508 charitatem

1321 1547 1585 1585 conservare,
1609 1547 1739 1587 quam
1761 1534 1961 1575 inchoare
1983 1549 1990 1575 :
2014 1547 2133 1587 ergo,
2156 1536 2189 1576 si
2213 1537 2347 1577 mitti—

1321 1609 1391 1646 tur
1420 1606 1451 1646 F
1455 1606 1568 1657 ilius⁷
1598 1606 1664 1647 vel
1682 1605 1864 1658 Spiritus
1884 1609 2072 1656 sanctus,
2095 1619 2193 1647 cum
2213 1609 2351 1660 gratia

1322 1678 1559 1727 inchoatur,
1583 1678 1717 1719 multo
1746 1678 1895 1718 fortius
1928 1690 2026 1718 cum
2044 1682 2316 1721 conservetur
2339 1693 2347 1719 z

1322 1749 1393 1790 sed
1431 1753 1708 1791 conservatur
1755 1762 1830 1802 per
1874 1754 2159 1802 augmentum
2194 1763 2203 1789 :
2250 1763 2353 1804 ergo

1323 1821 1504 1861 mittitur
1538 1822 1582 1861 in
1618 1824 1864 1873 augmento.

1379 1892 1531 1934 Contra
1553 1907 1561 1933 ε
1586 1895 1623 1933 1.
1656 1892 1836 1946 Spiritus
1862 1897 2032 1934 sanctus
2063 1907 2149 1935 non
2173 1895 2355 1935 mittitur

1325 1966 1369 2006 in
1385 1966 1605 2007 hominem
1623 1970 1670 2007 ut
1690 1966 1741 2006 de
1752 1978 1864 2007 novo
1881 1966 1934 2006 sit
1953 1966 1997 2006 in
2013 1978 2076 2018 eo,
2091 1967 2162 2008 sed
2176 1970 2223 2007 ut
2237 1967 2356 2008 aliter

1327 2039 1440 2079 sitin
1461 2038 1550 2092 ipso
1574 2053 1582 2079 ε
1607 2038 1676 2079 sed
1694 2038 1738 2078 in
1754 2050 1803 2078 eo
1822 2038 1867 2078 in
1887 2050 1973 2091 quo
1992 2042 2177 2091 augetur
2196 2040 2332 2092 gratia
2345 2072 2354 2087 ,

1327 2123 1413 2151 non
1434 2113 1496 2151 est
1514 2110 1636 2150 aliter
1661 2122 1709 2150 ac
1732 2109 1779 2162 (b)
1803 2109 1922 2162 prius
1941 2122 2068 2162 :ergo
2078 2111 2131 2151 ad
2150 2111 2252 2152 illud
2271 2124 2357 2152 non

1330 2181 1532 2222 mittitur.

1384 2257 1424 2295 2.
1445 2253 1571 2305 Item,
1592 2253 1626 2293 si
1653 2253 1836 2293 mittitur
1854 2253 1898 2293 in
1923 2258 2156 2306 augmento
2185 2255 2359 2306 gratias,

1331 2330 1405 2367 aut
1444 2337 1547 2377 ergo
1569 2325 1669 2378 quia
1706 2325 1755 2365 de
1795 2337 1906 2366 novo
1952 2326 2148 2377 mittitur,
2169 2329 2243 2367 aut
2259 2327 2360 2380 quia

1333 2396 1620 2439 abundantius
1647 2396 1829 2436 mittitur
1859 2411 1866 2435 ;
1895 2409 1982 2437 non
2004 2397 2104 2450 quia
2136 2397 2186 2438 de
2219 2410 2362 2439 novo:

1335 2481 1438 2520 ergo
1471 2468 1571 2521 quia
1601 2467 1901 2509 abundantius.
1937 2467 2017 2509 Sed
2053 2472 2229 2510 contra:
2258 2469 2365 2509 Mitti

1336 2544 1397 2581 est
1419 2538 1643 2593 procedere
1666 2552 1675 2580 :
1701 2552 1805 2592 ergo
1828 2540 2117 2581 abundantius
2146 2541 2282 2592 mitti,
2307 2545 2369 2582 est

1337 2611 1621 2651 abundantius
1649 2611 1873 2664 procedere
1895 2627 1903 2653 :
1927 2613 1998 2653 sed
2021 2625 2188 2667 semper
2219 2625 2366 2666 aequa-

1337 2683 1435 2724 liter
1454 2683 1642 2735 procedit
1663 2698 1672 2723 :
1693 2695 1813 2735 ergo,
1836 2687 1914 2724 etc.

1395 2758 1433 2795 3.
1453 2754 1581 2805 Item,
1604 2754 1639 2795 si
1667 2754 1847 2795 mittitur
1872 2755 1918 2795 in
1943 2757 2092 2808 gratiae
2116 2760 2364 2809 augmento,

1341 2839 1440 2866 cum
1457 2838 1560 2878 ergo
1580 2827 1717 2877 gratia
1737 2826 1781 2865 in
1806 2827 1927 2867 nobis
1952 2827 2137 2880 quotidie
2161 2831 2371 2880 augeatur

1343 2898 1471 2938 etiam
1492 2898 1669 2938 homine
1691 2898 1902 2939 nesciente
1916 2931 1925 2948 ‚
1947 2899 2114 2941 videtur
2133 2900 2246 2953 quod
2273 2900 2369 2954 Spi-

1344 2971 1450 3011 ritus
1481 2973 1666 3019 sanctus‚
1696 2970 1763 3010 vel
1792 2970 1945 3022 Filius,
1978 2972 2170 3012 mittatur
2198 2972 2371 3014 homine

1344 3042 1570 3091 nesciente,
1586 3044 1625 3082 et
1636 3041 1749 3094 quod
1767 3042 1953 3094 quotidie
1972 3043 2166 3084 mittatur
2179 3043 2343 3085 homini
2362 3059 2370 3086 :

1346 3113 1459 3166 quod
1479 3126 1564 3154 non
1584 3115 1645 3153 est
1661 3113 1904 3155 dicendum.

1401 3188 1439 3225 4.
1477 3184 1595 3236 Item,
1630 3185 1827 3226 convenit
1862 3185 2044 3238 gratiam
2081 3187 2294 3228 charitatis
2325 3188 2372 3229 in

1348 3256 1490 3309 aliquo
1519 3269 1593 3310 per
1628 3257 1936 3310 negligentiam
1964 3258 2150 3317 remitti:
2174 3271 2292 3312 ergo,
2336 3260 2373 3300 si

1349 3327 1528 3380 Spiritus
1547 3331 1717 3369 sanctus
1730 3329 1912 3370 mittitur
1927 3328 1972 3368 in
1988 3334 2236 3382 augmento,
2259 3334 2300 3372 et
2312 3343 2376 3373 re-

1349 3399 1458 3439 cedit
1489 3398 1536 3438 in
1565 3401 1812 3442 remissione
1835 3415 1843 3441 :
1863 3412 1981 3452 ergo,
2018 3402 2188 3454 quando
2223 3403 2374 3456 aliquis

1349 3473 1492 3524 peccat
1509 3471 1742 3524 venialiter,
1764 3472 1900 3527 perdit
1915 3470 2123 3525 Spiritum
2142 3478 2339 3518 sanctum
2360 3489 2372 3518 ε

1350 3542 1630 3595 quodfalsum
1646 3550 1725 3586 est.

2405 1923 2447 1949 ,xri
2465 1931 2514 1958 op—

2395 1973 2455 2000 pos.
