2613 3990
1201 207 1452 250 DISTINCT.
1484 207 1567 248 XX.

337 304 398 341 est
412 301 470 340 ibi
485 310 564 354 quo
579 304 655 351 θεῖ,
674 302 714 340 θῖ
733 299 844 353 quod
857 302 931 349 θεῖ,
949 300 1158 350 quantum
1171 309 1223 337 ex
1239 300 1355 350 parte

336 371 411 412 rei.
434 370 483 411 Et
504 371 597 412 ideo
620 371 726 411 sicut
746 380 825 423 quo
848 373 908 410 θεῖ
927 370 988 408 θεῖ
1007 367 1357 408 communicabile

335 441 548 494 pluribus,
586 441 780 495 quamvis
812 452 898 480 non
934 437 1262 490 multiplicabile,
1300 438 1357 478 ita

335 513 475 567 ipsum
493 513 606 567 quod
624 517 696 555 θεῖ.
718 512 833 553 Unde
849 521 1074 563 possumus
1091 508 1225 549 dicere
1245 509 1358 561 quod

335 584 551 638 pluralitas
581 594 857 637 personarum
887 580 1075 621 medium
1104 582 1218 620 tenet
1250 579 1358 620 inter

334 656 447 697 idem
468 668 662 706 numero,
690 656 730 696 et
756 654 971 695 diversum
992 666 1000 692 :
1030 652 1225 704 quamvis
1244 651 1358 691 enim

335 727 477 780 ipsum
497 726 608 780 quod
627 730 687 768 θεῖ
709 737 796 766 11011
823 726 1086 773 numeretur,
1109 724 1360 763 numeratur

336 800 477 839 tamen
504 798 593 852 ipse
615 798 690 851 qui
714 800 788 838 θεῖ.
816 794 932 836 Unde
961 797 1059 836 sunt
1086 794 1144 834 ihi
1174 794 1235 848 (a)
1262 794 1356 847 plu-

334 880 400 909 res
419 870 508 922 qui.

390 944 427 980 1.
460 939 511 980 Et
535 939 617 980 hoc
645 939 738 981 vult
768 938 903 980 dicere
932 937 1228 985 Damascenus,
1261 948 1360 976 cum

334 1011 455 1052 dicit¹
477 1023 487 1051 :
516 1026 535 1050 (ι
553 1010 754 1061 Numero,
771 1022 859 1051 non
876 1012 1042 1059 natura,
1059 1007 1259 1049 differunt
1280 1007 1360 1059 hy-

333 1085 531 1137 postases
547 1096 566 1119 1)
599 1081 677 1122 Per
703 1082 813 1122 hanc
836 1082 951 1122 enim
972 1080 1243 1127 additionem,
1276 1089 1361 1120 mm

334 1158 506 1204 natura,
539 1152 625 1206 ipse
661 1153 872 1193 contraxit
900 1152 1180 1193 differentiam
1211 1163 1360 1191 secun-

335 1224 439 1266 dum
452 1236 696 1275 numerum,
711 1224 798 1265 sive
812 1223 1002 1264 distraxit
1015 1223 1066 1263 ad
1081 1222 1361 1263 differentiam

335 1296 512 1346 ratione,
527 1298 574 1336 ut
590 1296 679 1349 ipse
693 1295 790 1336 dicit
802 1296 848 1335 in
866 1295 972 1336 libro
988 1295 1124 1347 primo
1136 1298 1149 1319 2
1167 1309 1174 1332 :
1198 1309 1216 1331 «
1235 1292 1363 1346 Opor-

335 1369 407 1415 tet,
441 1367 595 1420 inquit,
626 1367 730 1408 scire
757 1367 867 1420 quod
889 1366 1002 1407 aliud
1028 1368 1090 1406 est
1117 1366 1283 1406 differre
1300 1376 1360 1416 re,

335 1437 449 1478 aliud
467 1438 644 1479 ratione.
664 1438 723 1478 'ln
752 1438 952 1479 omnibus
981 1436 1196 1486 creaturis,
1222 1436 1361 1489 hypo-

335 1511 496 1550 stasum
517 1510 668 1551 divisio
687 1523 733 1551 re
756 1509 1058 1560 consideratur,
1081 1508 1364 1549 communitas

335 1593 437 1624 vero
467 1582 649 1632 ratione;
684 1581 729 1621 in
759 1593 927 1622 summa
944 1592 1060 1631 vero,
1094 1583 1133 1620 et
1152 1581 1196 1621 in
1217 1594 1364 1634 super-

335 1652 597 1693 substantiali
613 1652 829 1701 Trinitate‚
849 1654 911 1692 est
927 1663 949 1692 e
966 1663 1184 1692 converso.
1201 1667 1219 1690 ›)
1246 1652 1362 1695 Unde

337 1736 437 1764 cum
462 1723 680 1765 diversitas
711 1723 944 1764 secundum
963 1735 1196 1764 numerum
1225 1724 1361 1776 faciat,

334 1794 423 1836 sive
459 1798 588 1844 notet,
630 1794 916 1835 diversitatem
958 1794 1003 1834 in
1035 1806 1080 1835 re
1114 1797 1154 1835 θῖ
1192 1798 1359 1848 natura,

334 1866 502 1920 proprie
519 1866 744 1920 loquendo,
764 1865 846 1906 nisi
862 1877 1018 1906 nomen
1038 1866 1287 1907 diversitatis
1302 1880 1362 1909 se-

334 1939 523 1980 cundum
553 1951 786 1980 numerum
815 1938 1073 1980 distrahatur
1101 1941 1153 1981 ad
1184 1940 1362 1982 distinc—

333 2009 494 2050 tionem
513 2010 843 2063 suppositorum,
865 2021 952 2050 non
968 2013 1029 2051 θεῖ
1047 2011 1361 2053 concedendum

333 2082 448 2135 quod
469 2082 522 2122 sit
540 2082 599 2122 ibi
624 2082 843 2123 diversitas
871 2081 1106 2123 secundum
1132 2096 1362 2125 numerum

333 2166 627 2207 personarum,
657 2155 747 2197 sive
771 2155 1063 2208 hypostasum.
1092 2154 1143 2195 Et
1167 2155 1246 2197 hoc
1271 2157 1363 2197 vult

333 2226 470 2268 dicere
499 2227 794 2280 Damascenus,
818 2228 987 2281 quando
1014 2228 1114 2269 dicit
1138 2229 1251 2282 quod
1277 2230 1362 2283 hy-

333 2300 518 2351 postases
552 2299 755 2340 differunt
788 2311 988 2351 numero,
1031 2312 1132 2351 non,
1166 2300 1358 2354 inquam,

333 2381 514 2410 numero
542 2370 616 2423 qui
646 2370 746 2411 dicit
770 2370 1054 2411 diversitatem
1083 2371 1128 2411 in
1152 2384 1198 2412 re
1224 2374 1265 2413 et
1283 2385 1361 2413 na-

333 2442 444 2492 tura,
465 2440 537 2481 sed
555 2441 629 2494 qui
650 2441 749 2482 dicit
767 2441 1046 2482 differentiam
1063 2442 1107 2482 111
1125 2444 1359 2496 proprieta-

331 2512 445 2553 tibus
471 2516 512 2554 et
537 2514 753 2566 relatione,
789 2517 942 2555 natura
970 2528 1135 2569 semper
1164 2519 1361 2558 manente

332 2583 460 2624 unica
478 2586 518 2626 et
535 2584 731 2627 indivisa.
753 2585 816 2627 Ex
836 2586 915 2628 hoc
934 2588 1048 2640 patet
1066 2587 1172 2628 illud
1190 2587 1360 2629 Damas-

334 2666 444 2696 cem.

2377 210 2447 247 341

1483 300 1522 337 2.
1551 296 1615 336 Ad
1643 296 1749 336 illud
1774 295 1886 348 quod
1912 296 2094 336 secundo
2114 294 2321 348 objicitur,
2343 296 2457 348 quod

1430 379 1610 408 numero
1638 367 1838 407 differunt
1864 377 1911 406 ea
1933 378 2028 419 quae
2051 368 2356 417 numerantur3
2388 366 2456 407 di-

1431 439 1612 479 cendum
1639 438 1750 490 1111οῑ1
1771 449 1924 478 verum
1951 439 2025 487 est,
2049 437 2148 489 quia
2167 450 2215 478 eo
2237 437 2360 478 modo
2379 437 2457 478 dit-

1429 510 1583 559 ferunt,
1608 522 1693 562 quo
1713 509 1837 549 modo
1858 510 2138 548 numerantur
2160 520 2169 547 :
2192 508 2262 548 sed
2278 520 2365 549 non
2381 521 2457 548 nu-

1430 582 1651 621 merantur
1672 580 1754 619 nisi
1779 581 1987 632 quantum
2016 578 2068 618 ad
2096 590 2310 631 personas,
2338 581 2378 619 et
2401 579 2458 618 ita

1430 664 1516 692 non
1544 651 1758 701 differunt,
1789 650 1871 691 nisi
1899 661 2078 690 numero
2101 649 2396 702 hypostasum,
2419 652 2460 690 et

1431 722 1700 777 proprietate.

1488 797 1525 834 3.
1556 794 1619 835 Ad
1638 793 1741 834 illud
1760 793 1873 846 quod
1893 792 2104 845 oincitur,
2129 791 2242 844 quod
2261 803 2357 844 quae
2382 791 2460 832 dif-

1433 866 1588 913 ferunt,
1617 866 1720 915 etc.;
1753 864 2103 916 distinguendum
2124 865 2185 903 est
2211 863 2257 903 in
2275 863 2356 903 1100
2380 875 2461 904 110-

1434 937 1549 978 mine
1579 947 1633 986 re,
1666 936 1767 989 quia
1795 938 1930 988 potest
1964 935 2101 976 dicere
2133 937 2344 985 naturam,
2374 934 2462 975 sive

1435 1008 1671 1058 essentiam,
1693 1011 1733 1048 et
1752 1010 1886 1061 potest
1903 1007 2038 1047 dicere
2056 1019 2280 1060 personam
2305 1019 2314 1047 ε
2337 1006 2370 1046 si
2396 1006 2462 1046 di-

1436 1082 1501 1119 cat
1520 1079 1742 1120 essentiam
1759 1081 1798 1119 et
1817 1082 2029 1128 naturam,
2051 1090 2204 1118 verum
2219 1079 2303 1127 est3
2325 1077 2358 1117 si
2375 1089 2463 1130 per-

1436 1163 1597 1202 sonam,
1628 1151 1782 1191 falsum
1808 1153 1882 1201 est,
1914 1152 1954 1190 et
1978 1161 2066 1190 non
2085 1149 2212 1190 hahet
2232 1148 2373 1190 locum
2392 1149 2463 1189 illa

1436 1223 1599 1264 divisio.

1490 1298 1528 1335 4.
1563 1295 1626 1335 Ad
1655 1295 1759 1335 illud
1791 1294 1903 1347 quod
1932 1294 2146 1346 objicitur,
2180 1293 2294 1346 quod
2323 1292 2464 1334 unitas

1436 1367 1604 1407 numeri
1638 1367 1696 1420 (b)
1736 1367 1904 1419 respicit
1939 1366 2202 1407 identitatem
2244 1365 2461 1418 suppositi,

1437 1437 1661 1478 dicendum
1690 1437 1818 1490 quod,
1854 1437 1887 1476 si
1915 1436 2183 1490 suppositum
2209 1435 2371 1476 dicatur
2395 1435 2464 1488 ip-

1437 1522 1532 1550 sum
1558 1510 1671 1562 quod
1695 1513 1769 1560 est,
1791 1512 1894 1550 tunc
1915 1510 2137 1550 veritatem
2161 1509 2306 1558 habet3
2330 1508 2364 1548 si
2383 1520 2464 1548 au-

1436 1585 1522 1623 tem
1542 1582 1702 1622 dicatur
1731 1582 1819 1634 ipse
1845 1582 1921 1634 qni
1949 1584 2022 1633 est,
2051 1581 2139 1622 sive
2164 1593 2357 1634 persona,
2378 1592 2465 1621 non

1436 1654 1563 1695 habet
1581 1654 1815 1704 veritatem,
1835 1654 1915 1694 nisi
1933 1654 1978 1694 in
2002 1654 2068 1694 his
2086 1654 2131 1694 in
2150 1654 2304 1707 quibus
2327 1653 2465 1694 differt

1437 1736 1516 1779 quo
1535 1730 1610 1776 θεῖ,
1631 1729 1670 1767 et
1686 1725 1799 1779 quod
1818 1729 1889 1768 θεῖ.
1911 1725 2028 1767 Unde
2048 1725 2217 1779 proprie
2232 1724 2460 1777 loquendo,

1437 1798 1655 1839 diversitas
1679 1799 1913 1840 secundum
1932 1810 2164 1839 numerum
2184 1796 2374 1850 sequitur
2393 1796 2465 1849 ip-

1436 1883 1532 1910 sum
1560 1870 1672 1923 quod,
1701 1875 1786 1922 θεῖ,
1817 1872 1857 1911 et
1884 1870 1930 1910 111
1955 1869 2110 1911 divinis
2134 1881 2222 1910 non
2251 1868 2378 1910 habet
2402 1868 2464 1910 lo-

1437 1954 1552 1983 cum.

1491 2016 1529 2055 5.
1563 2013 1626 2054 Ad
1650 2013 1753 2054 illud
1775 2012 1889 2066 quod
1907 2012 2020 2053 idem
2047 2014 2088 2053 et
2106 2012 2325 2054 diversum
2344 2012 2462 2053 suffi-

1436 2086 1589 2127 cienter
1608 2086 1803 2126 dividunt
1819 2098 1907 2136 ens,
1930 2097 2032 2137 ergo
2052 2084 2166 2125 idem
2180 2096 2376 2135 numero,
2396 2084 2464 2125 vel

1436 2156 1673 2207 diversum3
1703 2156 1928 2197 dicendum
1957 2156 2070 2209 quod
2097 2155 2203 2196 illud
2230 2167 2384 2196 verum
2403 2157 2465 2196 est

1435 2228 1480 2267 in
1509 2240 1603 2269 ente
1628 2228 1742 2281 quod
1761 2230 1911 2268 natum
1930 2230 1992 2268 est
2011 2227 2245 2277 numerari,
2266 2227 2374 2267 sicut
2390 2239 2465 2267 ens

1436 2302 1659 2341 creatum:
1689 2300 1760 2341 sed
1784 2300 1830 2340 in
1862 2302 1956 2340 ente
1987 2299 2170 2340 increato
2197 2299 2278 2340 hoc
2309 2299 2460 2340 deficit.

1436 2371 1553 2412 Unde
1586 2371 1795 2421 llilarim,
1830 2371 1881 2413 cle
1916 2371 2126 2414 Trinicace
2162 2385 2170 2412 :
2199 2386 2218 2410 ε(
2245 2370 2377 2412 Deum
2409 2383 2462 2411 ex

1434 2442 1517 2483 Deo
1535 2446 1699 2493 natum,
1713 2455 1789 2484 nec
1805 2443 2004 2484 eumdem
2016 2443 2225 2493 nativitaS,
2240 2455 2317 2484 nec
2331 2442 2462 2483 alium

1435 2526 1524 2555 esse
1550 2517 1705 2555 natura
1732 2515 1935 2568 permittit
1953 2529 1961 2556 :
1977 2528 1996 2551 1)
2024 2514 2154 2566 etita,
2175 2514 2283 2555 sicut
2302 2513 2460 2554 dictum

1435 2589 1510 2636 est,
1544 2588 1656 2627 tenet
1687 2587 1877 2629 medium
1901 2586 2010 2628 inter
2036 2586 2148 2628 idem
2175 2588 2216 2628 et
2242 2586 2459 2629 diversum

1433 2669 1629 2699 numero.

1066 2857 1588 2921 DISTINCTIO
1643 2859 1768 2919 XX

393 3008 568 3041 OSTENSO
600 3011 706 3047 QUOD
736 3012 886 3047 ALIQUA
915 3011 1178 3042 PERSONARUM
1210 3011 1336 3041 ALIAM
1363 3010 1445 3041 NON
1475 3011 1654 3041 SUPERAT
1684 3011 1963 3041 MAGNITUDINE
1978 3030 1990 3053 5
2024 3011 2129 3041 NUNC
2151 3010 2399 3042 OSTENDITUR

907 3084 1013 3120 QUOD
1042 3085 1139 3114 ALIA
1175 3084 1256 3114 NON
1283 3084 1480 3113 EXCELLIT
1509 3083 1637 3113 ALIAM
1666 3083 1880 3113 POTENTIA.

389 3217 518 3263 Nunc
546 3220 769 3265 ostendere
798 3225 951 3277 restat,
978 3236 1065 3281 quo
1094 3220 1223 3265 modo
1253 3220 1400 3280 aliqua
1422 3219 1581 3264 harum
1600 3234 1887 3279 personarum
1907 3220 2038 3263 aliam
2059 3234 2148 3264 non
2167 3219 2347 3264 excellat
2366 3233 2441 3278 po-
2489 3245 2613 3273 eonem-

335 3295 495 3352 tentia3
519 3302 583 3355 ut,
607 3297 717 3342 sicut
735 3313 825 3342 una
844 3302 886 3341 θῖ
904 3298 1155 3343 indifferens
1186 3302 1249 3342 est
1278 3297 1534 3356 magnitudo
1563 3297 1720 3354 trium,
1745 3297 1805 3341 ita
1835 3312 1926 3341 una
1959 3303 2000 3340 et
2029 3297 2282 3341 indifferens
2308 3311 2452 3340 mons-
2487 3286 2529 3313 ⁵1⁰
2551 3295 2613 3321 ‘³¹¹ae

2472 3330 2514 3354 est
2529 3328 2613 3354 tertia

336 3375 478 3416 tretur
497 3375 690 3433 potentia
709 3376 858 3420 trium.
881 3375 1116 3420 Sciendum
1144 3381 1206 3421 est
1227 3391 1346 3434 erge,
1379 3375 1484 3435 quia
1510 3390 1599 3418 non
1631 3380 1694 3419 est
1721 3375 1938 3434 potentior
1965 3375 2094 3419 Pater
2122 3374 2262 3431 Filio,
2284 3389 2362 3419 nec
2380 3374 2452 3418 Fi·
2471 3377 2613 3405 P³s⁵⁰⁰¹¹‘

2479 3409 2612 3437 clusionis

374 3485 384 3507 ¹
405 3486 502 3519 Joan.
523 3488 692 3528 Damaso„
718 3489 757 3521 de
783 3489 865 3521 Fide
883 3489 1024 3528 orthod„
1045 3489 1103 3521 lib.
1127 3490 1193 3530 111,
1213 3499 1243 3522 c.
1260 3498 1294 3522 v1
1322 3489 1357 3521 in
1375 3488 1522 3530 princip.
1536 3505 1575 3512 -
1591 3489 1601 3511 ¹
1618 3488 1718 3531 Ibid„
1737 3489 1796 3522 lib.
1819 3491 1852 3531 1,
1873 3500 1903 3522 c.
1917 3497 1964 3523 111.

377 3544 420 3586 (α)
439 3545 532 3581 Edit.
553 3548 632 3581 Ven.
655 3548 703 3591 hi,
725 3549 792 3582 loco
811 3549 874 3591 ibi,
893 3559 1122 3592 perper-am.—-
1139 3549 1180 3592 (b)
1200 3551 1281 3584 Caet.
1297 3549 1378 3582 edit.
1398 3558 1556 3582 numero.
