2613 3990
266 289 339 327 136

318 376 436 429 Item,
457 378 490 418 si
506 389 624 432 posse
643 380 704 421 est
717 379 829 420 aliud
844 382 881 419 et
900 379 1014 420 aliud
1028 395 1036 431 ;
1052 393 1148 421 cum
1163 393 1284 434 posse

263 459 467 499 generare
504 452 694 504 respiciat
720 463 965 504 personam,
996 464 1115 505 posse
1145 465 1284 493 creare

263 523 481 571 naturam3
505 534 607 573 crgo
624 526 774 563 natura
795 526 835 562 et
855 535 1033 575 persona
1051 527 1145 564 sunt
1170 524 1252 564 duo
1273 539 1281 564 ε

264 603 367 643 ergo
386 605 462 633 nec
481 597 632 635 natura
652 595 701 635 de
722 607 900 647 persona
913 627 922 643 ,
945 608 1022 636 1100
1040 609 1061 637 e
1082 608 1283 637 converso

263 661 415 703 dicitur
436 676 446 703 ε
468 665 581 717 quod
599 669 660 705 est
678 666 850 706 omnino
869 667 1038 708 falsum.

318 734 440 785 Item,
475 736 509 775 si
542 740 604 776 est
632 737 841 778 distinctio
868 738 977 779 inter
1003 752 1122 792 posse
1152 753 1284 792 gene—

263 817 374 856 rare,
409 808 448 846 et
479 818 597 858 posse
627 820 787 860 creare,
817 822 920 862 ergo
952 813 1013 851 est
1044 811 1100 851 ibi
1132 812 1234 853 ordo
1269 827 1277 853 :

263 888 407 929 quwro
426 888 548 928 ergo,
570 879 672 931 quid
690 879 743 920 sit
763 880 884 933 prius
902 882 1135 923 secundum
1156 884 1282 924 ratio-

262 960 360 988 nem
391 948 655 1001 intelligendi
687 965 695 992 :
727 954 765 992 et
795 953 908 1005 quod
938 954 1123 1006 potentia
1152 968 1285 1007 gene-

263 1019 405 1069 randi,
441 1020 631 1072 videtur3
666 1023 767 1075 quia
798 1026 859 1064 est
884 1027 1077 1077 respectu
1111 1026 1282 1078 aeterni,

263 1093 303 1131 θῖ
321 1094 531 1132 seternum
554 1096 650 1134 ante
670 1095 913 1148 temporale.

316 1163 394 1204 Sed
412 1167 557 1205 contra
574 1179 582 1205 :
604 1165 841 1207 Intellectus
859 1168 1099 1209 communis
1115 1171 1285 1212 estante

264 1235 521 1276 intellectum
553 1238 711 1291 proprii
745 1253 754 1279 ε
789 1239 861 1280 5θά
895 1241 1083 1292 potentia
1117 1243 1284 1284 creandi

262 1305 362 1346 dicit
389 1318 615 1348 commune
646 1308 803 1360 trihus,
835 1310 1021 1362 potentia
1054 1313 1284 1364 generandi

264 1377 484 1430 proprium
505 1377 640 1420 Patris
661 1391 671 1420 :
694 1392 818 1432 ergo,
843 1383 920 1422 etc.

626 1504 926 1549 CONCLUSIO.

261 1588 359 1623 Posse
377 1598 544 1633 qenerczre
556 1616 565 1632 ‚
595 1592 629 1625 et
644 1601 744 1636 posse
763 1601 899 1635 creare,
928 1596 1009 1628 sunt
1029 1595 1171 1631 unicum
1187 1606 1286 1642 posse

464 1659 501 1684 re
519 1651 612 1695 ipsa,
634 1650 716 1701 {tret-
734 1653 876 1687 ratz'one
894 1652 1077 1698 differant.

315 1737 438 1791 Resp.
458 1739 509 1779 ad
524 1739 628 1792 Arg.
650 1740 880 1781 Dicendum
896 1742 1009 1794 quod
1026 1755 1145 1795 posse
1159 1757 1285 1796 gene-

263 1821 357 1851 rare
377 1812 416 1850 et
443 1823 561 1863 posse
587 1824 728 1853 creare
749 1815 847 1853 sunt
862 1824 982 1866 posse
1001 1816 1198 1868 unicum,
1221 1820 1282 1858 ta-

264 1891 362 1920 men
399 1880 620 1934 dupliciter
655 1883 828 1924 dictum.
867 1884 1008 1925 Unum
1045 1887 1158 1927 enim
1198 1900 1287 1929 esse

263 1954 324 1991 est
344 1950 388 1991 in
413 1964 482 2004 re,
508 1966 595 1994 esse
622 1953 813 2007 Patrem,
843 1959 884 1997 et
908 1969 996 1998 esse
1023 1957 1180 2010 Deum3
1207 1961 1287 2001 dif-

263 2023 401 2066 ferens
439 2027 582 2066 autem
615 2028 850 2069 secundum
887 2030 1096 2070 rationem
1128 2031 1313 2072 intelli-i

263 2095 390 2147 gendi
421 2110 428 2136 :
458 2096 558 2149 quia
578 2099 687 2151 quod
717 2102 778 2139 est
801 2100 1043 2142 ahsolutum
1072 2115 1169 2143 cum
1196 2103 1286 2145 dico

265 2177 353 2206 esse
372 2166 506 2208 Deum
520 2201 530 2220 ,
551 2169 663 2210 idem
686 2174 748 2211 est
766 2172 946 2214 relatum
968 2187 1066 2214 cum
1087 2175 1179 2216 dico
1199 2188 1286 2217 esse

265 2235 432 2278 Patrem
456 2251 463 2277 :
486 2240 679 2282 similiter
698 2245 739 2282 et
761 2243 806 2283 in
829 2255 947 2296 posse
966 2248 1027 2286 est
1046 2246 1288 2300 intelligen-

264 2309 381 2351 dum.
402 2310 518 2353 Unde
531 2345 541 2363 ,
567 2313 676 2354 sicut
694 2316 873 2356 essentia
893 2319 933 2357 et
953 2330 1130 2370 persona
1150 2332 1287 2361 unum

263 2385 363 2422 sunt
384 2383 429 2423 in
448 2396 516 2435 re,
538 2387 681 2427 tamen
707 2390 768 2427 est
793 2387 1029 2430 differentia
1049 2391 1224 2432 rationis
1244 2393 1287 2432 in

265 2454 541 2507 intelligendo
555 2489 565 2507 ,
582 2461 623 2498 et
647 2458 691 2499 in
711 2459 912 2511 dicendo;
933 2462 1125 2503 similiter
1149 2464 1285 2505 dicen·

266 2526 370 2567 dum
391 2530 452 2568 est
470 2528 519 2569 de
539 2531 726 2582 potentia
744 2533 977 2584 generandi
991 2566 1001 2585 ‚
1024 2537 1065 2575 θῖ
1084 2536 1251 2577 creandi
1275 2551 1284 2579 ε

264 2597 371 2638 sicut
397 2602 459 2640 est
489 2600 547 2640 ibi
571 2601 808 2644 differentia
832 2616 920 2644 non
944 2618 1011 2657 re⁷
1043 2607 1114 2647 sed
1140 2619 1287 2649 secun-

264 2670 367 2711 dum
397 2671 633 2724 rationem3
664 2674 723 2715 ita
751 2679 810 2716 est
837 2677 895 2716 ibi
923 2678 1025 2718 ordo
1055 2680 1289 2721 secundum

265 2742 473 2784 rationem
499 2744 778 2799 intelligendi.
808 2747 947 2799 Unde,
973 2751 1207 2791 secundum
1232 2753 1290 2793 di-

266 2825 407 2855 versas
421 2817 769 2869 comparationes,
785 2819 943 2860 habent
956 2820 1088 2862 alium
1101 2825 1142 2863 et
1156 2823 1287 2864 alium

267 2886 474 2928 ordinem.
494 2888 783 2942 Comparando
801 2892 916 2932 enim
935 2905 1054 2945 posse
1072 2907 1227 2945 creare,
1248 2899 1290 2936 et

267 2970 387 3010 posse
416 2972 644 3013 generare,
672 2963 722 3004 ad
750 2963 852 3004 illud
882 2966 1004 3017 cujus
1035 2970 1156 3017 sunt;
1188 2981 1286 3009 cum

266 3042 385 3082 posse
412 3043 552 3073 creare
575 3034 629 3074 sit
651 3037 817 3076 naturae
831 3067 840 3085 ‚
865 3048 984 3090 posse
1010 3050 1215 3090 generare
1237 3041 1290 3081 sit

267 3109 481 3151 personae,
515 3104 556 3142 et
580 3102 816 3146 intellectus
844 3107 1082 3147 communis
1103 3111 1164 3149 est
1192 3112 1289 3152 ante

269 3169 527 3212 intellectum
563 3175 746 3228 proprii3
787 3176 846 3217 510
880 3177 1037 3231 absque
1078 3180 1292 3222 calumnia

269 3241 384 3294 prior
412 3245 497 3293 θεῖ,
515 3247 747 3287 secundum
773 3249 981 3290 rationem
1001 3250 1288 3306 intelligendi,

268 3313 456 3366 potentia
502 3317 683 3358 creandi.
725 3319 1012 3373 Comparando
1058 3326 1200 3365 autem
1238 3326 1289 3366 ad

267 3383 371 3425 illud
411 3385 463 3426 ad
499 3388 612 3440 quod
657 3391 931 3444 ter1ninatur3
970 3406 1068 3435 cum
1102 3396 1289 3448 potentia

265 3456 434 3497 creandi
467 3458 662 3512 respiciat
689 3463 940 3515 temporale,
970 3467 1157 3518 potentia
1183 3481 1287 3510 vero

264 3529 497 3578 generandi
527 3533 762 3583 aeternum3
791 3535 905 3587 prior
931 3539 1015 3588 est,
1048 3540 1287 3581 secundum

266 3597 472 3640 rationem
498 3601 785 3658 intelligendi,
815 3608 1000 3660 potentia
1022 3612 1282 3662 generandi,

1027 291 1431 335 SENTENTIARUM
1460 294 1557 336 LlB.
1592 295 1621 336 1.

1360 396 1487 437 quam
1507 387 1694 439 potentIa
1710 387 1872 428 creandi
1896 399 1905 428 τ
1925 387 2038 428 etsie
2053 389 2196 441 patent
2213 387 2375 441 objecta

1360 455 1409 496 de
1437 457 1595 498 ordine.
1628 458 1908 500 Concedendae
1935 462 2033 499 sunt
2064 471 2166 511 ergo
2193 459 2375 500 rationes

1360 529 1623 571 ostendentes
1641 531 1753 583 quod
1777 543 1863 570 non
1882 530 2083 570 differunt
2105 542 2223 583 posse
2244 542 2372 583 genc-

1360 611 1476 651 rare,
1498 604 1539 642 et
1558 614 1676 655 posse
1700 614 1860 651 creare,
1886 602 2122 642 differentia
2143 602 2374 643 secundum

1360 683 1469 721 rem,
1492 673 1581 713 sive
1601 673 1833 714 secundum
1854 673 2094 714 essentiam.

1415 747 1451 783 1.
1475 743 1538 785 Ad
1565 744 1665 785 illud
1689 745 1801 798 quod
1817 745 2038 797 objicitur,
2069 744 2182 797 quod
2207 744 2289 784 alio
2317 750 2376 784 est

1360 813 1488 866 Deus,
1522 815 1603 856 alio
1629 815 1772 867 Pater3
1800 816 2040 865 dicendum,
2068 815 2181 869 quod
2204 815 2380 867 Augus-

1361 885 1474 926 tinus
1487 886 1673 939 loquitur
1689 888 1739 928 de
1754 888 1834 929 alio
1851 891 1892 929 et
1910 888 1992 928 alio
2008 887 2172 927 alietate
2187 887 2378 937 rationis,

1360 960 1400 997 et
1419 969 1504 998 non
1520 959 1580 999 rei
1597 970 1607 998 :
1624 961 1664 999 et
1682 959 1935 1011 intelligitur
1957 959 2100 999 alietas
2118 958 2293 998 rationis
2306 970 2382 1010 per

1360 1028 1481 1070 illum
1512 1029 1710 1081 modum,
1730 1042 1814 1083 quo
1845 1043 1972 1084 supra
1995 1030 2154 1071 dictum
2178 1032 2259 1079 est,
2281 1029 2378 1070 dist.

1360 1112 1409 1149 v,
1427 1101 1501 1141 ubi
1520 1101 1726 1154 quaeritur
1752 1104 1898 1142 utrum
1918 1101 2097 1142 essentia
2119 1103 2307 1153 generet.

1413 1175 1452 1213 2.
1471 1173 1535 1213 Ad
1554 1172 1657 1213 illud
1677 1173 1787 1226 quod
1807 1173 2020 1226 objicitur,
2047 1189 2065 1212 «
2079 1172 2283 1213 Potentia}
2300 1172 2381 1212 dis-

1360 1244 1620 1296 tinguuntur
1630 1256 1703 1297 per
1716 1247 1847 1295 actus,
1858 1259 1876 1282 ))
1898 1247 1975 1285 etc.
1989 1257 1999 1296 3
2014 1244 2253 1294 dicendum,
2267 1244 2381 1296 quod

1360 1327 1513 1356 verum
1537 1318 1598 1357 est
1627 1316 1707 1356 1100
1732 1316 1782 1357 de
1812 1316 1894 1355 illis
1924 1316 2086 1356 actibus
2115 1315 2186 1368 qui
2222 1315 2382 1356 habent

1361 1387 1682 1440 completionem
1707 1388 1759 1428 al)
1781 1387 1952 1440 olJJectis
1979 1402 1987 1427 :
2009 1387 2079 1428 sed
2096 1399 2183 1428 non
2202 1389 2301 1427 sunt
2323 1388 2382 1428 sic

1360 1462 1477 1500 actus
1520 1459 1669 1500 divini.
1708 1459 1823 1501 Unde
1838 1491 1847 1509 ‚
1887 1459 2084 1512 quamvis
2117 1461 2308 1500 creatura
2342 1461 2383 1500 et

1362 1531 1492 1573 Filius
1512 1532 1685 1573 omnino
1714 1532 1931 1583 differant3
1954 1534 2138 1572 attamen
2162 1531 2381 1583 generatio

1361 1606 1401 1644 et
1421 1605 1574 1645 creatio
1594 1604 1705 1645 idem
1732 1606 1853 1655 sunt⁷
1883 1604 1992 1643 sicut
2014 1603 2195 1644 essentia
2224 1605 2264 1643 et
2283 1615 2378 1656 per-

1361 1688 1462 1716 sona
1488 1690 1495 1716 :
1519 1675 1628 1717 Deus
1647 1676 1761 1717 enim
1784 1676 1829 1715 in
1856 1675 2021 1728 agendo
2042 1687 2128 1716 non
2147 1675 2381 1728 completur

1360 1748 1412 1788 ab
1433 1748 1616 1800 objecto,
1638 1748 1739 1801 quia
1756 1747 1889 1800 seipso
1914 1747 2019 1799 agit.

1415 1823 1452 1860 3.
1475 1820 1539 1861 Ad
1557 1820 1662 1860 illud
1681 1819 1793 1872 quod
1812 1819 2026 1872 objicitur,
2045 1819 2159 1872 quod
2178 1819 2376 1872 potentiae

1360 1893 1656 1946 plurificantur
1680 1903 1755 1945 per
1781 1891 1988 1944 subjecta3
2017 1890 2243 1932 dicendum
2269 1892 2383 1945 quod

1360 1964 1472 2005 istud
1502 1976 1653 2005 verum
1683 1966 1745 2004 est
1772 1963 1822 2004 de
1852 1964 2041 2016 subjecto
2068 1963 2238 2016 proprio
2270 1978 2278 2004 :
2312 1963 2382 2004 sed

1360 2036 1506 2087 Filius,
1523 2036 1669 2077 nonin
1681 2038 1889 2089 quantum
1903 2035 2050 2085 Filius,
2064 2038 2125 2075 est
2141 2035 2381 2088 subjectum

1360 2109 1558 2162 potentia}
1578 2108 1745 2149 creandi
1759 2140 1769 2158 ,
1795 2107 1865 2148 sed
1885 2107 1929 2147 in
1952 2110 2162 2160 quantum
2186 2107 2308 2148 Deus
2331 2107 2382 2148 Et

1360 2183 1521 2221 constat
1539 2179 1653 2233 quod
1667 2212 1677 2231 ,
1700 2179 1808 2220 sicut
1831 2180 1983 2219 natura
2013 2179 2156 2220 divina
2176 2191 2262 2219 11011
2284 2179 2383 2219 facit

1360 2265 1590 2293 numerum
1616 2264 1715 2292 cum
1741 2250 1885 2301 Patre3
1911 2250 1969 2290 ita
1993 2262 2070 2291 nec
2091 2250 2279 2303 potentia
2297 2262 2382 2291 res-

1361 2321 1520 2374 piciens
1536 2323 1753 2371 naturam,
1772 2332 1870 2360 cum
1889 2318 2075 2372 potentia
2099 2318 2249 2360 Patris.

1415 2394 1454 2431 4,
1487 2389 1551 2431 Ad
1575 2390 1681 2430 illud
1705 2390 1818 2443 quod
1844 2389 1994 2429 ultimo
2026 2388 2237 2441 objicitur,
2268 2389 2382 2442 quod

1362 2475 1497 2503 unum
1529 2464 1665 2516 potest
1691 2461 1872 2513 intelligi
1893 2461 1982 2501 sine
1999 2460 2129 2501 altero
2143 2492 2152 2510 ,
2177 2462 2218 2501 et
2239 2472 2261 2501 e
2281 2472 2383 2501 0011-

1364 2546 1506 2585 verso;
1530 2533 1756 2575 dicendum
1779 2532 1914 2586 quod,
1943 2534 2017 2573 aut
2041 2531 2226 2585 loqueris
2245 2544 2382 2584 quan-

1362 2609 1455 2647 tum
1474 2606 1526 2646 ad
1548 2605 1856 2657 significatum,
1887 2606 1961 2644 aut
1981 2606 2191 2656 quantun]
2211 2603 2263 2644 ad
2291 2615 2387 2643 oon-

1363 2680 1556 2719 notatum
1581 2692 1589 2716 :
1613 2677 1647 2717 si
1666 2678 1876 2730 quantum
1907 2675 1959 2716 ad
1987 2676 2283 2725 connotatum‚
2312 2687 2388 2716 ve-

1363 2762 1462 2790 rum
1481 2749 1597 2800 dicis,
1618 2747 1730 2801 quod
1747 2750 1937 2788 creatura
1952 2748 2087 2800 potest
2103 2745 2282 2798 intelligi
2299 2759 2385 2788 uon

1364 2820 1573 2861 intellecta
1605 2831 1783 2873 persona
1812 2819 1934 2868 Filii,
1962 2821 2002 2859 et
2032 2830 2054 2858 e
2087 2829 2312 2868 convers03
2349 2820 2384 2859 51

1364 2895 1575 2946 quantum
1606 2892 1658 2932 ad
1684 2890 1914 2944 principale
1940 2889 2250 2942 significatum,
2283 2890 2387 2931 dicis

1364 2965 1516 3005 falsum
1546 2978 1555 3004 :
1584 2962 1840 3016 impossibile
1869 2964 1931 3002 est
1959 2961 2074 3002 enim
2106 2960 2289 3014 intelligi
2312 2974 2387 3015 po-

1363 3036 1537 3077 tentiam
1551 3034 1782 3088 generandi
1807 3034 1896 3074 sine
1907 3032 2094 3086 potentia
2114 3033 2309 3083 creandi,
2328 3033 2388 3074 si-

1364 3114 1436 3152 cut
1454 3109 1710 3163 impossibile
1729 3110 1791 3150 est
1803 3107 2038 3159 intelligere
2053 3118 2278 3159 personam
2297 3108 2387 3150 sine

1365 3182 1558 3224 essentia.

1709 3238 1943 3290 QUAESTIO
1973 3237 2040 3280 IV.

1387 3328 1448 3365 An
1464 3338 1563 3375 posse
1581 3329 1745 3373 acueram
1768 3329 1801 3363 et
1816 3336 1917 3373 posse
1940 3327 2055 3362 creare·
2081 3328 2155 3362 sint
2172 3328 2362 3363 univocum

1814 3395 1926 3433 posse.

1418 3467 1567 3510 Utrum
1588 3478 1709 3520 posse
1735 3465 1929 3519 generari
1954 3467 1995 3506 et
2017 3478 2136 3519 posse
2154 3466 2285 3507 creari
2302 3467 2385 3507 sint
2446 3482 2546 3519 Αᾱορ.

1824 3540 1865 3578 et
1895 3538 2008 3590 quod
2034 3550 2143 3587 non,
2174 3538 2343 3579 videtur
2369 3551 2378 3579 :
2402 3532 2465 3559 ¹⁰⁰⁵·

1361 3551 1480 3593 posse
1515 3538 1746 3581 univocum
1782 3552 1789 3578 :

1361 3613 1475 3667 quia,
1497 3613 1692 3667 quamvis
1716 3611 1826 3653 idem
1856 3611 1910 3652 sit
1935 3623 2140 3666 generare
2162 3614 2204 3654 et
2221 3624 2377 3670 creare,
