2570 3986
1098 261 1277 302 SECTIO
1309 261 1339 301 l.
2174 273 2279 300 xxxi

165 351 410 404 Sigebertus
439 352 667 394 Monachus
688 350 997 392 Gemblacensis
1015 353 1264 402 prosecutus
1282 351 1418 389 fuerat
1433 380 1444 398 ,
1470 349 1515 388 in
1538 349 1653 389 hunc
1673 348 1848 388 modum
1876 348 2020 387 scribit
2037 349 2047 369 ¹
2069 362 2078 388 :
2103 363 2122 387 «
2140 349 2278 389 Bona-

163 426 344 464 ventura
370 424 539 464 natione
565 423 694 463 Italus
715 424 755 462 et
774 423 862 474 ipse
882 421 978 462 Ord.
1008 420 1089 461 FF.
1112 420 1349 468 Minorum‚
1374 419 1447 472 qui
1473 419 1600 459 etiam
1629 418 1796 459 Parisiis
1820 418 1851 458 T
1856 418 2086 470 heologicae
2117 419 2280 460 Scholae

165 494 338 546 praefuit
360 509 368 536 :
392 494 553 547 scripsit
571 494 615 533 in
637 492 688 534 IV
707 493 836 533 libros
856 492 1170 533 Sententiarum
1192 491 1245 531 M.
1266 490 1391 532 Petri.
1413 505 1431 528 »

991 646 1137 689 Testes
1166 645 1300 689 seculi
1331 645 1452 689 XIV.

220 778 418 832 Sequitur
445 776 651 817 Martinus
680 776 912 816 Monachus
940 775 969 816 F
974 776 1160 816 uldensis
1184 776 1229 816 in
1256 789 1332 816 suo
1361 775 1567 816 Chronico
1584 807 1594 825 ‚
1626 775 1738 827 quod
1760 787 1784 815 a
1808 774 1959 814 Christi
1982 773 2207 815 Nativitate
2234 774 2286 814 ad

169 861 331 890 annum
352 850 455 888 1379
472 847 684 900 perduxit,
709 847 849 888 dicens
868 852 881 872 ²
898 859 907 886 :
933 862 951 885 (ι
971 846 1058 887 Hoc
1078 848 1204 887 etiam
1229 849 1418 899 tempore.
1433 879 1443 896 ,
1474 859 1559 899 quo
1578 846 1784 886 nimirum
1802 846 1947 886 floruit
1965 845 2153 898 Aquinas
2170 877 2179 893 ‚
2206 844 2287 885 sso-

165 921 251 961 ruit
267 920 310 959 in
335 919 488 960 Ordine
508 918 587 958 FF.
618 918 719 958 Min.
747 917 816 958 Fr.
849 917 1171 968 Bonaventura‚
1195 918 1394 970 Magister
1419 917 1556 958 Sacrae
1577 917 1818 969 Theologiee
1840 918 1883 956 in
1904 917 2050 957 eadem
2076 916 2106 956 F
2109 917 2288 957 acuitate

165 989 540 1045 profundissimus,
567 989 617 1029 de
637 989 788 1030 Tuscia
808 989 1025 1042 provincia
1031 1021 1110 1029 .....
1134 989 1207 1030 Vir
1232 989 1400 1041 Magnae
1426 988 1662 1029 devotionis
1689 1001 1737 1028 ac
1763 988 2014 1028 innocentiae
2034 1020 2043 1038 ‚
2067 988 2113 1027 in
2137 988 2224 1028 vita
2250 991 2289 1028 et

165 1061 354 1103 doctrina
395 1061 624 1102 admodum
670 1061 883 1112 gratiosus
910 1073 919 1111 ;
961 1061 1030 1100 sed
1069 1061 1279 1113 praecipue
1317 1061 1361 1099 in
1411 1072 1607 1100 sermone
1615 1090 1693 1100 .....
1737 1059 1876 1111 Hujus
1914 1059 2119 1111 scriptum
2164 1070 2290 1111 super

165 1132 401 1174 Sententias
426 1135 468 1172 et
494 1132 738 1172 Doctoribus
759 1131 898 1172 Sacrae
918 1130 1092 1183 paginae
1113 1132 1297 1171 multum
1317 1132 1576 1184 approbatur
1595 1134 1635 1171 et
1655 1130 1776 1183 quasi
1797 1142 1873 1182 pro
1898 1130 2140 1170 authentico
2158 1142 2289 1182 repu-

164 1206 292 1244 tatur.
313 1217 332 1241 n
355 1203 549 1244 Succedit
565 1203 752 1255 locuples
771 1203 884 1243 testis
910 1202 979 1243 Fr.
1006 1201 1340 1243 Bartholomaeus
1374 1202 1551 1243 Pisanus
1566 1235 1576 1252 ⁷
1611 1202 1684 1254 qui
1709 1201 2064 1252 Consormz'tatmn
2087 1202 2201 1253 Opus
2221 1201 2291 1240 ab·

163 1275 286 1315 solvit
304 1287 417 1315 anno
437 1277 627 1315 vertente
648 1276 768 1314 1385.
796 1290 815 1312 «
832 1274 901 1314 Fr.
924 1273 1235 1325 Bonaventura,
1257 1275 1402 1326 inquit
1419 1274 1446 1324 3,
1468 1274 1518 1314 de
1537 1272 1829 1324 Balneoregio‚
1844 1272 1919 1325 qui
1939 1273 2018 1312 fuit
2034 1275 2176 1325 postea
2193 1271 2289 1311 Car-

163 1345 316 1386 dinalis
334 1345 500 1398 primus
523 1344 689 1386 Ordinis
708 1349 748 1386 et
767 1345 999 1398 Episcopus
1023 1345 1278 1386 Albanensis
1298 1358 1307 1385 :
1330 1345 1494 1398 scripsit
1518 1345 1754 1385 luculenter
1781 1356 1908 1396 super
1934 1347 2119 1396 quatuor
2145 1342 2292 1383 Libros

169 1416 499 1458 Sententiarum.
522 1431 540 1454 n

1002 1497 1148 1539 Testes
1179 1497 1314 1540 seculi
1346 1496 1446 1540 XV.

216 1630 304 1671 Hoc
323 1630 495 1684 quidem
518 1642 611 1671 aevo
631 1630 827 1671 omniun]
848 1630 1013 1682 primus
1031 1630 1236 1670 familiam
1260 1630 1374 1671 ducit
1399 1629 1582 1670 Joannes
1602 1628 1729 1668 Gerso
1746 1660 1755 1677 ,
1782 1629 1898 1668 testis
1920 1628 2033 1668 haud
2052 1627 2291 1678 mediocris⁷

156 1702 285 1754 juxta
317 1715 365 1742 ac
398 1702 677 1751 certissimus,
726 1702 799 1754 qui
828 1714 927 1742 cum
955 1702 1110 1754 passim
1129 1734 1138 1752 ,
1178 1704 1271 1742 tum
1300 1701 1487 1741 maxime
1513 1700 1824 1741 Bonaventurae
1855 1699 2089 1740 doctrinam
2107 1699 2151 1739 in
2172 1699 2295 1740 Com-

162 1773 380 1814 mentariis
399 1776 640 1814 contentam
658 1772 854 1813 laudibus
875 1773 992 1813 vehit
1011 1773 1055 1812 in
1073 1772 1257 1825 Epistola
1273 1805 1282 1823 ,
1306 1785 1436 1825 quam
1453 1784 1567 1812 anno
1590 1774 1706 1822 1426,
1727 1771 1991 1823 Lugdunum
2013 1771 2185 1811 miserat
2203 1771 2296 1810 cui—

162 1844 259 1884 dam
279 1843 413 1884 Fratri
436 1843 587 1884 Minori
602 1847 614 1869 ⁶
637 1859 644 1885 :
671 1859 690 1882 «
710 1843 886 1885 Secutus
907 1847 982 1894 est,
1002 1845 1162 1897 inquit,
1186 1843 1335 1884 Doctor
1353 1844 1429 1884 iste
1447 1845 1762 1891 Βοηαυθηῑῑινα,
1783 1855 1827 1882 se
1846 1845 2037 1893 testante,
2061 1842 2295 1882 doctrinam

162 1927 435 1956 communem
455 1919 495 1955 et
517 1915 693 1956 solidam
710 1947 720 1966 ,
753 1927 850 1967 quae
873 1914 1040 1955 Parisiis
1066 1915 1263 1967 vigebat,
1296 1915 1484 1955 maxime
1510 1919 1699 1968 tempore
1726 1926 1817 1954 suo.
1850 1913 1967 1954 Unde
1996 1917 2037 1954 et
2062 1913 2217 1965 allegat
2242 1913 2295 1953 ad

162 1986 529 2027 confirmationem
552 1987 754 2027 doctrinae
775 1998 864 2027 suae
888 1986 1142 2027 parisienses
1160 1986 1394 2038 Armenios,
1423 1999 1529 2039 quos
1549 1999 1623 2040 per
1643 1985 1922 2026 Guillelmum
1946 1984 2227 2025 parisiensem
2245 1985 2295 2025 de

161 2057 334 2098 consilio
355 2060 396 2098 et
414 2070 590 2098 assensu
607 2057 909 2110 Magistrorum
931 2058 1125 2098 omnium
1142 2057 1240 2098 dicit
1254 2058 1381 2099 fuisse
1397 2058 1618 2098 damnatos
1634 2061 1674 2098 et
1691 2057 2096 2105 excommunicatos,
2121 2056 2295 2097 vivente

161 2131 264 2169 tunc
282 2132 323 2169 et
342 2129 627 2170 consentiente
650 2128 797 2170 Fratre
817 2129 1061 2170 Alexandro
1089 2129 1139 2170 de
1165 2129 1287 2180 Ales,
1317 2131 1442 2182 cujus
1467 2129 1658 2170 doctrina
1678 2132 1850 2182 quantae
1873 2128 1927 2168 sit
1952 2128 2156 2168 ubertatis
2175 2159 2185 2178 ,
2214 2127 2295 2168 dici

164 2200 263 2240 satis
282 2201 457 2254 nequit:
482 2201 533 2241 de
562 2213 647 2254 qua
671 2201 805 2241 fertur
833 2201 1098 2253 respondisse
1129 2200 1307 2241 Sanctus
1326 2199 1509 2241 Thomas
1527 2233 1536 2250 ‚
1569 2200 1672 2240 dum
1702 2200 1990 2252 inquireretur
2019 2200 2072 2239 ab
2098 2211 2170 2249 eo,
2201 2198 2297 2251 quis

163 2274 270 2312 esset
285 2272 471 2325 optimus
489 2272 639 2313 modus
653 2272 848 2313 studendi
865 2271 1143 2324 Theologiam
1167 2287 1175 2312 ε
1198 2272 1417 2325 respondit
1433 2284 1632 2312 exercere
1650 2284 1693 2312 se
1708 2271 1753 2311 in
1770 2283 1857 2311 uno
1875 2271 2049 2311 Doctore
2066 2270 2294 2323 praecipue.

163 2342 273 2383 Dum
292 2343 403 2384 ultra
422 2347 649 2397 peteretur,
677 2345 774 2396 quis
793 2347 899 2384 esset
923 2344 1016 2384 talis
1037 2343 1194 2384 Doctor
1214 2357 1222 2383 :
1246 2343 1485 2384 Alexander
1505 2344 1555 2384 de
1574 2343 1672 2383 Ales
1688 2375 1698 2393 ‚
1729 2342 1882 2395 inquit.
1908 2342 2052 2382 Testor
2072 2355 2140 2382 me
2160 2342 2216 2382 ita
2233 2342 2296 2381 le-

165 2414 276 2465 gisse
297 2415 459 2467 pridem
482 2415 525 2454 in
545 2415 740 2455 Tractatu
757 2415 942 2467 quodam
962 2415 1013 2456 de
1038 2416 1206 2456 visione
1229 2414 1347 2456 beata
1367 2417 1511 2455 contra
1530 2414 1736 2455 Joannem
1756 2412 1880 2453 XXII.
1903 2412 2125 2453 Testantur
2145 2413 2298 2465 scripta

165 2485 354 2538 ejusdem
375 2485 416 2526 S.
437 2485 612 2526 Thomae
631 2518 641 2536 ‚
665 2487 850 2526 maxime
873 2486 1067 2527 Secunda
1089 2486 1317 2536 Secundae,
1341 2499 1470 2539 quam
1492 2486 1695 2526 intimum
1715 2485 1794 2525 sibi
1815 2486 1968 2525 fecerat
1988 2488 2027 2525 et
2048 2484 2297 2524 familiarem

164 2556 285 2597 illum
305 2570 434 2610 quem
453 2557 651 2597 laudabat
670 2557 889 2597 Doctorem
909 2558 1217 2598 Alexandrum.
1260 2557 1311 2598 Et
1330 2569 1422 2597 ecce
1439 2589 1448 2607 ,
1475 2557 1583 2610 proh
1605 2557 1747 2597 dolor!
1770 2556 1964 2596 Doctores
1984 2555 2052 2594 isti
2070 2555 2154 2595 duo
2168 2587 2178 2605 ,
2200 2555 2298 2595 Ales

165 2630 206 2668 et
221 2626 520 2669 Bonaventura
535 2661 545 2679 ,
568 2628 769 2669 videntur
788 2629 909 2681 quasi
930 2629 1084 2681 sepulti
1108 2641 1208 2669 cum
1234 2628 1315 2668 illis
1335 2640 1518 2681 quorum
1539 2640 1627 2668 non
1646 2631 1707 2668 est
1726 2627 1931 2667 memoria
1950 2626 2134 2678 amplius
2149 2657 2158 2675 ,
2184 2637 2297 2678 prae-

165 2700 310 2740 sertim
336 2699 382 2740 in
407 2699 543 2741 cordis
568 2712 727 2740 amore.
755 2699 1030 2740 Extolluntur
1056 2700 1126 2739 alii
1158 2701 1358 2752 quidam,
1386 2711 1572 2752 quorum
1603 2699 1687 2739 sint
1714 2698 1879 2739 utinam
1911 2698 2086 2738 nomina
2115 2697 2160 2736 in
2191 2697 2298 2737 libro

164 2770 263 2812 vitae
279 2803 290 2823 ,
318 2783 407 2811 non
433 2770 547 2811 enim
569 2771 766 2812 studiosis
786 2771 1054 2820 invidemus3
1078 2771 1149 2811 sed
1175 2772 1321 2812 multae
1347 2771 1509 2823 aliquos
1529 2770 1719 2822 ipsorum
1739 2770 1889 2809 litterae
1910 2769 2099 2809 fecerunt
2123 2768 2202 2808 sub
2220 2780 2297 2809 no-

165 2843 280 2883 mine
308 2832 548 2884 subtilitatis
577 2842 764 2883 insanire
793 2855 892 2883 cum
931 2843 1185 2895 sequacibus
1212 2843 1417 2896 ipsorum.
1449 2840 1669 2894 Numquid
1695 2853 1782 2881 non
1807 2840 1970 2880 insania
1995 2842 2056 2880 est
2073 2840 2298 2880 concedere

167 2913 281 2966 quod
303 2914 387 2955 duo
406 2913 732 2955 contradictoria
751 2916 850 2954 sunt
870 2914 999 2954 simul
1018 2926 1122 2955 vera
1150 2926 1226 2967 pro
1246 2914 1394 2955 eodem
1421 2912 1596 2953 instanti
1620 2912 1822 2965 temporis
1839 2943 1849 2959 ,
1874 2911 1972 2951 licet
1992 2923 2078 2951 non
2097 2914 2264 2951 naturae
2278 2912 2297 2950 ἶ)

166 2985 280 3037 quod
300 2988 504 3038 praeterea
523 2986 670 3026 multae
691 2989 790 3026 sunt
809 2986 1008 3027 veritates
1027 2985 1080 3025 ab
1105 2988 1265 3026 aeterno
1281 3017 1291 3037 ,
1318 2988 1358 3026 et
1384 2985 1518 3025 multa
1537 2987 1697 3024 aelerna
1717 2994 1812 3035 quae
1834 2994 1919 3022 non
1940 2985 2037 3022 sunt
2057 2982 2193 3022 Deus?
2219 2981 2299 3022 iste

168 3059 230 3096 est
246 3069 358 3097 unus
378 3057 584 3098 articulus
601 3057 710 3098 inter
728 3059 1078 3110 praememoratos
1097 3057 1323 3097 damnatus
1337 3088 1346 3106 ,
1372 3068 1486 3097 anno
1508 3058 1626 3095 1240.
1647 3054 1727 3105 Leg
1736 3058 1832 3094 atur
1851 3054 2061 3094 secundus
2079 3052 2298 3094 Bonaven-

168 3130 275 3168 turae
293 3127 430 3178 Liber,
454 3128 553 3168 Dist.
579 3127 707 3169 XXIII
723 3160 732 3178 ‚
757 3128 863 3168 circa
882 3128 1013 3168 finem
1028 3159 1038 3177 ‚
1062 3128 1137 3168 ubi
1159 3129 1360 3168 recitatur
1378 3128 1472 3168 haec
1492 3127 1724 3167 damnatio.
1747 3125 1797 3165 Et
1818 3126 1988 3177 ponitur
2008 3125 2112 3164 alter
2132 3124 2297 3164 Articu-

168 3196 248 3249 lus,
270 3199 381 3251 quod
401 3199 590 3252 primum
607 3212 722 3239 nunc
739 3230 748 3247 ‚
768 3201 809 3239 et
829 3200 982 3240 creatio
1004 3199 1140 3252 passio
1155 3230 1165 3248 ‚
1189 3211 1276 3239 non
1297 3201 1397 3240 sunt
1421 3199 1593 3239 Creator
1613 3197 1679 3237 vel
1698 3199 1907 3237 creatura.
1937 3196 2080 3236 Error.
2109 3195 2298 3248 Repetita

171 3272 232 3308 est
251 3270 397 3310 eadem
418 3271 635 3311 damnatio
657 3270 846 3322 ejusdem
868 3271 1035 3311 articuli
1055 3271 1104 3311 de
1124 3271 1354 3311 aeternitate
1374 3270 1599 3311 veritatum
1614 3300 1625 3319 ,
1653 3280 1728 3321 per
1747 3267 1867 3308 Dom.
1891 3267 2154 3320 Stephanum
2174 3265 2297 3306 Pari-

172 3338 355 3380 siensem
378 3342 486 3381 inter
512 3342 605 3382 illos
628 3344 707 3382 0219
738 3341 946 3382 Articulos
971 3342 1239 3393 famosiores,
1268 3354 1380 3382 anno
1410 3344 1512 3381 1276
1528 3372 1540 3392 ,
1570 3340 1723 3380 scilicet
1749 3339 1855 3380 duos
1881 3351 2015 3380 annos
2040 3341 2133 3391 post
2159 3337 2298 3377 felices

212 3471 223 3491 ¹
236 3471 335 3510 Apud
352 3472 524 3504 Albertum
547 3471 739 3503 Fabricium
760 3471 794 3502 in
815 3472 905 3504 Biol.
924 3473 1063 3510 Eccles.‚
1085 3483 1114 3505 c.
1132 3482 1242 3506 XLVII.

211 3518 225 3538 2
237 3518 352 3549 Exstat
371 3518 406 3549 iu
427 3519 567 3560 Corpore
583 3519 740 3550 historico
761 3519 859 3550 medii
874 3521 956 3558 oevz',
973 3521 1015 3551 al>
1037 3521 1189 3552 Eccardo
1207 3521 1360 3560 collecto,
1381 3523 1466 3555 tom,
1482 3521 1491 3551 l
1505 3544 1515 3561 ,
1535 3520 1601 3552 col.
1620 3522 1712 3561 1711,
1733 3521 1823 3554 1712.

212 3565 225 3586 ³
239 3565 330 3597 Part.
347 3565 393 3606 ΙΙ,
414 3565 512 3599 fruct.
527 3568 557 3598 8.
571 3584 611 3590 -
623 3566 746 3598 ¹·T01n.
763 3567 796 3607 1,
818 3567 884 3598 col.
901 3569 958 3599 117
979 3567 1063 3599 edit.
1080 3568 1246 3609 ejusdem.
