2613 3990
105 2675 152 2704 Ad
197 2684 245 2710 op-

147 2725 208 2752 pos-

752 213 1006 254 DISTINCT.
1035 212 1118 253 XV.
1152 211 1305 251 PART.
1338 212 1388 252 Il.
1421 211 1540 252 ART.
1572 212 1600 252 Ι.
1633 212 1831 261 QUAEST.
1864 212 1914 253 II.

317 303 355 340 2.
389 301 454 342 Ad
478 301 581 342 illud
610 303 722 355 quod
750 303 947 355 objicitur
972 303 1022 342 de
1048 301 1280 354 prophetia,

261 371 483 412 dicendum
501 374 613 426 quod
636 387 723 414 uno
743 375 866 414 modo
887 373 1070 414 daturin
1091 385 1138 413 ea
1157 373 1285 426 Spiri-

261 445 328 483 tus
355 448 523 485 sanetus
547 445 804 498 simpliciter,
826 446 952 497 prout
977 444 1068 496 ipsa
1090 443 1188 483 dicit
1214 456 1284 484 00-

261 516 499 567 gnitionem
516 518 751 558 secundum
769 516 1038 557 idoneitatem
1057 515 1284 568 suscipien-

260 586 327 636 tis,
360 590 399 627 et
428 589 663 629 secundum
691 588 889 640 pietatem
910 587 1180 639 exequentis3
1203 588 1284 627 alio

262 658 401 707 modo,
432 663 558 711 prout
583 662 644 700 est
669 659 884 707 revelatio,
915 661 955 698 et
979 658 1039 698 sic
1059 671 1143 698 non
1163 658 1285 699 datur

262 728 306 769 in
326 742 374 770 ea
399 730 577 784 Spiritus
600 731 857 784 simpliciter,
880 731 967 771 sive
993 743 1078 770 non
1106 731 1285 771 mittitur

262 801 342 840 nisi
372 803 423 842 ad
453 803 546 843 hoc.
579 802 694 843 Unde
719 815 806 843 non
831 803 985 844 dicitur
1010 803 1054 843 in
1075 803 1182 843 libro
1203 803 1284 844 Re-

262 884 360 925 qum
381 878 408 924 ¹,
434 875 546 926 quod
575 874 755 928 Spiritus
781 877 949 915 sanctus
978 875 1029 915 sit
1056 875 1208 915 missus
1235 874 1286 915 ad

263 943 377 994 Saul,
398 945 462 986 ve]
484 946 616 986 factus
633 946 677 986 in
697 946 811 996 Saul,
832 947 901 986 sed
921 958 1047 999 super
1070 945 1184 986 Saul.

315 1019 353 1056 3.
386 1016 450 1057 Ad
473 1017 578 1058 illud
607 1018 719 1070 quod
741 1018 938 1070 objicitur
963 1018 1077 1070 quod
1107 1018 1288 1058 mittitur

261 1087 392 1128 Filius
410 1101 509 1128 cum
539 1089 586 1129 fit
611 1089 811 1131 revelatio
840 1089 1118 1138 occultorum,
1141 1090 1286 1130 dicen-

261 1159 364 1200 dum
390 1160 502 1212 quod
519 1160 599 1201 hoc
620 1173 706 1201 non
725 1163 787 1201 est
807 1161 852 1200 in
871 1173 1144 1214 quacumque
1163 1174 1287 1202 reve-

260 1231 442 1272 latione:
474 1244 574 1271 nam
606 1232 747 1285 aliqua
780 1233 826 1272 fit
856 1232 1071 1283 revelatIO,
1103 1245 1189 1273 000
1216 1245 1289 1286 per

261 1303 503 1344 missionem
532 1303 643 1354 Filii,
669 1304 740 1345 sed
765 1316 839 1357 per
865 1303 1109 1345 missionem
1130 1304 1286 1357 angeli,

261 1374 394 1415 multa
412 1375 526 1427 eni-m
546 1375 789 1417 revelantur
808 1375 860 1416 ab
880 1376 1064 1428 angelis3
1085 1376 1290 1417 501110101-

261 1445 409 1498 ligitur
431 1446 481 1486 de
501 1447 571 1486 illa
599 1446 854 1487 revelatione
872 1447 917 1486 in
944 1459 1029 1499 qua
1052 1450 1113 1487 est
1132 1448 1287 1488 animae

262 1515 483 1558 illustratio
503 1530 577 1570 per
596 1517 779 1570 gratiam
800 1532 807 1558 :
841 1520 881 1558 et
906 1518 939 1558 si
965 1530 1040 1571 per
1058 1519 1190 1570 gratis
1216 1519 1289 1559 da-

262 1590 365 1637 tam,
381 1601 467 1628 non
484 1589 728 1642 simpliciter
744 1589 945 1639 mittitur3
968 1590 1038 1630 sed
1055 1591 1087 1629 si
1106 1603 1179 1642 per
1196 1603 1292 1642 gra-

263 1661 356 1700 tum
381 1660 619 1711 facientem,
646 1663 748 1701 tunc
777 1661 1021 1714 simpliciter
1048 1662 1231 1702 mittitur
1251 1665 1292 1703 et

264 1730 458 1773 habetur.

318 1806 357 1843 4.
387 1804 451 1844 Ad
481 1803 585 1844 illud
612 1804 725 1856 quod
761 1804 913 1844 ultimo
949 1805 1147 1857 objicitur
1177 1806 1291 1858 quod

264 1876 366 1915 tunc
386 1875 566 1916 mittitur
585 1876 754 1928 quando
781 1877 1033 1929 percipitur,
1062 1877 1289 1917 dicendum

264 1947 376 1998 quod
407 1959 495 1987 non
522 1947 675 1987 50111011
702 1959 956 1999 cognoscere
989 1947 1141 1989 Filium
1179 1949 1292 2001 quod

264 2017 317 2057 sit
341 2018 393 2058 ab
418 2018 526 2068 alio,
561 2019 694 2060 immo
723 2022 885 2072 oportet
919 2021 1031 2072 quod
1066 2023 1293 2072 cognoscat

263 2090 376 2142 quod
402 2090 453 2130 sit
481 2090 526 2130 111
552 2091 642 2144 ipso
670 2093 718 2132 ut
744 2091 789 2131 in
810 2104 887 2132 suo
915 2092 1172 2133 habitaculo.
1205 2091 1293 2132 Hoc

263 2165 407 2202 autem
426 2162 516 2203 dico
544 2175 631 2204 000
650 2163 892 2215 cognitione
918 2164 1197 2215 necessitatis,
1219 2164 1290 2204 sed

264 2235 537 2286 conJ'ecturae;
561 2247 638 2276 nec
663 2235 713 2276 de
739 2235 982 2287 cognitione
1009 2236 1190 2287 actuali,
1222 2236 1293 2276 sed

263 2305 314 2346 de
336 2305 555 2346 habituali.

620 2412 858 2463 QUAESTIO
891 2414 940 2454 lI.

265 2515 326 2550 An
363 2515 478 2551 Filius
513 2519 546 2551 et
580 2516 738 2563 Spiritus
770 2519 914 2551 sanctus
949 2516 1136 2551 secundum
1173 2517 1293 2553 eadem

478 2575 571 2610 dona
589 2577 720 2620 qratice
739 2577 839 2611 mitti·
858 2576 1026 2612 dicantur
1043 2577 1068 2609 ².

317 2675 468 2717 Utrum
488 2677 721 2718 secundum
749 2678 896 2718 eadem
923 2678 1032 2719 dona
1051 2679 1201 2731 gratiae
1227 2679 1294 2720 di-

265 2750 414 2789 cantur
443 2748 553 2788 mitti
582 2748 734 2801 Filius,
768 2753 808 2790 et
829 2749 1010 2803 Spiritus
1038 2755 1230 2801 sanctus3
1255 2754 1294 2791 et

264 2819 378 2870 quod
402 2807 486 2859 non
503 2851 513 2869 ,
545 2818 712 2860 videtur
730 2819 811 2860 hoc
837 2820 961 2860 modo
984 2835 992 2861 ε
1029 2820 1168 2861 11115510
1202 2820 1293 2874 Spi—

263 2889 371 2929 ritus
389 2890 521 2930 sancti
545 2894 606 2931 est
624 2892 716 2943 ejus
736 2891 925 2942 donatio,
946 2894 987 2932 et
1010 2892 1201 2933 similiter
1221 2892 1293 2932 Fi-

263 2960 308 3000 lii
342 2975 351 3002 :
386 2962 456 3002 sed
487 2962 569 3002 alia
602 2965 663 3002 est
694 2962 838 3003 missio
872 2962 994 3014 Filii,
1036 2967 1076 3004 et
1114 2962 1294 3017 Spiritus

263 3033 396 3073 sancti
417 3045 427 3073 :
448 3045 552 3086 ergo
577 3033 658 3074 alia
684 3033 853 3075 donatio
884 3047 893 3076 :
925 3046 1029 3087 ergo
1056 3036 1291 3077 secundum

262 3103 377 3145 aliud
394 3105 572 3146 donum.

317 3178 356 3216 2.
375 3175 480 3217 Item
496 3176 577 3217 hoc
593 3177 733 3230 ipsum
752 3176 920 3218 videtur
936 3190 1010 3231 per
1024 3179 1174 3231 simile,
1191 3179 1293 3233 quia

265 3247 372 3289 51001
400 3260 443 3289 50
468 3249 595 3289 habet
626 3249 769 3289 missio
800 3249 978 3291 visibilis
999 3250 1093 3291 Filii
1118 3252 1170 3292 ad
1189 3252 1294 3293 mis-

264 3318 427 3360 sionem
446 3320 658 3362 visibilem
687 3320 869 3374 Spiritus
893 3322 1026 3362 sancti
1041 3355 1052 3374 ,
1076 3323 1136 3364 ita
1164 3324 1291 3365 etiam

309 3402 319 3424 1
339 3403 456 3443 1Re9.‚
477 3412 511 3444 x,
528 3404 719 3446 10.—2Cf.
740 3405 834 3436 Alex.
855 3404 999 3446 Alensis,
1013 3415 1046 3447 p.
1066 3408 1090 3447 1,
1112 3416 1146 3448 q.
1167 3415 1289 3445 Lxxnl,

266 3452 393 3491 memb.
407 3454 438 3491 2,
453 3454 566 3493 art.2;
587 3453 699 3495 AEgid.
724 3455 837 3494 Rom„
858 3454 869 3484 l
893 3454 997 3493 Sent„
1020 3455 1096 3487 dist.
1124 3463 1181 3497 xv,
1197 3465 1230 3496 p.
1248 3456 1290 3497 ΙΙ,

267 3507 300 3539 q.
319 3498 362 3539 113
383 3499 552 3541 Richard„
578 3501 589 3532 Ι
612 3501 716 3542 Seni„
736 3501 814 3534 dist.
837 3509 904 3541 xv,
924 3503 987 3534 art.
1003 3504 1038 3542 4,
1061 3512 1095 3544 q.
1116 3511 1151 3544 Ι,
1173 3504 1291 3545 Steph.

268 3546 407 3586 Brulef.,
432 3547 442 3577 l
459 3547 563 3585 Seni„
584 3548 661 3581 dist.
676 3557 733 3589 XV,
755 3558 789 3590 q.
810 3557 857 3580 vi.
881 3567 919 3572 —
938 3549 951 3570 3
968 3550 1075 3589 .Ιοαη.,
1095 3559 1167 3592 xv1,
1190 3554 1290 3583 13.—

2317 216 2395 254 ⁶259

1357 305 1397 342 et
1423 301 1646 342 invisibilis
1680 316 1689 342 :
1723 301 1795 342 sed
1826 301 1968 341 missio
2002 301 2176 343 visibilis
2208 302 2302 342 Filii
2340 305 2381 343 et

1358 372 1536 425 Spiritus
1556 373 1687 413 sancti
1709 376 1768 413 est
1789 373 2023 413 secundum
2042 373 2174 413 alium
2189 376 2228 413 et
2249 373 2381 414 alium

1356 444 1553 484 effectum
1574 447 1613 484 et
1633 444 1807 496 signum
1836 444 1881 483 in
1901 446 2093 484 creatura
2117 457 2126 484 ε
2147 456 2249 495 ergo
2269 445 2382 486 invi-

1357 515 1488 555 sibilis
1505 515 1740 556 secundum
1759 515 1873 556 aliud
1893 518 1933 555 et
1951 515 2065 556 aliud
2084 515 2263 556 donum.

1411 590 1448 627 3.
1474 586 1578 627 Item
1599 587 1742 627 missio
1761 589 1821 628 est
1839 586 1891 627 ad
1911 587 2248 638 cognoscendam
2265 599 2382 627 ema-

1358 658 1572 698 nationem
1599 662 1640 699 et
1669 658 1990 699 discernendam
2014 675 2022 699 :
2053 658 2087 698 si
2119 670 2222 709 ergo
2253 658 2385 698 Filius

1358 730 1610 770 discernitur
1646 730 1698 770 ab
1734 730 1885 771 effectu
1914 730 1956 770 in
1990 742 2075 782 quo
2108 729 2311 779 mittitur,
2345 733 2387 770 et

1359 800 1538 854 Spiritus
1566 804 1755 851 sanctus,
1791 804 1831 843 et
1860 801 2112 854 hujusmodi
2144 804 2242 842 sunt
2277 801 2387 842 dona

1359 873 1528 924 gratiae3
1545 885 1648 925 ergo
1663 876 1873 926 quantum
1890 874 1940 914 ad
1956 873 2069 914 aliud
2086 874 2245 915 donum
2262 873 2389 913 mitti·

1358 947 1429 985 tur
1443 944 1587 994 Filius,
1599 948 1809 998 quantum
1821 945 1872 985 ad
1887 945 2000 986 aliud
2012 945 2194 998 Spiritus
2202 947 2385 986 sanctus.

1414 1020 1454 1056 4.
1479 1016 1605 1068 Item,
1626 1029 1712 1058 non
1731 1020 1793 1058 est
1808 1017 1922 1058 idem
1941 1017 2259 1070 appropriatum
2283 1017 2390 1057 Filio

1361 1090 1401 1128 et
1425 1088 1601 1141 Spiritui
1632 1092 1798 1139 sancto,
1834 1089 1906 1130 sed
1934 1089 2049 1129 aliud
2078 1089 2122 1129 in
2152 1092 2344 1130 creatura
2375 1103 2384 1130 ε

1361 1172 1488 1212 ergo,
1523 1173 1623 1201 cum
1654 1160 1787 1202 Filius
1817 1161 1980 1202 dicatur
2010 1161 2120 1202 mitti
2161 1161 2206 1201 in
2239 1161 2391 1202 0110010

1361 1231 1439 1271 sihi
1470 1233 1763 1285 appropriato,
1799 1232 1844 1273 in
1877 1233 1959 1273 alio
1992 1233 2144 1274 effectu
2179 1233 2246 1274 vel
2281 1233 2392 1274 dono

1362 1303 1546 1344 mittitur
1564 1304 1695 1345 Filius
1714 1317 1845 1358 quam
1865 1304 2045 1358 Spiritus
2064 1308 2248 1346 5000105.

1416 1375 1567 1416 Contra
1591 1391 1598 1417 :
1621 1376 1766 1418 Omnis
1786 1377 1997 1418 donorum
2023 1377 2281 1426 distributio,
2304 1380 2391 1418 tam

1363 1448 1512 1498 gratiae
1542 1449 1674 1500 gratis
1705 1448 1836 1499 datae,
1876 1460 2005 1501 quam
2040 1450 2190 1500 gratiae
2220 1452 2393 1501 gratum

1362 1518 1564 1568 facientis,
1581 1520 1827 1560 attribuitur
1841 1519 2017 1572 Spiritui
2029 1523 2186 1571 sancto,
2204 1521 2393 1561 maxime

1363 1588 1474 1630 dona
1500 1591 1650 1642 gratiae
1677 1594 1851 1643 gratum
1871 1591 2084 1642 facientis,
2108 1591 2215 1632 sicut
2242 1595 2355 1645 patet
2385 1608 2393 1631 2

1364 1671 1482 1712 ergo,
1507 1674 1605 1702 cum
1622 1662 1804 1715 Spiritus
1823 1666 1994 1704 sanctus
2009 1663 2201 1704 mittatur
2215 1663 2260 1703 in
2275 1663 2397 1703 donis

1364 1732 1443 1772 sibi
1459 1734 1756 1787 appropriatis,
1770 1735 1815 1775 in
1830 1735 2028 1776 omnibus
2044 1734 2165 1776 donis
2184 1734 2366 1776 mittitur
2385 1750 2393 1776 :

1365 1816 1469 1857 ergo
1491 1806 1537 1846 in
1557 1806 1714 1847 eisdem
1731 1807 1776 1847 in
1793 1807 1950 1860 quihus
1969 1806 2114 1847 Filius.

1420 1877 1523 1918 Item
1544 1878 1676 1919 Filius
1694 1878 1890 1928 mittitur,
1911 1891 2010 1919 cum
2031 1879 2237 1932 sapientia
2256 1880 2394 1929 datur,

1366 1952 1407 1989 et
1438 1949 1632 1990 similiter
1664 1950 1846 2003 Spiritus
1883 1954 2075 2002 sanctus,
2110 1951 2210 2004 quia
2247 1951 2398 2004 praeci-

1367 2033 1502 2074 puum
1522 2022 1685 2063 donum
1703 2021 1887 2076 Spiritus
1907 2023 2040 2063 sancti
2065 2025 2128 2063 051
2158 2023 2364 2076 sapientia
2387 2038 2395 2064 :

1367 2104 1485 2144 ergo,
1508 2097 1586 2134 etc.

1422 2165 1546 2216 Item,
1569 2166 1927 2219 quandocumque
1953 2166 2078 2207 datur
2100 2167 2310 2219 cognitio,
2333 2168 2395 2209 di-

2445 1455 2555 1482 Funda-

2416 1499 2520 1525 menta„-

1318 2286 1321 2289 .
1368 2236 1477 2277 citur
1499 2238 1609 2278 mitti
1632 2237 1764 2279 Filius
1785 2253 1794 2279 1
1812 2239 1882 2279 sed
1902 2239 1946 2279 in
1964 2239 2045 2279 hoc
2063 2239 2174 2279 dono
2190 2239 2313 2280 datur
2331 2240 2399 2280 vel

1369 2308 1551 2349 mittitur
1567 2309 1749 2363 Spiritus
1768 2313 1935 2351 sanctus
1947 2314 1960 2335 3
1978 2323 1987 2351 ε
2006 2310 2107 2352 Cum
2125 2311 2288 2354 venerit
2308 2311 2390 2361 ille,

1367 2380 1528 2424 docebit
1550 2393 1622 2424 vos
1642 2393 1803 2424 omnem
1826 2383 2044 2425 veritatem
2061 2398 2076 2424 .·
2097 2395 2224 2435 ergo,
2247 2386 2324 2424 etc.

1423 2452 1541 2502 Item,
1556 2454 1913 2507 quandocumque
1925 2454 2106 2495 charitas
2119 2455 2256 2506 datur,
2269 2455 2400 2495 mitti-

1368 2528 1440 2565 tur
1459 2525 1638 2578 Spiritus
1655 2529 1825 2567 sanctus
1849 2541 1857 2567 :
1881 2526 1952 2566 sed
1972 2526 2019 2567 in
2037 2526 2118 2567 hoc
2137 2527 2261 2567 modo
2276 2527 2399 2568 datur

1369 2595 1528 2636 Filius:
1556 2598 1605 2638 ln
1630 2599 1801 2640 animas
1830 2601 2000 2640 sanetas
2024 2608 2067 2640 se
2094 2599 2322 2649 transfert,
2358 2603 2397 2641 et

1370 2669 1527 2710 cunieos
1548 2669 1623 2710 Dei
1645 2671 1871 2713 constituit
1885 2670 1923 2718 '‘,·
1942 2674 1982 2711 et
2006 2670 2273 2722 Augustinus
2293 2673 2331 2719 ⁵,
2354 2670 2398 2710 in

1369 2738 1475 2780 libro
1502 2744 1651 2793 quarto
1678 2742 1729 2784 de
1757 2742 1989 2793 Τνῑηϊῐαϊθ,
2021 2741 2194 2795 exponit
2219 2741 2322 2782 illud
2349 2741 2399 2782 de

1370 2811 1568 2853 missione
1591 2812 1688 2854 Filii
1710 2828 1718 2855 :
1740 2827 1860 2867 ergo,
1883 2817 1960 2855 etc.

1734 2950 2034 2993 CONCLUSIO.

1369 3050 1492 3085 Missio
1526 3051 1619 3086 Fz'Zz'z'
1651 3054 1684 3087 et
1720 3051 1879 3098 Spiritus
1912 3054 2052 3097 saneti,
2088 3053 2206 3098 quoad
2241 3053 2397 3089 radicem

1416 3110 1568 3155 qratiOE,
1598 3110 1717 3146 eadem
1743 3115 1793 3146 est
1821 3123 1831 3146 .-
1860 3111 1977 3157 quoad
2003 3111 2166 3156 habitus,
2196 3113 2322 3158 aliqua
2350 3117 2399 3150 est

1416 3169 1601 3205 distinctio
1620 3169 1667 3217 (a)
1690 3182 1699 3204 :
1727 3170 1846 3215 quoad
1874 3174 1994 3215 actus,
2022 3174 2073 3208 est
2100 3173 2198 3219 alia,
2221 3176 2254 3209 et
2288 3174 2396 3209 alia.-

1414 3238 1550 3276 semper
1564 3233 1681 3265 tamen
1696 3232 1780 3265 sunt
1799 3230 1979 3267 indivisae.

1421 3325 1542 3380 Resp.
1565 3327 1616 3368 ad
1630 3327 1736 3381 Arg.
1753 3327 1986 3371 Dicendum
2003 3330 2116 3384 quod
2135 3330 2180 3370 in
2198 3330 2396 3371 missione
2439 3350 2557 3379 Funda-

1367 3398 1566 3440 invisihili
1589 3403 1651 3440 est
1669 3400 1879 3442 donorum
1899 3403 2078 3451 collatio,
2100 3402 2145 3442 in
2164 3401 2322 3454 quibus
2335 3405 2397 3442 est
2420 3396 2552 3427 ¹¹¹²¹¹¹1¹¹¹¹¹

2416 3434 2541 3463 rationis,

1368 3504 1488 3546 ⁴Sap.,
1510 3513 1577 3547 vn,
1599 3508 1652 3539 27.
1672 3525 1712 3531 —
1731 3509 1744 3530 ὅ
1766 3509 1867 3550 Aug„
1891 3509 1933 3540 de
1961 3509 2064 3548 Trz‘n„
2087 3509 2145 3540 lib.
2175 3509 2233 3550 lv,
2265 3519 2295 3542 0.
2325 3518 2388 3551 xx,

1367 3562 1402 3583 n.
1423 3554 1475 3584 27.
1489 3571 1530 3576 —
1545 3554 1586 3596 (a)
1605 3555 1690 3588 Edit.
1712 3557 1798 3589 Veu.
1814 3556 2032 3588 indistinctio.
