2613 3990
106 1277 150 1305 Ad
165 1286 232 1312 opp.

253 260 331 298 550

250 347 321 387 nia
337 348 397 386 est
416 344 615 386 devenire
634 345 685 386 ad
701 344 960 385 intellectum
979 341 1249 395 propriorum
1263 373 1274 391 ,

252 415 359 454 sicut
381 416 492 466 patet
510 413 623 466 quod
641 426 716 466 per
735 411 984 452 memoriam
998 443 1009 461 ,
1034 409 1278 461 intelligen-

251 486 352 525 tiam
373 488 413 524 et
438 484 700 525 voluntatem
730 484 896 524 venitur
923 483 966 522 in
991 481 1279 534 cognitionem

251 556 466 596 Trinitatis
487 570 495 596 :
518 556 708 595 similiter
729 566 803 607 per
822 554 1050 603 unitatem,
1073 564 1148 605 per
1167 551 1282 592 veri-

251 631 379 668 tatem
395 659 405 678 ,
428 631 468 668 et
484 627 740 675 bonitatem,
762 626 805 665 in
826 625 983 678 quibus
1003 623 1189 664 consistit
1208 635 1280 663 ra-

251 698 309 739 tio
327 698 497 750 vestigii
518 712 525 737 ε
552 697 623 737 sed
645 709 729 737 non
749 695 974 736 devenitur
994 708 1019 735 a
1040 694 1282 750 communi-

253 770 332 810 bus
352 770 400 810 ad
421 768 610 822 propria,
632 767 713 807 nisi
731 767 975 807 communia
994 765 1135 818 aliquo
1157 765 1283 806 modo

254 841 581 894 approprientur
600 854 607 880 :
631 851 728 879 cum
749 850 852 890 ergo
875 839 926 878 sit
945 838 1142 878 devenire
1159 838 1199 877 in
1219 837 1280 877 di-

255 913 364 953 vinis
383 924 457 964 per
474 911 719 951 communia
732 910 782 950 ad
798 910 1083 962 cognitionem
1107 908 1280 961 proprii,

255 987 315 1023 est
335 983 391 1022 ibi
406 981 704 1035 appropriatio.
726 981 788 1021 Ad
804 981 882 1021 hoc
900 984 961 1021 est
975 980 1202 1021 auctoritas
1218 992 1282 1020 sa-

256 1066 337 1094 crae
367 1053 619 1105 Scripturae,
645 1064 743 1105 quae
770 1051 1011 1104 appropriat
1038 1050 1283 1091 communia

257 1124 459 1178 pei'soniS‚
482 1127 529 1164 ut
550 1124 781 1176 potentiam
802 1122 927 1171 Patri,
950 1122 1199 1175 sapientiam
1221 1121 1285 1162 Fi-

254 1197 310 1237 lio
325 1229 336 1247 ,
361 1199 401 1237 et
417 1197 649 1236 bonitatem
669 1195 846 1248 Spiritui
867 1198 1024 1236 sancto.

309 1270 388 1312 Sed
417 1275 562 1311 contra
589 1282 598 1310 :
625 1274 662 1310 21.
691 1270 810 1310 Sicut
838 1283 881 1310 se
909 1270 1036 1310 habet
1064 1269 1287 1322 proprium

254 1344 303 1384 ad
333 1355 582 1393 commune,
612 1342 669 1382 ita
696 1354 923 1382 commune
949 1341 1001 1382 ad
1021 1341 1242 1394 proprium
1273 1352 1284 1381 :

256 1415 327 1455 sed
350 1415 574 1468 proprium
593 1426 679 1454 non
701 1416 836 1467 potest
854 1413 1182 1461 communicari,
1206 1412 1287 1452 nisi

254 1487 358 1527 falso
379 1502 386 1527 z
405 1499 508 1538 ergo
528 1499 605 1527 nee
624 1498 850 1527 commune
867 1484 1127 1538 appropriari
1150 1499 1158 1524 :
1181 1484 1288 1524 sicut

254 1571 357 1611 ergo
373 1559 594 1612 proprium
612 1557 744 1598 Patris
761 1570 984 1610 nunquam
1003 1557 1095 1597 aliis
1112 1557 1160 1596 fit
1176 1568 1289 1597 com-

254 1642 400 1680 mune,
423 1629 481 1669 sie
500 1641 579 1669 nec
595 1641 821 1669 commune
839 1628 1075 1681 proprium.

308 1704 347 1741 2.
371 1701 489 1751 Item,
511 1701 794 1754 appropriatio
813 1701 855 1740 in
877 1700 1033 1741 divinis
1052 1701 1126 1740 aut
1145 1701 1205 1739 est
1230 1711 1290 1738 se-

257 1773 446 1813 cundum
468 1785 573 1823 rem,
597 1775 670 1812 aut
691 1773 925 1813 secundum
944 1761 1204 1812 intellectum
1225 1784 1234 1810 :
1255 1770 1290 1810 si

256 1844 489 1885 secundum
522 1856 634 1894 rem,
669 1847 771 1884 tunc
804 1843 877 1884 ubi
909 1847 970 1884 est
1003 1842 1290 1896 appropriatio

256 1916 490 1956 secundum
520 1927 634 1966 rem,
655 1915 813 1968 aliquid
835 1927 910 1968 per
930 1914 1046 1967 prius
1067 1914 1218 1954 dieitur
1240 1914 1291 1954 de

253 1988 324 2027 illo
357 1987 426 2027 cui
458 1999 633 2040 appropi
643 1986 754 2026 iatur
792 2001 800 2026 z
834 1998 937 2038 ergo
968 1985 1012 2025 in
1045 1985 1199 2026 divinis
1231 1989 1292 2026 est

254 2061 386 2114 prius,
407 2064 447 2100 et
472 2060 699 2113 posteriuS,
721 2062 932 2112 quantum
951 2060 1002 2099 ad
1024 2059 1260 2099 essentialia
1279 2073 1288 2099 :

255 2132 364 2185 quod
396 2134 457 2172 est
484 2130 802 2171 inconveniens
834 2129 876 2171 Si
903 2130 1138 2170 secundum
1168 2130 1293 2170 intel-

254 2205 433 2251 lectum;
452 2216 550 2244 cum
570 2203 806 2243 intellectus
824 2202 884 2242 illi
905 2202 1201 2255 approprietur
1219 2204 1290 2253 (a),

258 2278 327 2318 cui
347 2277 485 2329 magis
501 2277 663 2330 judicat
682 2276 929 2326 convenire3
951 2288 1072 2328 ergo,
1091 2288 1188 2316 cum
1208 2288 1289 2315 ma-

256 2350 322 2401 gis
332 2349 492 2401 judicet
510 2348 747 2388 intellectus
760 2348 895 2387 inesse
911 2347 1159 2400 sapientiam
1179 2346 1292 2387 Patri

253 2424 460 2473 tanquam
489 2419 737 2472 antiquiori,
759 2419 818 2459 illi
839 2419 962 2459 debet
988 2418 1250 2471 appropriari
1274 2430 1285 2459 :

257 2492 327 2531 sed
358 2491 655 2544 appropriatur
684 2491 729 2530 in
756 2491 1021 2531 contrarium
1045 2503 1054 2530 :
1083 2502 1187 2542 ergo
1215 2502 1295 2543 ap-

259 2565 491 2618 propriatio
511 2568 571 2605 est
597 2567 744 2605 contra
764 2564 1027 2604 intellectum
1052 2579 1060 2604 :
1083 2576 1167 2604 non
1188 2574 1292 2615 ergo

260 2637 490 2677 attenditur
509 2636 742 2677 secundum
764 2636 1037 2676 intellectum.

314 2711 352 2749 3.
374 2708 494 2759 Item,
517 2709 593 2749 ubi
613 2712 674 2748 est
693 2707 997 2761 appropriatio,
1018 2707 1137 2760 prius
1153 2710 1216 2747 est
1235 2719 1297 2747 se-

259 2780 450 2821 eundum
492 2780 701 2820 rationem
742 2779 1010 2832 intelligendi
1050 2779 1292 2832 proprium,

260 2864 390 2905 quam
411 2852 729 2905 appropriatum
748 2865 758 2902 3
782 2852 886 2892 ratio
906 2852 1022 2891 enim
1043 2851 1295 2904 appropria-

259 2924 389 2964 tionis
415 2937 487 2976 per
512 2924 629 2974 prius
651 2927 713 2964 est
751 2924 795 2963 in
830 2924 999 2977 proprio
1023 2936 1033 2964 ε
1065 2935 1169 2975 ergo
1195 2935 1295 2964 cum

261 2996 581 3048 appropriatum
608 2996 661 3036 sit
689 2995 1195 3044 commune,secu11d11n1
1224 3007 1296 3035 ra-

261 3067 419 3106 tionem
458 3066 724 3119 intelligendi
769 3067 888 3119 prius
931 3067 1011 3107 erit
1053 3066 1294 3119 proprium,

263 3149 394 3190 quam
416 3149 643 3179 commune
663 3153 671 3178 :
696 3139 809 3191 quod
829 3142 890 3178 est
907 3138 1226 3179 inconveniens.

307 3233 348 3273 (α)
380 3233 474 3266 Εοῖίῖ.
514 3233 590 3265 Veu.
628 3236 875 3276 appropriatur.
908 3254 949 3259 —
983 3234 1024 3276 (h)
1059 3236 1139 3266 Item
1184 3243 1299 3276 quem.

266 3299 305 3305 —
321 3282 359 3323 (c)
376 3283 458 3314 Item
472 3282 685 3323 sapientiam.

1010 250 1424 302 SENTENTIARUM
1458 251 1553 292 LIB.
1584 251 1614 292 l.

1714 399 2013 442 CONCLUSIO.

1356 501 1567 537 Communia
1581 513 1657 548 quoe
1678 504 1717 538 z'n
1737 502 1872 537 clz'vz'm's
1887 503 2128 548 reperz'zmtur,
2144 505 2316 547 quantum
2335 505 2382 539 acl

1401 562 1442 596 z'cl
1460 561 1553 607 quod
1571 564 1793 608 siqnistcant,
1809 564 1874 597 um'
1896 573 1966 597 non.
1986 565 2068 598 sunt
2088 563 2382 609 appropriabz'lz'a

1398 631 1558 668 pcrsonoe
1578 633 1587 664 ;
1610 632 1676 666 quo
1702 632 1782 657 vero
1815 622 1863 656 acl
1890 632 2007 657 eorum
2034 621 2191 657 ordinem
2207 649 2216 665 ,
2235 625 2382 669 propter

1403 681 1595 727 quamdam
1629 683 1911 717 convenientiam
1948 683 2012 716 uni
2044 691 2202 726 personae
2234 684 2384 727 possunt

1404 751 1554 785 congrue
1573 743 1821 787 appropriari.

1410 842 1532 895 Resp.
1556 842 1607 883 ad
1628 842 1732 894 Arg.
1757 826 1988 883 Dicendum
2013 841 2127 894 quod
2150 841 2201 882 de
2230 853 2386 894 appro-

1356 914 1506 967 priatis
1522 917 1584 953 est
1600 913 1716 966 loqui
1734 913 1955 965 dupliciter
1979 928 1986 954 :
2010 917 2084 964 aut
2103 915 2314 965 quantum
2334 912 2386 952 ad

1356 986 1397 1026 id
1426 985 1539 1038 quod
1570 984 1833 1037 significant;
1859 988 1933 1024 aut
1956 987 2163 1038 quantum
2197 984 2248 1024 ad
2271 984 2388 1024 ordi-

1356 1070 1454 1098 nem
1475 1069 1602 1110 queni
1625 1059 1864 1097 connotant.
1887 1056 1929 1097 Si
1952 1060 2159 1110 quantum
2179 1057 2231 1098 ad
2251 1057 2388 1109 signi-

1357 1129 1546 1179 ficatum,
1564 1141 1661 1168 cuni
1678 1128 1781 1168 illud
1801 1128 1854 1168 sit
1874 1140 2113 1179 commune,
2137 1131 2176 1169 et
2191 1128 2390 1168 omnibus

1359 1201 1582 1241 conveniat
1613 1200 1803 1253 personis
1825 1213 1899 1253 per
1930 1200 2278 1251 indifferentiam,
2303 1213 2390 1241 non

1359 1272 1558 1313 convenit
1580 1272 1845 1325 appropriari
1862 1272 2022 1312 ratione
2043 1274 2211 1325 sumpta
2229 1285 2254 1312 a
2273 1275 2390 1325 parte

1359 1343 1443 1393 rei;
1480 1344 1778 1396 appropriatur
1809 1347 1952 1384 tamen
1980 1343 2141 1384 ratione
2170 1347 2338 1397 sumpta
2366 1356 2391 1383 a

1360 1418 1478 1468 parte
1523 1415 1757 1455 intellectus
1797 1415 1928 1455 nostri
1944 1447 1953 1463 ‚
1996 1418 2167 1468 propter
2202 1427 2390 1455 errorem

1360 1487 1662 1527 amovendum.
1687 1486 1896 1536 Quoniam
1916 1487 2031 1527 enini
2053 1487 2287 1527 intellectus
2306 1499 2393 1527 car-

1361 1559 1468 1599 nalis
1486 1558 1529 1598 in
1556 1562 1674 1612 patre
1694 1559 1851 1599 carnali
1872 1559 1987 1599 videt
2013 1559 2221 1600 defectum
2246 1562 2392 1612 poten-

1361 1631 1448 1679 tiae,
1471 1633 1511 1670 et
1529 1630 1573 1670 in
1594 1630 1681 1670 filio
1703 1630 1912 1671 defectum
1931 1630 2163 1683 sapientiae,
2186 1633 2226 1671 et
2244 1631 2289 1670 in
2308 1631 2394 1683 spi-

1362 1704 1449 1744 ritu
1469 1702 1670 1754 intelligit
1697 1703 1887 1742 furorem
1914 1701 2169 1751 iracundiee;
2193 1702 2286 1742 ideo
2310 1702 2396 1754 spi·
2452 1721 2454 1723 >

1362 1774 1529 1815 ritualis
1557 1774 1814 1825 intellectus,
1849 1778 1897 1814 ut
1918 1774 2054 1815 elevet
2082 1787 2107 1814 a
2129 1774 2393 1826 carnalitate,

1362 1847 1594 1900 potentiam
1614 1845 1726 1886 Patri
1747 1845 1962 1893 attribuit,
1985 1845 2183 1898 quamvis
2200 1858 2287 1886 non
2303 1858 2396 1885 ma-

1364 1918 1430 1970 gis
1447 1918 1671 1958 conveniat
1690 1917 1742 1966 ei,
1761 1917 1832 1957 sed
1852 1930 1905 1958 ne
1924 1917 2069 1957 minus
2089 1917 2282 1958 videatur
2301 1930 2398 1957 con-

1365 1990 1510 2031 venire
1533 2004 1542 2030 t
1572 1992 1613 2030 et
1645 1989 1703 2030 sic
1731 1989 1781 2030 de
1806 1989 1911 2029 aliis.
1935 1987 1978 2029 Si
1998 1991 2140 2029 autem
2170 1988 2398 2041 loquamur

1365 2064 1575 2115 quantum
1589 2061 1639 2101 ad
1661 2061 1867 2110 ordinem,
1891 2060 1954 2101 vel
1968 2060 2179 2112 originem
2199 2072 2329 2113 quam
2347 2059 2395 2110 (b)

1366 2136 1618 2183 connotant,
1658 2133 1716 2172 sie
1754 2131 2082 2185 appropriantur
2120 2144 2145 2171 a
2183 2133 2299 2184 parte
2339 2131 2399 2171 rei

1366 2207 1538 2258 propter
1563 2203 1901 2244 convenientiam
1927 2215 2026 2243 cum
2055 2203 2236 2256 propriis
2256 2214 2400 2255 perso-

1367 2289 1521 2316 narum
1538 2289 1547 2316 :
1563 2276 1677 2316 unde
1694 2275 1795 2328 quia
1811 2274 1931 2315 Pater
1950 2287 1975 2314 a
1991 2274 2107 2315 nullo
2125 2278 2199 2323 est,
2213 2277 2254 2314 et
2269 2273 2401 2314 Filius

1368 2361 1392 2388 a
1412 2348 1553 2399 Patre,
1576 2351 1616 2388 et
1645 2347 1826 2400 Spiritus
1855 2349 2025 2387 sanetus
2048 2347 2100 2387 ab
2130 2350 2338 2399 utroque3
2361 2350 2402 2387 et

1367 2420 1617 2473 hujusmodi
1649 2420 1751 2460 ordo
1783 2419 2012 2460 attenditur
2043 2419 2087 2458 in
2119 2419 2324 2471 potentia,
2362 2421 2402 2459 et

1369 2492 1574 2545 sapientia
1589 2494 1651 2543 (c),
1668 2495 1708 2532 et
1726 2491 1912 2532 bonitate
1935 2506 1943 2532 ε
1966 2491 2058 2531 ideo
2071 2493 2182 2543 patet
2202 2490 2308 2530 ratio
2327 2502 2401 2542 ap-

1370 2564 1628 2617 propriandi.
1669 2563 1787 2604 Unde
1823 2563 1895 2604 illa
1926 2574 2022 2616 quae
2054 2575 2140 2603 non
2174 2563 2403 2602 connotant

1369 2637 1511 2690 aliquo
1546 2637 1671 2677 niodo
1704 2636 1918 2686 ordinem,
1952 2635 2020 2675 vel
2048 2634 2281 2686 originem,
2317 2645 2402 2674 non

1371 2712 1470 2749 sunt
1493 2708 1833 2762 appropriabilia.

1429 2785 1466 2822 1.
1489 2781 1554 2822 Ad
1572 2781 1676 2821 illud
1697 2792 1802 2832 ergo
1822 2780 1935 2832 quod
1950 2779 2163 2832 objicitur,
2179 2777 2294 2831 quod
2312 2789 2404 2830 pro-

1371 2855 1514 2908 prium
1535 2866 1621 2894 non
1640 2852 1994 2901 communicatur,
2011 2863 2129 2903 ergo,
2145 2853 2240 2901 θῖθ.;
2264 2850 2402 2889 dicen-

1373 2928 1475 2967 dum
1496 2925 1609 2979 quod
1631 2936 1718 2965 non
1736 2927 1797 2964 est
1813 2923 1970 2971 simile,
1992 2923 2093 2975 quia
2113 2935 2165 2961 ex
2183 2921 2265 2961 hoc
2292 2921 2405 2974 quod

1374 3006 1600 3036 commune
1613 2993 1930 3046 appropriatur,
1952 3003 2039 3031 non
2060 2990 2304 3030 attribuitur
2323 2988 2405 3029 nisi

1373 3067 1412 3108 ei
1440 3066 1509 3107 cui
1529 3065 1730 3107 convenit
1753 3079 1760 3105 :
1782 3064 1853 3104 sed
1873 3063 1908 3103 si
1935 3062 2155 3116 proprium
2184 3062 2257 3101 fiat
2285 3072 2405 3101 com-

1375 3151 1520 3189 mune,
1541 3140 1645 3177 tune
1662 3135 1908 3177 attribuitur
1927 3135 1966 3175 ei
1986 3134 2054 3175 cui
2072 3145 2158 3174 non
2177 3132 2402 3174 convenit:

1375 3214 1415 3251 et
1432 3210 1526 3251 ideo
1549 3222 1635 3249 non
1652 3212 1714 3249 est
1731 3207 1881 3248 simile.

1430 3286 1468 3323 2.
1489 3281 1552 3322 Ad
1568 3281 1672 3321 illud
1692 3280 1804 3333 quod
1823 3278 2046 3332 quaeritur,
2073 3279 2219 3317 utrum
2247 3288 2406 3329 appro-

1376 3354 1528 3409 priatio
1545 3354 1597 3394 sit
1613 3352 1848 3393 secundum
1865 3363 1978 3399 rem,
2003 3350 2070 3390 vel
2090 3349 2323 3390 secundum
2340 3348 2408 3388 in-

1377 3427 1615 3475 tellectu1n3
1651 3423 1877 3465 dicendum
1909 3421 2022 3475 quod
2048 3433 2121 3474 per
2153 3421 2259 3471 hoe,
2294 3419 2408 3472 quod

1378 3502 1440 3539 est
1457 3496 1709 3547 secundum,
1731 3496 1866 3549 potest
1884 3493 1966 3535 diei
1988 3494 2052 3534 vis
2071 3491 2405 3546 appropriativa‚

1378 3569 1467 3611 sive
1485 3568 1744 3622 principium
1760 3565 2035 3620 approprians
2048 3577 2059 3616 ;
2074 3563 2144 3606 vel
2164 3565 2299 3617 potest
2310 3561 2405 3612 hoc,
