2613 3990
124 625 239 653 Divisio.

119 2424 244 2451 Concilia

117 2469 236 2499 quatuor

122 2509 231 2541 aposto·

131 2548 220 2573 lorum

109 2589 247 2625 principa-

109 2631 156 2657 lia.

1144 247 1389 290 DlSTlNCT.
1420 247 1488 288 XI.

513 381 784 426 EXPOSITIO
813 380 1014 422 TEXTUS

258 487 321 519 Hic
349 486 530 518 dicendum
553 488 623 526 est,
644 483 803 561 Spmtihm
823 485 977 514 sanctum
1000 491 1019 512 a
1038 482 1135 513 Patre
1155 489 1227 511 esse
1249 483 1281 511 et

718 530 752 562 F·
771 530 814 561 ’0.

316 626 452 680 Supra
472 627 560 678 egit
576 624 774 676 Magister
802 624 853 664 de
872 622 1135 676 processione
1154 622 1282 675 Spiri-

261 701 330 739 tus
351 698 480 738 sancti
501 697 546 737 in
571 694 884 747 comparatione
903 694 955 734 ad
972 694 1113 746 ipsum
1134 705 1282 746 proce-

260 769 427 810 dentem
446 783 455 809 :
476 768 569 808 haec
593 768 654 806 est
674 765 858 806 secunda
887 777 999 817 pars,
1019 765 1063 804 in
1082 777 1167 817 qua
1185 765 1282 816 agi-

257 844 327 881 tur
343 840 393 881 de
407 839 553 880 eadem
570 837 615 876 in
629 836 941 888 comparatione
958 835 1006 875 ad
1024 835 1283 888 principium

257 924 281 952 a
310 922 409 964 quo.
444 909 494 950 Et
519 907 724 949 dividitur
753 906 847 946 haec
880 918 978 958 pars
1008 906 1054 946 in
1087 906 1206 946 duas.
1237 907 1285 946 In

257 983 394 1036 prima
411 980 591 1022 ostendit
612 979 725 1032 quod
745 977 924 1031 Spiritus
949 981 1118 1019 sanctus
1144 991 1284 1031 proce-

257 1054 316 1095 dit
337 1066 361 1094 a
390 1052 510 1093 Patre
539 1053 579 1091 et
598 1050 728 1100 Fili03
756 1050 802 1090 in
829 1050 1012 1091 secunda
1036 1050 1287 1091 determinat

257 1123 436 1177 qualiter
454 1121 642 1175 procedit
661 1121 714 1161 ab
733 1121 806 1170 eis,
828 1120 952 1170 infra,
975 1121 1156 1161 distinct.
1178 1121 1249 1162 Xll
1275 1137 1282 1162 :

257 1196 358 1238 Item
380 1195 601 1248 quaeritur,
623 1203 716 1234 cum
741 1192 929 1245 Spiritus
952 1198 1126 1235 sanctus
1143 1204 1287 1246 proce-

257 1266 333 1309 dat
353 1277 380 1307 α
398 1266 524 1307 Patre
542 1268 580 1306 ct
596 1264 722 1306 Filio.

310 1337 452 1378 Prima
471 1348 569 1389 pars
589 1336 717 1376 habet
747 1338 946 1387 quatuor.
975 1334 1022 1375 In
1045 1336 1197 1388 prima,
1220 1348 1287 1376 os-

255 1409 388 1450 tendit
407 1408 608 1460 Magister
626 1419 701 1460 per
719 1407 874 1448 multas
891 1407 1160 1448 auctoritates
1176 1408 1289 1460 quod

257 1480 444 1534 procedit
468 1493 493 1520 a
513 1479 634 1520 Patre
658 1482 699 1519 et
725 1478 847 1519 Filio.
882 1477 930 1517 In
960 1479 1142 1519 secunda
1169 1491 1286 1527 vero,

257 1565 280 1593 e
312 1555 458 1593 contra
494 1563 568 1604 per
601 1550 786 1591 rationes
829 1548 1070 1590 Graecorum
1112 1551 1291 1590 ostendit

257 1623 371 1677 quod
391 1636 415 1663 a
437 1623 524 1663 solo
546 1621 682 1672 Patre,
710 1622 769 1661 ibi
791 1636 799 1662 :
826 1621 960 1662 Grceci
982 1625 1125 1662 tumen
1141 1620 1291 1662 dicunt

259 1694 475 1747 Spiritum
497 1698 695 1736 sanctum
721 1696 888 1734 tautum
912 1691 1130 1744 procedere
1155 1703 1181 1733 (t
1205 1692 1289 1733 Pu-

259 1769 335 1808 tre.
369 1765 415 1805 In
439 1765 577 1813 tertia,
606 1764 874 1804 auctoritates
902 1766 942 1804 et
972 1763 1152 1803 rationes
1177 1763 1290 1803 (31100-

260 1848 407 1876 corum
424 1835 549 1876 solvit
571 1837 611 1875 et
631 1835 896 1885 determinat,
918 1835 976 1874 ibi
997 1850 1006 1875 ·.
1038 1835 1123 1876 Nos
1149 1840 1293 1877 (tutem

260 1906 338 1949 illa
357 1906 482 1948 verba
501 1907 567 1949 itu
592 1906 937 1948 determinemus.
970 1906 1017 1946 In
1037 1909 1203 1959 quarta,
1227 1918 1291 1946 05-

259 1977 394 2018 tendit
422 1978 725 2019 confessionem
755 1978 851 2018 fidei
879 1978 1126 2018 Graecorum
1152 1978 1292 2031 impli-

261 2049 340 2089 cite
366 2049 591 2090 convenire
618 2060 716 2089 cum
746 2051 903 2099 nostra,
938 2049 1025 2089 ibi:
1064 2048 1293 2091 Sciendum

262 2126 403 2164 tamen
421 2121 536 2175 quod
556 2122 690 2163 Grcecz‘
708 2122 978 2174 confitentur.

698 2246 790 2275 DUB.
822 2247 851 2275 Ι.

531 2327 569 2357 111
584 2326 825 2367 principalibus
848 2327 1025 2359 Conctliis.

317 2409 531 2459 Quaeritur
546 2421 644 2462 quae
664 2413 762 2450 sunt
778 2410 848 2450 illa
871 2413 1055 2462 quatuor
1080 2412 1294 2465 principa-

264 2481 320 2522 lia
337 2481 535 2531 concilia3
564 2484 604 2520 et
620 2481 844 2521 dicendum
864 2482 976 2534 quod
1002 2482 1175 2523 fuerunt
1192 2497 1294 2536 qua-

265 2556 362 2593 tuor
379 2552 553 2592 concilia
578 2552 864 2605 apostolorum
883 2553 926 2592 in
948 2553 1128 2594 Ecclesia
1144 2555 1293 2607 primi-

266 2625 370 2673 tiva,
401 2628 450 2664 ut
475 2623 576 2664 dicit
598 2624 795 2676 quaedam
824 2624 963 2676 glossa
989 2638 1117 2678 super
1147 2627 1290 2668 Actus.

267 2696 461 2737 Primum
480 2696 560 2736 fuit
580 2696 632 2737 ad
649 2695 897 2737 electionem
911 2696 1111 2748 Matthiae,
1129 2699 1236 2743 Act„
1257 2711 1290 2749 1;

267 2769 515 2818 secundum,
546 2769 599 2810 ad
623 2769 871 2810 electionem
895 2772 1055 2822 septem
1088 2770 1294 2812 Diacono-

267 2852 388 2890 rum‚
424 2841 532 2892 Act„
556 2852 624 2891 v13
646 2840 820 2880 tertium
849 2842 929 2881 fuit
960 2842 1013 2883 ad
1041 2855 1128 2883 non
1157 2844 1293 2896 impo-

267 2912 406 2954 nenda
423 2912 579 2964 legalia
599 2912 814 2964 gentihus,
835 2913 944 2963 Act„
971 2926 1053 2965 xv3
1077 2919 1293 2968 quartum,

270 2984 321 3024 ad
338 2984 607 3024 tolerandum
623 2983 779 3035 legalia
797 2984 848 3024 ad
867 2987 1050 3037 tempus
1072 2987 1182 3036 Act„
1201 2999 1293 3026 xxi.

2306 252 2382 289 ’1119

1353 339 1425 378 1111·
1443 337 1521 377 ista
1541 337 1747 389 expositio
1766 336 2008 390 probabilis,
2025 348 2074 377 eo
2093 337 2204 389 quod
2224 337 2292 378 1110
2309 338 2382 390 qui

1356 407 1602 448 contradicit
1640 407 1842 457 articulis,
1888 407 2281 448 excommunicatus
2324 412 2383 448 est

1355 479 1446 531 ipso
1461 480 1559 530 ι11110
1581 493 1589 518 :
1615 490 1718 529 ergo
1737 490 1823 518 non
1843 478 2060 530 oportebat
2080 490 2156 530 pro
2176 479 2384 519 contrario

1355 550 1455 590 dare
1473 549 1724 589 sententiam
1746 563 1754 589 :
1776 560 1879 599 ergo
1898 548 2067 588 videtur
2086 547 2198 599 quod
2218 560 2293 599 pro
2316 549 2383 588 di—

1356 632 1479 661 verso
1502 620 1693 659 tulerunt
1724 618 1990 659 sententiam.
2024 617 2246 668 Praeterea,
2273 619 2386 659 unde

1357 691 1473 732 venit
1491 691 1570 730 ista
1593 690 1826 742 expositio?
1847 689 1899 730 Et
1921 689 2129 742 quaeritur
2149 701 2280 741 quare
2299 701 2386 729 non

1358 763 1560 803 dixerunt
1582 775 1590 801 :
1618 762 1819 813 Quisquis
1838 760 2173 803 contrudioeerit.

1412 832 1534 885 Resp.
1557 832 1788 872 Dicendum
1818 832 1945 884 quod,
1980 832 2087 871 sicut
2113 831 2212 871 dicit
2234 830 2387 871 Ansel-

1359 908 1492 954 mus1,
1517 919 1536 942 α
1550 903 1687 943 01111115
1698 902 1852 943 veritas
1870 914 1998 942 sacrae
2014 901 2243 955 Scripturae
2256 904 2390 954 potest

1360 976 1454 1026 dici,
1477 987 1575 1028 quaa
1600 987 1730 1015 sacrae
1757 974 1986 1027 Scripturas
2012 986 2099 1014 non
2124 974 2387 1022 contradicit,

1360 1050 1530 1100 propter
1545 1059 1665 1087 suam
1684 1045 2003 1098 generalitatem
2018 1047 2058 1085 et
2074 1045 2342 1097 dignitatem3
2365 1060 2384 1083 1)

1361 1123 1401 1158 01
1424 1117 1517 1158 ideo
1538 1117 1736 1170 praedicta
1761 1116 1968 1170 expositio
1994 1116 2120 1156 habet
2146 1116 2214 1156 hic
2231 1116 2387 1157 locum.

1362 1189 1447 1230 Nec
1465 1190 1547 1230 fuit
1565 1188 1868 1229 inconveniens
1885 1188 2124 1240 exprimere
2145 1199 2391 1228 excommu-

1362 1261 1615 1301 nicationem
1636 1259 1950 1309 haereticorum,
1977 1259 2079 1311 quia
2099 1258 2230 1298 sancti
2250 1257 2392 1299 Patres

1363 1332 1409 1372 in
1441 1331 1626 1372 conciliis
1650 1331 1902 1372 ordinabant
1932 1341 2028 1382 quae
2051 1329 2161 1382 ι111115
2189 1332 2330 1380 erant3
2354 1333 2394 1370 et

1363 1406 1566 1456 praeterea
1585 1402 1637 1442 ad
1655 1405 1861 1442 terrorem
1884 1403 1945 1441 est
1964 1401 2144 1451 dictum;
2167 1403 2203 1440 et
2226 1401 2392 1441 malue—

1363 1478 1463 1514 runt
1487 1474 1625 1515 dicere
1645 1472 1790 1522 aliud,
1808 1471 2005 1524 quamvis
2027 1471 2314 1512 intellexerint
2334 1471 2388 1525 (a)

1364 1546 1645 1593 contrarium,
1660 1547 1707 1584 ut
1721 1543 1861 1594 magis
1877 1547 2188 1595 compescerent
2201 1555 2274 1583 ora
2289 1555 2395 1596 prae-

1364 1620 1733 1669 sumptuosorum,
1771 1627 1824 1655 ne
1861 1615 2156 1655 adinvenirent
2187 1615 2394 1655 novitates

1365 1688 1409 1727 in
1429 1688 1525 1728 fide.
1549 1686 1793 1727 Secundum
1811 1685 2034 1727 veritatem
2053 1689 2197 1726 autem
2220 1699 2394 1727 excom-

1366 1759 1663 1800 municationis
1690 1757 1895 1798 sententia
1922 1770 2010 1798 non
2038 1770 2081 1797 se
2107 1758 2294 1798 extendit
2313 1759 2396 1798 nisi

1365 1831 1416 1871 ad
1437 1830 1782 1880 contradicentes,
1811 1830 1912 1882 quia
1938 1841 2024 1870 non
2051 1829 2131 1869 fuit
2157 1829 2394 1869 0011111111]-

1365 1902 1495 1942 tentio
1519 1900 1804 1954 p1¹aecludendi
1832 1901 1946 1941 viam
1975 1901 2027 1941 ad
2055 1900 2397 1953 explanationem

1365 1973 1463 2014 fidei
1477 1972 1710 2013 faciendam
1724 1973 1945 2024 majorem,
1967 1971 2002 2011 si
2019 1971 2128 2012 Deus
2142 1972 2244 2011 alios
2257 1972 2396 2024 magis

1365 2041 1624 2082 illuminaret
1644 2055 1652 2081 :
1676 2040 1709 2080 si
1729 2040 1809 2080 hoc
1828 2040 2031 2080 dixissent
2045 2041 2075 2089 ²,
2101 2043 2261 2080 constat
2278 2041 2393 2093 quod

1365 2127 1452 2155 non
1476 2115 1584 2154 bene
1603 2113 1708 2154 moti
1728 2113 1919 2164 fuissent,
1952 2115 1992 2154 et
2020 2113 2226 2154 sententia
2245 2125 2394 2154 eorum

1365 2187 1516 2228 merito
1541 2185 1746 2227 abolenda
1765 2188 1885 2227 esset.

1791 2318 1882 2345 DUB.
1915 2317 1973 2344 ΙΙΙ.

1663 2401 1730 2434 Sed
1749 2410 1826 2432 cum
1845 2409 1917 2432 non
1936 2400 1978 2431 sit
1998 2398 2098 2430 aliud.

1420 2485 1570 2526 Contra
1590 2499 1598 2525 :
1621 2483 1747 2524 Aliud
1773 2486 1834 2523 est
1852 2482 2003 2532 dicere,
2029 2481 2173 2533 Cappa
2192 2480 2392 2527 Socratis,

1366 2570 1496 2610 quam
1520 2557 1663 2608 Cappa
1684 2556 1802 2607 factet
1821 2566 1847 2596 α
1869 2554 2035 2596 Socrate
2050 2566 2063 2591 .·
2081 2563 2185 2604 ergo
2205 2550 2397 2590 similiter

1368 2630 1534 2669 videtur
1551 2629 1597 2668 in
1622 2626 1850 2681 proposito.
1881 2626 1967 2666 Aut
1991 2626 2025 2665 si
2054 2636 2155 2672 non,
2190 2621 2397 2675 quaeritur

1367 2701 1488 2742 ratio.

1422 2772 1542 2824 Resp.
1570 2769 1798 2811 Dicendum
1818 2767 1931 2821 quod
1949 2765 2179 2819 genitivus,
2199 2763 2398 2816 quamvis

1368 2843 1666 2884 denominetur
1684 2841 1736 2881 ab
1755 2838 2002 2880 habitudine
2022 2834 2232 2889 principii,
2253 2837 2397 2874 tamen

1368 2915 1494 2955 aliam
1505 2912 1800 2954 habitudinem
1813 2910 2025 2962 importat,
2038 2910 2085 2948 ut
2098 2906 2370 2960 possessionis
2385 2918 2394 2945 :

1369 2987 1441 3027 sed
1461 2998 1561 3026 cum
1588 2985 1633 3024 in
1655 2982 1807 3023 divinis
1832 2993 1919 3021 non
1947 2978 2065 3019 cadat
2084 2977 2303 3019 diversitas
2322 2989 2399 3017 nec

129 3064 254 3122 concina
272 3055 454 3096 Concilia
471 3067 574 3097 vero
594 3054 768 3095 Patrum
786 3055 1033 3109 principalia
1048 3058 1161 3110 apud
1180 3057 1297 3098 Grae-

115 3107 254 3183 pffissffi
273 3138 342 3166 005
361 3126 550 3167 similiter
569 3127 740 3167 fuerunt
761 3130 956 3179 quatuor,
982 3128 1138 3169 scilicet
1158 3128 1297 3170 Nicae-

129 3189 252 3257 'iffu‘ssssa'
272 3209 393 3248 num,
409 3196 684 3250 Ephesinum,
703 3196 1036 3240 Chalcedonense
1049 3202 1090 3240 et
1104 3200 1299 3242 Constan-

151 3272 226 3306 apud
273 3267 610 3320 tinopolitanum.

134 3313 254 3341 Graecos.

1369 3057 1585 3107 habitudo,
1618 3054 1698 3095 nisi
1726 3052 1918 3104 originis,
1945 3049 2108 3090 ratione
2133 3049 2323 3089 materiae
2353 3048 2399 3088 in

1370 3128 1527 3170 divinis
1546 3125 1851 3167 determinatur
1878 3121 1931 3162 ad
1958 3120 2255 3161 habitudinem
2275 3119 2396 3172 prin—

1371 3199 1484 3252 cipii,
1507 3202 1547 3238 et
1566 3198 1658 3238 ideo
1677 3196 1722 3235 in
1741 3194 1823 3235 Deo
1846 3193 1959 3233 idem
1979 3194 2040 3232 est
2058 3191 2197 3232 dicere
2217 3206 2226 3232 2
2257 3191 2398 3243 Spiri-

1372 3275 1439 3313 tus
1472 3269 1592 3319 Filii,
1616 3266 1731 3320 quod
1752 3279 1762 3306 ι
1792 3265 1984 3317 Spiritus
2006 3262 2202 3316 procedit
2223 3273 2250 3304 α
2269 3261 2396 3303 Filio.

701 3334 792 3363 ΕΗΒ·
820 3334 864 3362 Π·
1372 3341 1581 3381 Praeterea
1598 3339 1681 3379 alia
1700 3339 1761 3378 est
1777 3337 1900 3385 ratio,
1923 3335 2023 3388 quia
2041 3335 2228 3387 Spiritus
2247 3345 2398 3373 secun-

318 3402 383 3440 Qui
412 3403 501 3436 aliud
534 3405 699 3446 docuerit,
732 3405 787 3437 vel
820 3405 916 3437 aliter
947 3407 1194 3449 praedicaverit,
1233 3411 1297 3440 etc.

1418 3473 1426 3493 ¹
1442 3471 1606 3510 Anselin,
1626 3469 1762 3509 Dz'aloq.
1781 3467 1820 3499 de
1842 3467 1946 3498 Verit.
1961 3484 2002 3489 —
2015 3466 2028 3488 2
2042 3465 2108 3498 Sed
2124 3465 2189 3496 hoc
2206 3465 2256 3495 est
2275 3464 2401 3505 impos—

1374 3520 1495 3551 sibile:
1519 3518 1598 3559 quia
1623 3516 1774 3558 legitima
1801 3514 1945 3547 concilia
1970 3512 2165 3554 hujusmodi
2193 3521 2305 3544 errare
2330 3520 2401 3543 non

1374 3569 1530 3610 possunt.
1545 3583 1585 3589 -
1605 3564 1647 3606 (α)
1668 3564 1750 3596 Caet.
1769 3562 1851 3595 edit.
1872 3560 2124 3594 intellexeruut.

330 3478 512 3532 Exponit
542 3481 621 3522 ista
656 3483 808 3533 verba,
845 3482 887 3521 id
923 3486 998 3533 est,
1037 3487 1301 3527 contrarium

278 3549 482 3603 docuerit,
501 3552 794 3597 velcontrario
815 3552 952 3603 modo,
971 3556 1048 3596 etc.
1070 3555 1163 3597 Non
1179 3557 1301 3598 vide-
