2613 3990
1087 339 1216 380 DisTI
1227 339 1336 379 NCT.
1370 338 1453 379 XV.
2256 345 2332 382 243

223 439 265 478 et
284 432 474 492 Spiritus
504 438 691 475 sanctus.
721 432 775 474 Et
806 431 858 474 de
882 430 994 474 Filio
1026 430 1166 488 primo
1198 429 1423 471 videamus
1455 427 1673 486 quomodo
1701 425 1881 469 missum
1899 440 1999 469 eum
2020 427 2252 486 Apostolus
2270 431 2334 473 di·
2354 435 2492 461 §itmissffi

2373 476 2474 503 utrius-

178 500 182 507 ’
221 515 289 554 cat
307 509 318 531 ¹
339 526 347 551 :
371 509 494 553 Misit
525 511 638 552 Deus
665 509 828 552 Filium
860 523 985 550 sicum
1010 508 1186 565 factum
1215 522 1267 549 επ
1294 505 1489 549 muliere.
1523 504 1608 546 Ubi
1635 503 1736 546 satis
1768 502 1953 546 ostendit
1976 519 2024 547 eo
2043 504 2135 562 ipso
2155 506 2335 549 missum
2373 527 2438 552 (ευσ-

221 587 384 631 Filium
404 621 414 641 ‚
448 601 535 645 quo
568 585 728 628 factum
751 600 802 627 ex
822 584 1022 627 muliere.
1056 582 1245 625 Proinde
1279 581 1390 625 mitti
1411 597 1435 624 a
1454 581 1583 624 Patre
1605 580 1695 623 sine
1716 579 1881 638 Spiritu
1903 585 2049 624 sancto
2069 596 2157 624 non
2179 582 2334 640 potuit,

223 664 327 723 quia
358 664 486 707 Pater
516 661 778 717 intelligitur
802 661 966 704 misisse
994 676 1118 714 eum,
1142 675 1241 702 cum
1275 659 1375 702 fecit
1404 673 1456 701 ex
1475 657 1655 701 foemina
1678 673 1686 700 :
1711 657 1828 716 quod
1849 657 2000 716 utique
2020 672 2108 701 non
2130 658 2230 702 fecit
2247 659 2339 702 sine

224 741 389 800 Spiritu
410 745 569 783 sancto.
593 756 614 780 ›)
639 739 745 781 Ecce
765 739 833 782 hic
854 738 958 781 dicit
976 738 1140 781 Filium
1164 737 1343 779 missum
1363 751 1388 779 a
1405 736 1533 779 Patre
1552 740 1594 778 et
1615 734 1783 792 Spiritu
1803 740 1964 777 sancto.

288 834 309 858 ((
328 817 382 860 Et
401 816 518 875 quod
537 815 739 873 aSpiritu
762 820 906 858 sancto
927 814 1066 857 Filius
1099 814 1153 856 sit
1186 813 1342 856 missus
1360 848 1370 867 ,
1406 818 1454 856 ut
1481 812 1540 855 ait
1564 811 1839 867 Augustinus
1865 811 1911 854 in
1934 812 2084 857 eodem
2104 817 2136 868 ²,
2159 814 2344 857 auctori-
2399 828 2478 861 Quod

2320 891 2326 897 .
2366 879 2380 896 a
2397 869 2501 904 Spiritu

224 894 382 937 tatibus
401 892 700 936 confirmatur.
723 892 818 950 Ipse
837 891 1033 935 Christus
1052 890 1156 933 dicit
1174 905 1248 947 per
1268 890 1423 932 Isaiam
1444 890 1456 911 ³
1480 905 1489 931 ε
1515 891 1645 934 Nune
1668 888 1791 930 misit
1811 904 1879 931 me
1906 890 2148 945 Dominus,
2178 898 2219 933 et
2248 892 2346 948 sz-
2388 914 2483 937 sanct„

2371 952 2455 978 l-'iiius
2470 951 2504 976 sit

223 972 332 1013 ritus
352 972 457 1026 ejus.
487 968 547 1011 De
576 969 656 1011 hoc
679 968 960 1020 Ambrosius,
983 968 1029 1010 in
1052 967 1164 1010 libro
1198 967 1323 1009 tertio
1348 966 1401 1009 cle
1433 966 1604 1025 Spiritu
1634 974 1803 1017 sanem,
1828 966 1886 1008 ita
1909 966 1968 1008 ait
1988 969 2001 990 ⁴
2034 983 2042 1009 :
2074 984 2096 1008 ((
2115 966 2223 1019 Quis
2254 972 2343 1021 est,
2378 994 2493 1026 missus,

2379 1034 2498 1061 auctori-

224 1047 301 1105 qui
320 1046 422 1089 dicit
445 1061 453 1088 :
477 1047 547 1090 Me
566 1045 689 1088 misit
708 1045 924 1087 Dominus
952 1053 993 1087 et
1022 1044 1214 1103 Spiritus
1246 1043 1371 1101 φης,
1389 1043 1473 1086 11151
1504 1043 1580 1101 qui
1612 1043 1732 1085 venit
1751 1058 1775 1085 a
1794 1042 1938 1095 Patre,
1961 1049 2009 1085 ut
2033 1044 2174 1087 salvos
2192 1044 2348 1087 faceret

2389 1075 2490 1102 tatibus

224 1127 463 1181 peccatores
479 1158 489 1178 ,
513 1122 555 1164 id
578 1126 639 1165 est
659 1121 885 1165 Christus?
912 1122 1026 1179 Ergo
1060 1126 1101 1164 et
1134 1121 1261 1163 Pater
1282 1120 1449 1163 Filium
1472 1120 1602 1171 misit,
1626 1124 1666 1162 et
1685 1119 1874 1177 Spiritus
1894 1124 2082 1163 sanctus.
2105 1138 2126 1162 >³
2156 1121 2275 1163 Idem
2303 1121 2348 1164 in
2386 1116 2489 1185 flssfflssj

223 1199 372 1243 eodem
392 1199 404 1220 ⁵⁵
430 1216 438 1242 :
463 1199 634 1242 «Datus
653 1204 714 1241 est
735 1214 758 1241 a
777 1199 921 1253 Patre,
950 1204 998 1241 ut
1018 1198 1148 1241 Isaias
1168 1198 1271 1240 dicit
1288 1202 1300 1222 ⁴³
1327 1214 1335 1240 :
1365 1200 1475 1240 Puer
1495 1205 1629 1240 natus
1649 1204 1711 1240 est
1730 1196 1852 1239 nobis
1868 1233 1879 1249 ,
1905 1205 1945 1239 et
1966 1197 2104 1240 Filius
2131 1196 2263 1240 clatus
2287 1206 2350 1240 est

225 1277 359 1320 nobis.
394 1276 526 1319 Datus
546 1281 624 1330 est,
647 1276 785 1320 audeo
805 1276 961 1328 dicere,
985 1281 1026 1319 et
1046 1292 1071 1319 a
1091 1275 1257 1334 Spiritu
1275 1309 1285 1329 ,
1308 1274 1413 1333 quia
1433 1279 1473 1318 et
1493 1291 1517 1317 a
1538 1274 1705 1333 Spiritu
1735 1279 1880 1317 sancto
1912 1274 2068 1318 missus
2088 1280 2151 1318 est
2176 1275 2214 1330 ⁷3
2244 1275 2350 1317 dicit

226 1353 340 1397 enim
370 1353 512 1396 Filius
537 1353 612 1396 Dei
641 1356 654 1376 ⁸
679 1370 686 1396 :
710 1353 900 1412 Spiritus
932 1354 1114 1396 Domini
1141 1368 1268 1411 super
1297 1367 1392 1406 me,
1407 1360 1593 1411 propter
1626 1350 1740 1410 quod
1768 1351 1899 1394 missit
1916 1367 2018 1394 me:
2047 1352 2349 1411 evanqelizare

219 1430 485 1490 pauperibus
506 1430 732 1483 misiime,
749 1430 1000 1489 praedicare
1021 1430 1205 1489 captivis
1225 1429 1541 1482 remissionem,
1566 1434 1644 1472 etc.
1669 1429 1792 1480 Quod
1816 1444 1913 1471 cum
1943 1428 1994 1471 de
2020 1428 2132 1472 libro
2152 1429 2271 1473 Isaiae
2290 1430 2352 1473 le-

224 1514 371 1564 geret,
394 1507 452 1551 ait
473 1507 517 1550 in
540 1508 779 1565 Evangelio
799 1511 811 1530 ⁹
834 1525 841 1550 :
866 1508 1008 1551 Hodie
1028 1508 1244 1566 completa
1264 1514 1327 1550 est
1341 1506 1433 1549 liceo
1460 1507 1679 1565 scripturo
1699 1507 1745 1549 in
1765 1506 1943 1549 auribus
1963 1507 2129 1556 vestris,
2159 1512 2208 1549 ut
2230 1506 2281 1550 de
2310 1523 2353 1550 se

224 1585 387 1629 dictum
410 1600 498 1628 esse
519 1585 723 1641 signaret.
750 1585 866 1629 Bene
885 1591 1031 1628 autem
1054 1585 1180 1639 dixit,
1203 1600 1330 1643 super
1356 1599 1452 1636 me,·
1478 1585 1598 1642 quia,
1622 1583 1745 1642 quasi
1765 1583 1883 1627 filius
1902 1583 2108 1639 hominis,
2133 1588 2174 1626 et
2194 1590 2354 1628 unctus

225 1668 288 1706 est
306 1668 348 1705 et
369 1662 525 1706 missus
555 1662 608 1705 ad
638 1663 929 1719 Evangelium
960 1662 1303 1721 praedicandum.
1335 1661 1476 1716 Nam,
1504 1660 1746 1703 secundum
1778 1660 2083 1716 divinitatem,
2107 1676 2195 1704 non
2223 1676 2353 1720 super

227 1739 446 1782 Christum
471 1744 533 1782 est
553 1739 741 1798 Spiritus
758 1774 768 1794 ,
791 1740 864 1782 sed
885 1740 931 1782 in
950 1740 1136 1783 Christo.
1164 1756 1183 1778 »
1208 1739 1314 1781 Ecce
1335 1738 1402 1781 his
1422 1738 1566 1782 verbis
1585 1738 1772 1781 ostendit
1793 1723 2049 1782 Ambrosius
2073 1737 2237 1782 Filium
2266 1753 2355 1781 esse

229 1816 409 1860 missum
431 1821 471 1859 et
491 1816 640 1859 datum
660 1816 785 1860 nobis
806 1832 892 1860 11011
913 1822 1035 1859 tantu
1045 1832 1084 1859 m
1108 1831 1132 1859 a
1151 1816 1296 1870 Patre,
1320 1815 1393 1858 sed
1413 1815 1542 1858 etiam
1564 1830 1589 1858 a
1609 1814 1776 1873 Spiritu
1797 1820 1960 1858 sancto.

286 1892 449 1935 Deinde
477 1893 664 1936 ostendit
695 1909 783 1936 esse
804 1894 953 1936 datum
975 1894 1104 1936 etiam
1127 1909 1150 1936 a
1170 1893 1333 1951 seipso,
1358 1893 1418 1935 ita
1438 1892 1583 1935 dicens
1602 1893 1647 1935 in
1667 1892 1816 1935 eodem
1842 1892 1954 1936 libro
1975 1896 2004 1916 ¹⁰
2030 1908 2038 1934 :
2067 1910 2088 1933 «
2107 1892 2218 1935 Cum
2241 1893 2356 1936 enim
2414 1914 2491 1945 ommi

230 1985 318 2013 uon
338 1969 570 2013 definitum
590 1970 723 2013 fuerit
743 1986 818 2029 per
840 1971 1099 2029 Prophetam
1123 1986 1147 2013 a
1166 1985 1253 2028 quo
1274 1970 1402 2013 datus
1422 1975 1484 2012 est
1502 1969 1643 2012 Filius
1664 2004 1674 2023 ,
1697 1969 1941 2013 ostenditur
1960 1969 2087 2012 datus
2107 1970 2245 2026 gratia
2265 1970 2360 2012 Tri·
2380 1956 2515 2024 F¹(¹1¹['uf''

227 2047 389 2100 nitatis,
413 2051 460 2088 ut
489 2046 619 2089 etiam
649 2046 740 2105 ipse
764 2047 904 2089 Filius
925 2062 968 2090 se
989 2047 1170 2090 dederit.
1195 2047 1299 2089 Ecce
1320 2046 1390 2089 hic
1409 2047 1512 2089 dicit
1532 2046 1647 2105 quod
1669 2046 1809 2089 Filius
1827 2061 1870 2089 se
1891 2046 2025 2101 dedit,
2047 2046 2151 2105 quia
2171 2046 2361 2089 Trinitas
2392 2039 2508 2115 {22:2¹²

227 2138 328 2165 eum
351 2122 484 2166 dedit.
511 2141 532 2163 n
557 2123 604 2167 Si
635 2129 781 2167 autem
802 2125 941 2167 Filius
964 2140 987 2167 a
1010 2140 1052 2167 se
1073 2124 1200 2167 datus
1223 2129 1306 2179 cst,
1330 2139 1354 2166 a
1374 2139 1417 2166 se
1438 2138 1540 2180 ergo
1566 2123 1722 2166 missus
1742 2128 1826 2178 est,
1855 2128 1896 2166 et
1929 2139 1953 2166 a
1980 2138 2022 2166 se
2053 2124 2270 2182 processit.
2307 2124 2359 2167 Et

226 2199 306 2243 1100
326 2200 478 2259 utique
498 2215 651 2244 verum
674 2206 751 2255 est,
775 2206 816 2244 et
832 2201 1008 2244 concedi
1028 2206 1213 2259 oportet,
1236 2216 1337 2244 cum
1357 2200 1451 2259 ejus
1473 2201 1617 2243 missio
1638 2200 1691 2243 sit
1711 2200 1861 2244 divina
1880 2201 2087 2259 operatio.

286 2277 412 2329 Quod
432 2284 577 2321 autem
598 2294 624 2321 a
642 2293 685 2321 se
706 2279 920 2332 mittatur,
945 2278 1222 2335 Augustinus
1242 2278 1397 2321 astruit
1416 2278 1462 2320 in
1481 2277 1594 2321 libro
1615 2277 1803 2321 secundo
1820 2276 1872 2320 de
1894 2278 2109 2322 Trinitate
2126 2282 2154 2304 ¹¹
2177 2278 2322 2321 dicens
2347 2295 2355 2321 :
2418 2302 2498 2332 Qum

232 2371 252 2396 «
275 2353 402 2397 Forte
430 2354 590 2413 aliquis
617 2361 768 2412 cogat,
797 2361 846 2398 ut
877 2355 1072 2398 dicamus
1100 2355 1230 2398 etiam
1262 2370 1287 2398 a
1314 2354 1452 2413 seipso
1493 2354 1674 2397 missum
1695 2369 1785 2398 esse
1803 2354 1970 2398 Filium
1990 2372 1999 2411 3
2023 2355 2128 2414 quia
2153 2361 2194 2399 et
2213 2356 2361 2400 Mariae
2383 2340 2520 2410 Fss¹1⁵1¹s¹ssussi¹

227 2435 474 2489 conceptus,
496 2436 537 2474 et
556 2436 721 2490 partus,
745 2432 936 2490 operatio
957 2432 1181 2475 Trinitatis
1207 2437 1284 2475 est.
1317 2431 1399 2475 Sed
1420 2467 1430 2487 ,
1453 2431 1600 2490 inquit
1627 2431 1788 2490 aliquis
1806 2467 1816 2486 ,
1840 2448 1928 2491 quo
1956 2433 2085 2476 modo
2110 2433 2241 2476 Pater
2260 2449 2361 2477 eum
2411 2432 2473 2451 ³⁵8¹

228 2508 373 2562 misit,
395 2508 430 2551 si
449 2508 538 2566 ipse
558 2509 710 2552 misit?
745 2508 826 2552 Cui
859 2509 1098 2568 respondeo
1137 2524 1338 2568 quaerens
1370 2514 1418 2551 ut
1443 2509 1581 2564 dicat,
1629 2525 1718 2568 quo
1752 2509 1881 2553 modo
1915 2524 2016 2553 eum
2057 2510 2188 2554 Pater
2206 2511 2362 2554 sancti-

227 2584 392 2640 ficavit,
416 2585 451 2628 si
472 2590 513 2628 et
532 2585 622 2645 ipse
642 2600 685 2629 se
712 2585 1035 2629 sanctificavit?
1065 2586 1309 2645 Utrumque
1329 2586 1444 2629 enim
1466 2586 1681 2630 Dominus
1698 2586 1758 2630 ait
1783 2603 1791 2629 :
1819 2589 1954 2641 Quem
1984 2590 2131 2641 Pater,
2155 2588 2356 2648 inquitffl,

226 2662 550 2721 sanctificavit,
590 2670 631 2706 et
661 2662 785 2706 misit
824 2663 870 2706 in
908 2662 1023 2706 lunio
1063 2662 1295 2706 mundum.
1334 2663 1388 2706 Et
1425 2663 1530 2706 alibi
1546 2665 1574 2685 ¹³
1609 2679 1617 2706 :
1657 2664 1753 2723 qu
1779 2680 1860 2723 pro
1901 2665 1959 2708 eis
1993 2665 2222 2724 sanctifico
2251 2667 2358 2709 mei-

218 2753 366 2798 psum.
406 2740 514 2783 Item
552 2755 701 2799 quaero
720 2774 730 2795 ,
766 2756 854 2799 quo
895 2741 1020 2784 modo
1062 2740 1190 2783 Pater
1225 2756 1326 2783 eum
1364 2739 1542 2783 tradidit
1561 2775 1570 2795 ,
1604 2741 1640 2784 si
1671 2741 1761 2800 ipse
1786 2757 1829 2785 se
1860 2742 2035 2786 tradidit
2053 2746 2071 2786 ‘?
2114 2743 2356 2803 Utrumque

228 2816 345 2859 enim
376 2817 552 2874 legitur.
576 2817 736 2872 Credo,
758 2817 1060 2876 respondebit,
1084 2817 1119 2860 si
1142 2817 1272 2876 probe
1291 2817 1429 2876 sapit,
1460 2817 1564 2875 quia
1596 2833 1685 2861 una
1718 2819 1920 2862 voluntas
1952 2825 2015 2862 est
2045 2819 2186 2863 Patris
2218 2826 2260 2864 et
2285 2820 2356 2864 Fi-

227 2892 302 2947 lii,
335 2899 376 2936 et
410 2893 710 2952 inseparabilis
741 2895 948 2953 operatio.
981 2894 1051 2938 Sic
1081 2894 1216 2951 igitur
1245 2894 1489 2951 intelligat,
1524 2894 1647 2937 illam
1686 2895 2057 2951 incarnationem,
2100 2903 2141 2940 et
2178 2913 2232 2941 ex
2268 2898 2356 2942 vir-

227 2968 327 3025 gine
348 2970 620 3014 nativitatem
637 3006 647 3026 ,
677 2971 723 3014 in
751 2987 839 3030 qua
858 2971 998 3015 Filius
1026 2972 1288 3029 intelligitur
1318 2972 1489 3028 missus,
1514 2987 1603 3015 una
1623 2973 1860 3032 eademque
1881 2974 2129 3031 operatione
2152 2974 2295 3018 Patris
2313 2982 2355 3018 et

228 3045 329 3089 Filii
353 3047 700 3107 inseparabiliter
729 3064 818 3092 esse
844 3049 1022 3104 factam,
1046 3064 1134 3093 non
1160 3049 1261 3092 inde
1292 3053 1487 3107 separato
1524 3049 1688 3107 Spiritu
1714 3055 1860 3093 sancto
1868 3083 1954 3093 .....
1985 3050 2101 3107 Ergo
2121 3067 2146 3095 a
2164 3051 2292 3095 Patre
2312 3058 2354 3095 et

228 3121 339 3166 Filio
361 3124 516 3168 missus
536 3132 598 3168 est
617 3125 730 3169 idem
751 3125 906 3180 Filius,
933 3125 1036 3184 quia
1057 3142 1080 3169 a
1099 3126 1227 3169 Patre
1249 3131 1290 3169 et
1309 3125 1454 3169 Verbo
1476 3126 1569 3184 ejus
1588 3126 1751 3168 factum
1771 3131 1832 3169 est
1859 3132 1908 3169 ut-
1927 3127 2187 3182 mitteretur,
2208 3128 2251 3171 id
2271 3134 2348 3183 est,

230 3199 477 3251 incarnatus
507 3201 759 3246 hominibus
781 3207 1022 3261 appareret.
1060 3202 1155 3246 Non
1186 3202 1303 3246 enim
1322 3202 1480 3245 missus
1500 3208 1564 3246 est
1580 3202 1792 3245 mutando
1811 3202 1972 3257 locum,
1995 3205 2101 3263 quia
2118 3205 2165 3248 in
2187 3205 2350 3248 mundo

228 3283 335 3319 erat.
358 3276 630 3336 Quapropter
649 3279 778 3322 Pater
796 3278 1046 3333 invisibilis,
1071 3295 1160 3323 una
1179 3294 1280 3323 cum
1298 3279 1411 3323 Filio
1431 3294 1578 3322 secum
1598 3278 1826 3334 invisibili,
1844 3280 2045 3324 eumdem
2064 3281 2229 3325 Filium
2248 3281 2351 3325 visi—

227 3353 360 3397 bilem
380 3353 593 3411 faciendo,
615 3356 780 3400 misisse
800 3369 901 3399 eum
919 3355 1061 3399 dictus
1080 3362 1159 3413 est,
1182 3356 1260 3416 qui
1280 3356 1315 3400 si
1335 3356 1396 3399 ita
1414 3355 1601 3400 visibilis
1621 3354 1759 3413 fieret,
1782 3361 1831 3399 ut
1849 3371 1949 3400 cum
1969 3357 2097 3402 Patre
2117 3357 2349 3402 invisibilis

270 3507 281 3528 ¹
301 3505 391 3546 Gal„
409 3514 456 3547 iv,
476 3509 506 3538 4.
521 3525 562 3530 —
575 3509 588 3529 ²
601 3509 698 3550 Aug„
714 3507 810 3548 ibid„
828 3517 857 3541 0.
871 3516 903 3539 ν.
922 3526 957 3530 -
972 3509 986 3530 ³
999 3509 1076 3548 lsa„
1093 3518 1214 3549 vam,
1232 3511 1332 3542 16.—
1350 3508 1545 3548 *Amin-os„
1562 3509 1601 3539 de
1622 3508 1713 3548 sz‘r.
1735 3508 1784 3549 S„
1805 3509 1863 3540 lib.
1885 3510 1944 3550 111,
1964 3520 1993 3542 c.
2015 3519 2045 3551 1,
2062 3520 2097 3542 n.
2116 3512 2145 3542 7.
2163 3512 2230 3534 —5
2246 3510 2346 3552 Ibz'd„

228 3563 256 3584 c.
279 3561 319 3593 11,
335 3562 370 3584 n.
388 3554 487 3585 9.---6
505 3555 582 3593 Ιεα.,
603 3563 649 3595 ix,
671 3556 769 3586 6.——7
787 3555 917 3596 Amhr.‚
935 3555 973 3586 de
989 3556 1080 3597 Spir.
1106 3557 1230 3598 8.,111).
1251 3558 1308 3598 ΙΙΙ,
1329 3566 1358 3588 0.
1381 3565 1404 3596 1,
1423 3565 1458 3587 n.
1478 3558 1507 3596 1,
1529 3557 1547 3586 2
1563 3557 1596 3586 et
1616 3558 1691 3587 (5.-
1706 3556 1718 3574 ⁸
1733 3556 1811 3587 Iso..
1833 3565 1904 3597 Lxl,
1929 3561 2000 3588 1.-
2019 3558 2032 3578 ⁹
2050 3558 2139 3598 Luc„
2164 3565 2210 3598 1v,
2231 3561 2281 3590 21.
2309 3577 2343 3581 -

229 3600 258 3622 ¹⁰
275 3601 407 3678 ΛΜΞ-Ἰ
422 3600 461 3631 de
478 3601 570 3641 Spir.
586 3602 636 3642 8.,
651 3602 707 3632 lib.
729 3603 786 3642 111,
807 3612 838 3634 0.
859 3610 897 3643 11,
913 3611 949 3634 11.
970 3604 1001 3633 9.
1014 3620 1054 3626 -—
1074 3604 1097 3625 ¹¹
1119 3606 1273 3644 August„
1294 3603 1334 3634 de
1355 3603 1490 3642 Trinit„
1504 3601 1562 3633 lib.
1582 3603 1624 3642 ΙΙ,
1637 3611 1667 3633 c.
1683 3610 1714 3642 v,
1729 3612 1765 3634 11.
1780 3604 1855 3634 9.-
1871 3604 1897 3625 ¹2
1908 3604 2016 3644 Jocm„
2037 3612 2071 3645 x,
2087 3605 2224 3636 36.--13
2236 3607 2345 3648 Ιοαη.,

228 3654 313 3687 xvn,
379 3671 386 3677 .
