2613 3990
261 266 311 305 96
1020 257 1433 302 sEN'rENTiAanM
1452 236 1557 299 Lm.
1592 258 1621 299 1.

258 355 420 395 constat
436 351 550 407 quod
570 350 778 393 distinctio
795 349 1078 402 generationis
1095 362 1180 390 uon
1197 351 1284 389 tan-

255 428 348 466 tum
369 427 430 466 est
448 437 472 465 a
493 426 609 477 parte
629 421 917 473 intelligentis,
940 433 1091 462 verum
1112 420 1238 461 etiam
1258 432 1282 460 a

254 499 372 549 parte
392 496 451 536 rei
478 510 486 536 z
510 507 613 546 ergo
634 494 693 533 illi
716 492 983 541 distinctioni,
1002 495 1049 533 ut
1066 491 1278 539 exercitae,

252 567 476 620 respondet
497 565 704 606 distinctio
724 564 861 604 realis.

306 642 345 678 9..
369 637 471 678 Item
486 669 495 685 ,
518 635 773 678 affirmativa
799 637 859 675 est
881 635 982 675 falsa
996 666 1005 684 ,
1035 651 1053 673 «
1074 635 1182 675 Deus
1201 646 1281 686 ge-

253 710 369 750 nitus
399 711 459 750 est
491 707 599 748 Deus
627 717 870 757 generans:
895 720 914 743 ›)
946 718 1051 757 ergo
1080 704 1281 756 negativa

252 784 313 821 est
330 792 444 829 vera,
469 795 487 816 «
508 778 616 818 Deus
636 777 809 829 genitus
823 789 910 818 non
931 780 991 818 est
1015 775 1125 816 Deus
1145 786 1279 827 gene-

251 863 363 891 rans.
381 866 399 887 »
419 849 513 898 Sed,
536 849 643 889 sicut
661 849 919 890 affirmativa
935 847 1145 899 significat
1164 846 1280 886 iden-

252 923 437 972 titatem,
474 921 531 961 ita
558 920 760 973 negativa
792 919 1078 961 diversitatem
1109 933 1117 958 ε
1147 929 1277 969 ergo,

252 994 361 1033 sicut
388 992 519 1033 Deum
551 995 849 1045 generantem,
870 994 909 1031 et
936 990 1152 1042 genitum,
1174 1000 1279 1028 con-

252 1065 378 1116 tingit
397 1064 446 1104 ad
470 1064 653 1105 invicem
669 1063 906 1117 comparari
923 1061 1130 1102 mediante
1146 1072 1276 1112 nega-

250 1136 386 1183 tione,
411 1135 468 1176 ita
499 1136 710 1176 mediante
740 1136 905 1175 alietate
935 1146 945 1174 :
976 1144 1079 1184 ergo
1100 1131 1192 1172 haec
1218 1133 1279 1171 est

249 1219 366 1258 vera,
394 1223 412 1244 «
436 1206 544 1248 Deus
562 1207 713 1259 genuit
731 1207 863 1247 alium
884 1206 1032 1245 Deum.
1056 1220 1074 1241 »

304 1281 342 1319 3.
357 1278 461 1319 Item
477 1291 486 1318 :
506 1277 672 1327 «Pater,
686 1278 775 1318 sive
788 1277 914 1326 Deus,
931 1277 1084 1329 genuit
1097 1277 1244 1329 alium,
1255 1292 1273 1314 »

249 1351 344 1392 haec
359 1353 421 1391 θεῖ
435 1362 537 1391 vera
553 1365 563 1391 t
581 1353 743 1391 constat
759 1362 878 1402 ergo,
895 1352 968 1390 aut
980 1349 1111 1390 alium
1128 1350 1276 1399 Deum,

249 1424 322 1462 aut
345 1421 478 1462 alium
503 1433 590 1462 non
614 1421 748 1462 Deum
783 1433 792 1461 z
823 1421 893 1463 sed
917 1433 1003 1462 non
1029 1421 1163 1461 alium
1193 1434 1279 1462 non

248 1493 382 1534 Deum
405 1506 414 1534 :
437 1505 555 1546 ergo,
585 1496 663 1535 etc.

302 1568 341 1606 4.
366 1565 486 1616 Item,
509 1565 623 1608 alius
643 1568 705 1606 θεῖ
725 1564 934 1606 terminus
954 1564 1178 1605 masculini
1199 1576 1279 1617 ge-

249 1638 387 1689 neris,
411 1638 486 1691 qui
506 1641 586 1678 stat
605 1650 681 1691 pro
706 1650 885 1691 persona
904 1637 945 1676 in
967 1636 1177 1689 partitivis
1194 1639 1280 1677 ter-

250 1710 377 1751 minis
402 1725 411 1751 :
434 1722 538 1763 ergo
568 1709 684 1751 (llius
708 1709 807 1750 dicit
838 1709 1046 1749 alietatem
1074 1722 1279 1762 persona—

249 1781 334 1823 lem
353 1794 363 1823 :
384 1782 455 1823 sed
471 1782 564 1823 haec
583 1785 644 1823 θεῖ
663 1794 778 1832 vera,
803 1796 822 1818 «
842 1780 952 1821 Deus
977 1780 1128 1832 genuit
1146 1780 1279 1821 Deum

251 1853 383 1894 alium
408 1854 453 1893 in
480 1865 659 1907 persona
682 1865 691 1893 ε
714 1868 732 1890 ›>
766 1865 870 1905 ergo
892 1852 1084 1893 similiter
1110 1852 1199 1892 liaec
1219 1855 1281 1893 θεῖ

256 1937 376 1978 vera,
403 1941 422 1964 «
444 1925 552 1966 Deus
572 1925 723 1978 genuit
742 1924 875 1966 alium
894 1924 1038 1965 Deum.
1067 1939 1085 1961 n

613 2049 914 2092 CONCLUSIO.

252 2140 513 2185 Artificialiter
553 2139 744 2185 loquendo,
771 2150 841 2175 non
878 2142 928 2175 est
961 2139 1185 2175 admittenda
1210 2140 1280 2176 Iiaec

398 2201 577 2235 sententia
598 2210 610 2235 :
631 2200 722 2235 Deus
742 2199 865 2246 genuit
885 2199 992 2236 alium
1012 2201 1135 2235 Deum.

305 2293 344 2330 1.
384 2288 507 2343 Resp.
546 2290 597 2331 ad
634 2289 740 2342 Arg.
777 2289 1010 2331 Dicendum
1042 2290 1155 2343 quod
1188 2290 1279 2332 haec

250 2361 468 2403 consuevit
498 2361 705 2414 distingui
732 2376 740 2402 :
776 2377 795 2400 «
824 2361 934 2402 Deus
964 2362 1116 2414 genuit
1145 2362 1278 2403 alium

250 2431 408 2484 Deum3
428 2447 445 2470 n
472 2432 571 2485 quia
588 2433 701 2475 alius
722 2436 857 2487 potest
883 2434 1018 2474 teneri
1044 2433 1274 2487 adjective,

250 2506 291 2544 et
318 2503 376 2544 sic
411 2504 530 2557 ponit
558 2504 768 2546 alietatem
802 2505 912 2546 circa
940 2505 1121 2546 formam
1155 2505 1278 2546 istius

249 2575 419 2616 termini
439 2608 450 2627 ,
495 2577 604 2618 Deus
645 2591 654 2617 1
689 2580 729 2618 et
772 2577 830 2617 sic
864 2577 1019 2618 locutio
1054 2579 1116 2618 θεῖ
1158 2577 1274 2618 falsa.

250 2645 389 2688 Potest
407 2647 533 2688 etiam
552 2648 689 2689 teneri
706 2648 967 2689 substantive
979 2681 989 2700 ,
1007 2650 1056 2689 ut
1081 2649 1278 2689 substan—

250 2719 432 2771 tivetur;
456 2722 497 2760 et
521 2722 623 2761 tunc
645 2722 707 2760 est
731 2719 968 2773 appositiva
997 2719 1273 2771 constructio,

250 2790 357 2831 sicut
374 2791 531 2832 animal
549 2791 694 2841 homo,
716 2794 756 2831 et
775 2794 836 2831 est
855 2802 1003 2831 sensus
1019 2790 1100 2831 hoc
1116 2789 1242 2831 modo
1264 2802 1275 2830 ς

252 2860 361 2902 Deus
392 2864 541 2915 genuit
567 2863 700 2903 alium
733 2862 892 2914 Deum,
927 2862 967 2902 id
1006 2865 1092 2912 est,
1125 2862 1278 2914 genuit

250 2931 407 2983 alium,
438 2934 511 2986 qui
540 2937 602 2975 est
629 2933 737 2974 Deus
765 2948 773 2975 :
803 2937 844 2974 et
875 2933 921 2973 in
953 2933 1032 2974 hoc
1062 2945 1190 2974 sensu
1215 2935 1277 2973 est

247 3003 403 3046 locutio
422 3018 537 3046 vera.
560 3006 655 3055 Sed,
676 3006 773 3047 licet
786 3006 863 3046 ista
878 3005 1086 3046 distinctio
1103 3005 1147 3045 in
1160 3005 1274 3046 Iocu-

248 3075 434 3117 tionibus
453 3077 699 3130 theologicis
713 3110 723 3129 ,
744 3081 915 3131 propter
933 3077 1163 3130 quemdam
1182 3090 1276 3131 pro-

247 3147 389 3200 prium
410 3148 585 3189 modum
603 3149 806 3202 loquendi
820 3181 830 3200 ,
850 3149 993 3189 locum
1012 3148 1186 3201 habeat,
1210 3153 1274 3190 ta-

247 3230 362 3270 men,
373 3223 583 3272 quantum
598 3224 703 3261 esset
716 3221 766 3261 de
781 3220 936 3261 virtute
951 3221 1171 3272 sermonis,
1184 3233 1271 3261 non

247 3295 353 3333 esset
368 3292 688 3345 distinguenda,
709 3293 810 3346 quia
827 3293 1084 3346 adJectivum
1102 3293 1150 3333 ad
1151 3295 1274 3346 Junc-

246 3366 339 3404 tum
355 3364 635 3414 substantivo,
652 3368 700 3405 ut
717 3365 835 3407 homo
859 3365 1001 3416 albus,
1016 3376 1100 3405 non
1118 3364 1272 3406 dicitur

246 3435 562 3487 substantivari,
582 3448 660 3476 nec
677 3427 1188 3489 appositiva'constructio
1208 3437 1272 3478 di-

246 3506 355 3548 citur
378 3507 437 3548 ibi
465 3519 574 3559 esse,
603 3507 789 3549 maxime
815 3520 913 3549 cum
943 3508 1015 3548 illa
1045 3508 1099 3548 sit
1128 3507 1271 3550 minus

246 3579 486 3621 communis
502 3583 693 3635 respectu
712 3582 850 3633 magis
874 3579 1127 3621 communis.
1152 3578 1269 3621 Unde

1357 361 1454 390 cum
1479 350 1558 389 hoc
1585 360 1765 399 nomen,
1799 347 1929 398 (llius,
1952 347 2003 387 sit
2027 347 2281 401 adJectivum
2305 347 2382 389 ha-

1357 420 1460 460 bens
1495 420 1805 461 substantivum
1845 419 2122 471 conjunctum
2139 451 2149 468 ,
2186 419 2230 459 in
2266 431 2382 472 prze—

1357 491 1465 531 dicta
1482 491 1692 531 locutione
1711 490 1827 543 ponit
1847 489 2073 539 alietatem,
2095 489 2204 530 circa
2223 490 2378 543 ipsum,

1357 565 1517 604 ratione
1543 563 1747 616 suppositi
1768 565 1809 604 et
1836 563 1999 603 formae.
2025 560 2075 601 Et
2094 563 2327 614 propterea,
2347 562 2382 602 si

1357 635 1541 675 velimus
1573 634 1846 675 artificialiter
1875 632 2125 687 procedere,
2152 633 2381 685 ¹iudicanda

1355 708 1416 746 est
1435 706 1528 746 talis
1545 706 1700 747 locutio
1719 706 1834 746 falsa.

1412 777 1584 830 Propter
1603 778 1694 829 hoc,
1716 779 1768 818 ad
1789 776 2113 830 intelligentiam
2133 777 2254 818 dietae
2269 777 2381 819 locu-

1354 848 1500 899 tionis,
1524 849 1709 889 notanda
1737 852 1798 889 est
1827 849 1978 901 regula
2001 848 2255 889 communis
2286 847 2380 889 Non

1355 919 1481 959 hahet
1494 919 1633 960 Iocum
1646 921 1890 961 omnimoda
1901 920 2123 971 distinctio,
2140 919 2214 960 ubi
2224 932 2310 960 non
2321 922 2382 961 θεῖ

1355 1003 1408 1031 ex
1429 991 1604 1030 diversis
1623 992 1761 1031 causis
1784 992 1905 1043 unio3
1932 991 2047 1033 verbi
2068 991 2219 1044 gratia,
2243 990 2378 1042 Pater,

1354 1064 1395 1102 et
1409 1061 1554 1113 Filius,
1578 1065 1618 1103 et
1632 1062 1812 1115 Spiritus
1829 1065 1998 1103 sanctus
2012 1064 2225 1104 uniuntur
2240 1062 2286 1102 in
2301 1062 2382 1103 hoc

1354 1133 1548 1184 nomine,
1572 1135 1708 1184 Deus,
1734 1146 1819 1174 non
1839 1146 1892 1174 ex
1915 1134 2092 1175 diversis
2112 1134 2271 1183 causis,
2295 1133 2382 1174 sive

1355 1205 1517 1247 ratione
1540 1206 1827 1258 diversorum3
1859 1207 1930 1247 sed
1952 1207 2115 1249 ratione
2141 1206 2272 1247 unius
2293 1206 2383 1247 dei-

1354 1277 1470 1328 tatis,
1499 1277 1589 1319 sive
1618 1278 1826 1319 essentiae.
1849 1277 1955 1319 Unio
1976 1291 2029 1320 ex
2049 1279 2225 1320 diversis
2248 1277 2384 1318 causis

1355 1352 1414 1390 est
1431 1382 1441 1401 ,
1465 1353 1512 1390 ut
1536 1350 1581 1389 in
1600 1349 1774 1391 homine
1794 1351 2006 1391 uniuntur
2024 1349 2173 1391 Petrus
2197 1351 2238 1390 et
2257 1348 2382 1390 Joan-

1356 1434 1432 1462 nes
1455 1421 1616 1462 ratione
1637 1421 1902 1463 diversarum
1926 1421 2256 1472 humanitatum,
2283 1421 2385 1474 qnia

1357 1492 1437 1533 alia
1455 1495 1516 1533 est
1540 1493 1785 1534 humanitas
1811 1491 1937 1543 Petri,
1960 1495 2001 1533 et
2026 1493 2107 1533 alia
2124 1492 2310 1534 Joa'nnis.
2334 1492 2385 1533 Et

1349 1566 1476 1618 Juxta
1507 1566 1617 1606 hanc
1650 1565 1870 1618 regulam,
1905 1565 1958 1605 ab
1992 1566 2182 1618 opposito
2214 1567 2274 1606 est
2302 1565 2384 1606 alia

1356 1638 1507 1689 regula
1533 1637 1789 1691 accipienda.
1814 1636 1907 1678 Non
1929 1638 2055 1678 habet
2076 1637 2218 1678 Iocum
2240 1637 2382 1678 omni—

1355 1712 1479 1753 moda
1508 1712 1625 1762 unio,
1654 1712 1728 1753 uhi
1756 1715 1816 1752 θεῖ
1841 1711 1970 1751 simul
1997 1722 2096 1751 cum
2117 1710 2274 1751 unione
2297 1710 2379 1751 dis—

1355 1783 1500 1824 tinctio
1520 1815 1530 1833 ,
1566 1786 1614 1824 ut
1646 1796 1655 1823 :
1691 1783 1828 1834 Pater,
1864 1784 1904 1823 et
1939 1781 2095 1833 FiliuS,
2127 1784 2167 1822 et
2201 1780 2382 1834 Spiritus

1355 1858 1523 1895 sanctus
1543 1855 1754 1895 uniuntur
1774 1854 1819 1895 in
1837 1866 1924 1895 una
1944 1853 2109 1902 deitate,
2131 1853 2220 1895 sive
2239 1865 2383 1894 essen-

1352 1926 1411 1967 tia
1426 1939 1438 1978 3
1461 1926 1531 1967 sed
1552 1926 1866 1967 distinctionem
1887 1926 2044 1967 habent
2061 1924 2225 1965 ratione
2242 1924 2382 1978 plura-

1353 1996 1480 2038 litatis
1499 2010 1794 2051 personarum.

1409 2068 1654 2110 Secundum
1673 2069 1753 2110 hoc
1773 2071 1834 2110 est
1859 2068 2182 2118 attendendum,
2204 2068 2317 2122 quod
2336 2068 2381 2109 in

1353 2140 1507 2181 divinis
1523 2141 1719 2194 qufedam
1739 2140 1946 2181 vocabula
1965 2140 2194 2193 important
2209 2139 2379 2180 distinc-

1352 2213 1510 2254 tionem
1530 2213 1691 2265 solum,
1717 2212 1913 2266 quaedam
1939 2212 2227 2253 omnimodam
2252 2211 2378 2252 unio-

1352 2296 1452 2325 nem
1469 2317 1479 2334 ,
1501 2284 1699 2337 quaedam
1721 2284 1858 2325 medio
1879 2284 2018 2325 modo.
2042 2283 2252 2334 Quoniam
2276 2295 2380 2336 ergo

1353 2355 1462 2396 Deus
1475 2368 1699 2408 generans,
1717 2359 1759 2397 et
1776 2356 1885 2397 Deus
1899 2355 2086 2408 genitus,
2102 2355 2179 2396 etsi
2194 2355 2277 2396 sint
2289 2367 2381 2409 per-

1351 2427 1551 2468 sonaliter
1580 2427 1783 2478 distincti,
1814 2431 1959 2468 tamen
1978 2427 2022 2467 in
2040 2427 2193 2468 deitate
2212 2427 2380 2468 uniun-

1350 2501 1422 2539 tur
1441 2511 1494 2539 ex
1520 2499 1667 2540 eadem
1693 2511 1834 2549 causa,
1858 2499 1961 2553 quia
1982 2511 2070 2540 una
2089 2498 2264 2550 deitate3
2287 2499 2380 2540 ideo

1350 2583 1437 2612 non
1468 2571 1678 2625 recipiunt
1702 2570 1879 2612 nomina
1911 2570 2185 2624 importantia
2217 2569 2377 2623 simpli-

1350 2643 1454 2684 citer
1479 2642 1807 2684 distinctionem.
1847 2641 1943 2683 Ideo
1970 2642 2063 2682 haec
2087 2653 2175 2682 non
2194 2641 2380 2682 admitti-

1349 2718 1421 2755 tur
1443 2728 1453 2756 :
1473 2730 1491 2754 a
1510 2714 1620 2756 Deus
1644 2714 1966 2766 distinguitura
1985 2714 2090 2764 Deo;
2109 2727 2128 2750 ›>
2153 2713 2343 2754 similiter
2366 2727 2376 2754 :

1355 2803 1374 2825 «
1396 2787 1504 2828 Deus
1522 2787 1672 2839 genuit
1691 2786 1824 2827 alium
1855 2785 2002 2827 Deum.
2026 2800 2045 2823 υ
2071 2784 2195 2836 Item,
2216 2784 2378 2826 ratione

1348 2859 1650 2910 distinctionis,
1670 2870 1756 2899 non
1773 2857 2039 2911 recipiuntur
2059 2856 2265 2897 vocabula
2284 2868 2378 2897 om-

1349 2931 1565 2972 nimodam
1582 2930 1856 2984 importantia
1875 2930 2080 2971 unionem
2098 2928 2140 2968 in
2162 2928 2379 2982 supposito

1348 3004 1388 3041 et
1409 3002 1566 3053 forma3
1592 3002 1705 3042 unde
1736 3002 1830 3043 haec
1853 3013 1942 3042 non
1969 3000 2172 3054 recipitur
2193 3013 2203 3041 :
2231 2999 2378 3041 «Deus

1348 3073 1500 3125 genuit
1526 3085 1584 3114 se.
1609 3088 1628 3111 n
1662 3073 1741 3114 Sed
1771 3073 1864 3124 illa,
1893 3083 1989 3125 quae
2014 3070 2153 3112 medio
2178 3070 2304 3112 modo
2333 3083 2377 3113 se

1347 3144 1525 3195 habent,
1548 3145 1830 3198 recipiuntur,
1853 3144 1977 3198 quale
1998 3145 2060 3184 est
2077 3143 2158 3184 hoc
2175 3143 2373 3195 verbum,

1346 3220 1540 3269 acuerat,
1560 3217 1662 3270 quia
1681 3217 1780 3258 dicit
1800 3215 2108 3258 distinctionem
2129 3215 2174 3256 in
2195 3228 2375 3270 persona

1347 3301 1445 3329 cum
1464 3289 1626 3330 unitate
1656 3289 1861 3330 essentiae.
1892 3287 2094 3329 Similiter
2116 3288 2209 3329 haec
2227 3300 2373 3329 conce-

1345 3360 1460 3401 ditur
1483 3375 1492 3402 :
1522 3376 1540 3399 «
1562 3359 1683 3402 Pater
1708 3362 1884 3413 generat
1913 3360 2094 3401 alterum
2123 3372 2181 3401 εθ.
2203 3374 2222 3398 ι)
2257 3358 2374 3400 Unde

1346 3432 1617 3484 Augustinus
1637 3432 1696 3475 ad
1714 3432 1957 3475 Maoez‘mum
1976 3435 2017 3474 ¹:
2043 3446 2062 3471 <z
2082 3430 2205 3473 Pater
2223 3429 2373 3484 genuit

1388 3546 1399 3567 ¹
1415 3545 1520 3586 Epist.
1539 3554 1647 3588 cmix,
1669 3546 1711 3579 al.
1736 3554 1835 3587 Μῖνι,
1857 3556 1893 3577 n.
1914 3547 1945 3578 5.
1966 3545 2042 3579 Vid.
2061 3554 2163 3588 supra
2184 3545 2220 3579 in
2240 3543 2370 3586 littera,

1345 3603 1374 3625 c.
1397 3594 1490 3625 Nunc
1512 3594 1557 3626 acl
1568 3596 1798 3638 praemissam,
1820 3597 1852 3626 et
1871 3593 1952 3627 dub.
1969 3601 2030 3627 vu.

2423 863 2517 899 Regu-

2437 905 2504 934 lat.

2426 1651 2523 1686 negu-

2437 1694 2505 1723 1a2‚
