2613 3990
671 239 800 281 DIST.
832 237 990 279 XXVII.
1024 235 1175 276 PART.
1207 235 1257 276 ΙΙ.

238 336 278 373 4.
299 332 363 373 Ad
381 331 486 372 illud
508 330 620 383 quod
638 329 848 382 objicitur,
875 326 988 379 quod
1017 328 1120 366 tunc
1137 336 1215 377 po-

184 406 264 444 test
282 403 362 443 dici
382 402 562 442 verbum
588 402 806 448 creaturae,
831 396 1056 437 dicendum
1085 395 1212 447 quod⁷

185 474 293 514 sicut
312 476 424 526 patet
443 485 496 513 ex
515 472 676 512 ratione
689 469 890 518 nominis,
910 467 1100 507 Verbum
1121 467 1216 506 dicit

184 547 423 598 respectum
449 546 498 584 ut
521 543 573 583 ad
602 542 918 595 producentem,
941 538 1041 590 quia
1060 538 1216 577 dicitur

185 617 367 657 verbum
394 614 580 664 dicentis,
608 612 799 653 similiter
820 611 987 650 Donum
1017 624 1024 650 z
1058 612 1098 649 et
1117 609 1216 661 quia

183 687 428 741 principalis
446 687 674 738 respectus,
687 684 938 735 importatus
948 693 1023 734 per
1040 692 1212 729 nomen,

183 758 322 798 solum
352 757 505 798 dicitur
535 757 725 808 respectu
763 765 978 806 personae,
1011 752 1103 792 ideo
1139 763 1216 791 nec

183 828 316 869 Filius
335 828 487 869 dicitur
504 827 686 867 verbum
700 828 918 873 creaturae,
940 836 1017 863 nec
1035 822 1216 875 Spiritus

182 902 352 940 sanctus
372 899 532 939 donum
553 899 772 937 creaturae.
796 899 843 936 Et
861 896 896 936 si
914 898 962 935 tu
981 894 1153 947 objicias
1167 894 1215 932 de

181 970 262 1011 hoc
287 970 459 1010 nomine
474 969 680 1021 Spiritus,
697 967 922 1008 dicendum
943 965 1071 1019 quod,
1091 969 1216 1016 prout

181 1041 232 1082 de
261 1041 415 1094 spiritu
434 1039 564 1080 Heliae
596 1039 765 1087 dicitur,
797 1050 883 1078 non
907 1036 1110 1089 accipitur
1136 1035 1215 1075 sub

182 1118 280 1156 actu
300 1113 523 1168 personali,
545 1114 647 1166 quia
667 1112 846 1166 Spiritus
868 1113 1038 1152 sanctus
1063 1109 1216 1150 dicitur

180 1188 353 1241 spiritus
372 1186 508 1227 Patris
527 1189 568 1227 et
585 1186 679 1227 Filii
697 1189 884 1235 tantum;
908 1185 979 1225 sed
1008 1183 1216 1235 accipitur

181 1259 234 1300 ab
254 1262 351 1300 actu
368 1258 569 1311 spirandi,
594 1258 644 1299 de
664 1270 748 1311 quo
769 1257 950 1298 Joannes
964 1260 974 1278 ¹
997 1271 1005 1296 :
1035 1271 1053 1293 α
1075 1255 1213 1307 Spiri-

181 1337 251 1375 tus
269 1333 342 1375 ubi
359 1332 452 1375 vult
471 1333 633 1385 spirat,-
653 1346 672 1369 1)
699 1334 739 1372 θῖ
757 1332 834 1372 1εῖθ
855 1334 915 1371 θεῖ
935 1333 1052 1370 actus
1071 1340 1217 1369 essen-

179 1403 303 1444 tialiS.
324 1402 458 1453 Unde,
489 1404 599 1444 sicut
624 1403 779 1457 dicitur
810 1403 919 1443 Deus
942 1401 1089 1450 Heliae,
1116 1400 1217 1453 quia

178 1474 292 1515 fovet
310 1473 490 1524 Heliam,
512 1474 581 1515 vel
600 1474 652 1514 ab
666 1474 809 1526 aliquo
829 1473 910 1513 alio
930 1476 1050 1523 actu;
1076 1473 1136 1513 ita
1154 1471 1216 1511 di-

180 1545 289 1586 citur
311 1545 485 1598 spiritus
503 1545 650 1596 Heliae,
685 1545 785 1598 quia
804 1545 934 1598 spirat
954 1544 1086 1585 Heliae
1102 1550 1129 1585 2.
1154 1546 1215 1586 Ita

179 1615 308 1657 etiam
323 1618 461 1668 posset
475 1616 557 1657 dici
568 1616 739 1669 spiritus
757 1618 928 1656 sanctus
942 1614 1088 1663 Heliae,
1107 1615 1216 1656 sicut

180 1687 334 1728 dicitur
350 1687 396 1726 in
413 1686 604 1727 Daniele³
623 1701 632 1727 z
661 1701 680 1725 <‹
699 1685 928 1727 Suscitavit
947 1685 1058 1726 Deus
1086 1686 1215 1739 spiri-

180 1760 274 1799 tum
294 1761 489 1799 sanctum
515 1757 637 1811 pueri
661 1757 862 1810 Junioris.
881 1772 900 1795 1)
936 1756 1020 1798 Νθθ
1049 1757 1128 1798 hoc
1155 1761 1217 1798 est

182 1835 327 1872 contra
345 1831 612 1884 Magistrum,
636 1832 738 1884 quia
754 1834 841 1885 ipse
856 1831 1046 1884 loquitur
1062 1831 1113 1872 de
1127 1832 1215 1884 spi-

181 1901 269 1942 ritu
296 1905 422 1955 prout
442 1905 503 1943 est
521 1914 679 1943 nomen
699 1902 946 1955 impositum
971 1914 996 1942 a
1025 1903 1217 1955 proprie-

181 1975 264 2013 tate
289 1974 519 2026 personali,
554 1977 595 2015 et
620 1974 759 2026 magis
793 1974 1123 2014 determinatum
1156 1977 1217 2015 est

179 2043 285 2085 illud
312 2044 438 2085 totale
466 2057 638 2096 nomen,
668 2045 782 2098 quod
806 2047 887 2085 stet
912 2057 989 2098 pro
1019 2057 1213 2098 persona,

179 2127 311 2168 quam
329 2115 410 2156 hoc
423 2127 580 2157 nomen
596 2116 780 2169 spiritus
791 2128 865 2169 per
883 2128 926 2156 se
942 2131 952 2166 ;
968 2118 1009 2156 et
1028 2116 1121 2156 ideo
1137 2117 1217 2157 fre-

177 2187 379 2239 quentius
409 2187 661 2229 invenimus
689 2188 886 2240 spiritum
923 2187 1004 2227 dici
1035 2187 1215 2241 alicujus

178 2258 382 2309 hominis,
414 2271 546 2311 quam
582 2259 779 2311 spiritum
815 2260 1007 2298 sanctum
1035 2258 1216 2312 alicujus

176 2329 363 2370 hominis
392 2344 402 2369 ε
433 2332 619 2370 attamen
646 2329 863 2370 invenitur
898 2328 1068 2380 alicubi,
1098 2331 1212 2383 quia,

177 2402 286 2443 sicut
304 2402 460 2443 dicitur
481 2403 654 2455 spiritus
669 2402 816 2450 Heliae,
834 2402 936 2455 quia
952 2402 998 2442 in
1015 2415 1115 2443 eum
1134 2404 1215 2456 spi-

176 2475 242 2513 rat
273 2476 313 2514 et
342 2473 545 2526 inspirat,
580 2474 638 2514 ita
666 2474 838 2527 spiritus
863 2477 1032 2515 sanctus
1060 2475 1212 2528 Heliae,

177 2543 279 2596 quia
306 2543 346 2584 ei
375 2547 518 2584 sancta
536 2544 747 2597 inspirat:
777 2548 818 2585 et
836 2545 929 2586 ideo
949 2546 1136 2586 fortassis
1154 2547 1215 2587 ibi

177 2614 339 2655 dictum
350 2617 425 2666 est,
440 2615 553 2668 quod
567 2615 786 2657 suscitavit
798 2616 995 2669 spiritum
1003 2620 1211 2668 sanctum,

178 2685 279 2738 quia
296 2698 384 2727 non
403 2687 483 2727 fuit
500 2686 552 2727 ad
566 2687 711 2727 futura
723 2688 1055 2740 praedicendum,
1074 2689 1145 2730 sed
1162 2690 1214 2730 ad

177 2756 377 2809 iniquum
389 2756 603 2813 judicium
622 2758 952 2799 retractandum.

233 2829 272 2868 5.
295 2828 360 2868 Ad
377 2828 480 2869 illud
497 2828 610 2882 quod
625 2829 837 2881 objicitur,
854 2830 967 2882 quod
986 2842 1141 2871 nomen
1156 2831 1213 2872 di—

179 2910 276 2940 cens
295 2902 535 2952 respectum
552 2900 604 2940 ad
621 2902 858 2940 creaturam
881 2913 968 2941 non
989 2905 1051 2942 θεῖ
1070 2902 1214 2943 notio-

178 2970 293 3020 nale3
322 2970 548 3012 dicendum
576 2972 690 3024 quod
724 2984 880 3013 verum
907 2976 993 3024 est,
1026 2973 1061 3013 si
1091 2973 1213 3014 illum

178 3053 287 3095 pure
304 3041 414 3082 dicat
437 3057 446 3083 :
481 3042 552 3083 sed
578 3042 757 3084 Verbum
776 3055 865 3083 non
885 3046 1052 3085 tantum
1071 3045 1213 3097 ipsum

179 3112 292 3164 dicit,
313 3124 391 3153 nec
410 3113 699 3167 principaliter
711 3113 825 3165 dicit,
841 3114 913 3154 sed
926 3115 1214 3168 principaliter

180 3183 279 3224 dicit
296 3187 534 3237 respectum
554 3185 607 3226 ad
626 3184 808 3234 Patrem,
830 3185 937 3225 sicut
955 3189 996 3226 et
1019 3186 1070 3227 de
1097 3186 1213 3228 Dono

180 3253 341 3295 dictum
366 3256 442 3294 est.
468 3253 602 3307 Magis
631 3257 775 3296 autem
808 3254 940 3296 Filius
965 3260 1005 3297 et
1033 3256 1215 3310 Spiritus

181 3327 353 3365 sanctus
381 3325 661 3367 nominantur
691 3326 941 3367 nominibus
977 3327 1214 3369 dicentibus

226 3407 238 3429 ¹
251 3407 360 3446 Joan„
377 3414 428 3447 III,
445 3409 475 3439 8.
488 3425 529 3430 --
542 3408 556 3428 2
569 3408 667 3449 Sup.,
678 3408 754 3440 dist.
769 3417 867 3441 XVIII.
877 3426 918 3432 —
929 3409 941 3430 3
955 3410 1144 3450 Dan.‚{X111,
1159 3412 1213 3442 45.

182 3472 222 3478 —
235 3455 362 3495 ⁴Aug„
390 3454 429 3485 de
446 3464 521 3487 vera
544 3455 665 3496 Reli9.,
688 3466 717 3488 c.
735 3464 797 3497 Lv,
817 3466 853 3487 11.
871 3459 942 3488 113.
956 3474 997 3480 -
1015 3458 1028 3479 5
1044 3458 1097 3498 Cf.
1115 3458 1213 3490 Alex.

183 3501 327 3542 AlensiS,
342 3511 375 3542 p.
392 3503 425 3542 l,
443 3511 477 3543 q.
493 3510 576 3541 an,
594 3504 723 3535 memb.
739 3506 769 3544 1,
787 3506 850 3535 art.
866 3506 906 3544 23
929 3505 965 3537 S.
981 3505 1116 3546 Thom.,
1135 3515 1169 3547 p.
1186 3508 1213 3546 I,

185 3559 219 3591 q.
233 3557 354 3591 xxxw,
373 3552 435 3583 art.
449 3553 468 3582 2
478 3561 490 3592 3
509 3553 544 3584 et
555 3551 595 3583 de
618 3552 736 3594 Verit.‚
756 3561 790 3594 q.
805 3559 858 3594 111,
879 3555 942 3585 art.
957 3554 974 3585 3
985 3563 997 3594 3
1017 3557 1051 3586 et
1067 3556 1079 3586 Ι
1100 3554 1209 3594 Sent.,

1287 234 1405 276 ART.
1438 235 1471 275 I.
1503 234 1700 283 QUAEST.
1729 234 1801 275 III.
2242 243 2319 280 447

1288 326 1526 377 respectum
1546 324 1598 364 ad
1626 326 1878 372 creaturam,
1900 337 2028 377 quam
2050 326 2190 379 Pater;
2215 341 2321 381 quo-

1289 395 1420 443 niam,
1434 395 1669 435 secundum
1686 395 1895 435 rationem
1907 395 2169 449 intelligendi
2187 402 2228 439 et
2245 413 2320 452 ap-

1290 465 1547 517 propriandi,
1576 466 1695 518 quasi
1722 467 1911 507 medium
1931 470 2029 506 sunt
2047 468 2156 508 inter
2176 482 2252 509 nos
2281 474 2321 510 et

1290 535 1437 585 Deum,
1464 539 1505 576 et
1530 537 1765 577 secundum
1794 538 2002 577 rationem
2023 540 2321 591 appropriandi

1289 611 1388 647 sunt
1414 608 1661 648 reducentes
1679 609 1731 649 ad
1752 608 1901 649 Deum.
1924 608 2057 659 Unde,
2085 611 2321 651 secundum

1289 678 1611 730 Augustinum*
1638 693 1646 718 ε
1684 694 1703 717 (ι
1739 678 1859 719 Pater
1891 682 1952 719 est
1980 680 2238 732 principium
2271 682 2320 721 ad

1289 750 1403 801 quod
1422 749 1684 800 reducimur,
1710 749 1842 790 Filius
1867 750 2002 790 forma
2022 763 2152 803 quam
2178 753 2322 804 sequi-

1289 832 1401 868 mur,
1423 823 1462 860 et
1483 819 1664 872 Spiritus
1683 823 1851 860 sanctus
1866 822 2005 873 gratia
2025 834 2110 874 qua
2130 823 2322 862 reconci-

1288 890 1459 931 liamur.
1480 906 1498 928 1)
1525 890 1642 932 Unde
1670 895 1709 931 et
1738 891 1817 944 ipsi
1847 893 1983 943 magis
2008 893 2178 946 proprie
2202 894 2323 934 nobis

1288 961 1379 1002 dari
1401 962 1614 1013 dicuntur,
1639 975 1768 1015 quam
1790 962 1925 1014 Pater,
1948 967 2026 1004 etc.

1639 1130 1875 1180 QUAESTIO
1905 1131 1977 1174 ΙΙΙ.

1289 1232 1350 1268 An
1366 1235 1472 1279 prius
1489 1235 1551 1279 sit,
1565 1235 1753 1270 secundum
1772 1237 1950 1271 rationem
1969 1236 2210 1282 intelligendi,
2235 1239 2321 1274 Ver-

1445 1293 1541 1335 bum,
1575 1304 1624 1329 an
1651 1296 1857 1340 sapientia,
1888 1297 1961 1330 sive
1987 1298 2122 1331 notitia
2143 1299 2167 1331 5.

1342 1406 1399 1447 De
1427 1408 1739 1460 comparatione
1767 1409 1890 1451 Verbi
1909 1410 1961 1450 ad
1980 1412 2265 1462 septennatim
2282 1415 2322 1452 et

1289 1489 1387 1518 cum
1409 1477 1542 1519 Filius
1556 1479 1608 1519 sit
1623 1481 1805 1520 verbum
1823 1483 1864 1521 et
1880 1481 2098 1533 sapientia,
2116 1483 2322 1534 quaeritur

1289 1550 1402 1601 quod
1431 1550 1611 1591 istorum
1635 1551 1687 1591 sit
1714 1552 1832 1604 prius
1862 1553 2094 1593 secundum
2117 1554 2323 1594 rationem

1288 1619 1566 1672 intelligendi.
1589 1621 1640 1662 Et
1660 1623 1775 1675 quod
1793 1624 1998 1676 sapientia
2016 1626 2134 1677 prius
2159 1626 2226 1676 sit,
2255 1626 2326 1666 vi-

1289 1691 1413 1732 detur
1456 1705 1530 1745 per
1563 1693 1884 1745 Augustinum,
1918 1694 1971 1735 IX
2006 1695 2056 1737 cle
2100 1697 2324 1749 Trinitate,

1290 1775 1381 1815 cap.
1401 1775 1431 1802 x
1455 1777 1464 1803 2
1493 1779 1512 1801 (ι
1531 1762 1717 1804 Verbum
1738 1768 1798 1805 est
1815 1778 1912 1806 cum
1931 1779 2075 1807 amore
2094 1768 2246 1809 notitia
2270 1784 2278 1810 :
2301 1784 2320 1806 »

1289 1845 1393 1886 ergo
1432 1834 1628 1879 Verbum,
1663 1837 1901 1877 secundum
1930 1837 2138 1878 rationem
2167 1839 2324 1880 intelli-

1289 1906 1434 1957 gendi,
1457 1906 1570 1947 addit
1589 1919 1717 1959 supra
1737 1908 1930 1948 notitiam
1952 1923 1960 1949 :
1980 1909 2049 1949 sed
2067 1910 2180 1962 quod
2194 1923 2237 1951 se
2250 1911 2323 1951 ha-

1290 1977 1359 2018 bet
1389 1990 1464 2030 per
1493 1978 1751 2019 additionem
1778 1979 1830 2019 ad
1865 1980 2002 2031 aliud,
2034 1983 2326 2035 praesupponit

1290 2047 1418 2088 illud:
1438 2060 1556 2100 ergo,
1580 2051 1658 2089 etc.
1683 2048 1787 2090 Item
1807 2050 1957 2091 notitia
1970 2051 2067 2092 dicit
2083 2053 2322 2104 essentiale;

1290 2118 1361 2158 sed
1380 2119 1577 2169 verbum,
1600 2121 1820 2172 personale
1838 2136 1846 2161 :
1870 2134 1975 2174 ergo
1990 2135 2087 2163 cum
2107 2124 2325 2165 essentiale

1289 2189 1342 2229 sit
1371 2191 1657 2241 communius,
1692 2194 1732 2232 et
1759 2204 1847 2233 esse
1874 2195 2144 2235 communius
2169 2208 2325 2235 secun-

1289 2260 1393 2301 dum
1419 2262 1628 2303 rationem
1656 2262 1921 2315 intelligendi
1952 2265 2004 2305 sit
2033 2265 2174 2319 prius,
2203 2278 2322 2318 ergo,

1289 2335 1367 2373 etc.

1344 2402 1462 2453 Item,
1485 2402 1674 2444 Verbum
1693 2403 1791 2444 dicit
1816 2408 2055 2458 respectum
2083 2406 2134 2446 ad
2155 2410 2324 2447 creatu-

1289 2486 1380 2523 ras;
1400 2474 1605 2526 sapientia
1630 2458 1774 2515 autem
1800 2475 1900 2516 dicit
1930 2477 2032 2529 quid
2065 2477 2321 2527 absolutum,

1289 2544 1339 2585 de
1367 2545 1528 2585 ratione
1553 2545 1621 2585 sui
1648 2545 1866 2587 nominis:
1899 2559 2004 2599 ergo
2032 2560 2130 2588 cum
2151 2548 2323 2589 absolu-

1289 2618 1396 2666 tum,
1431 2616 1667 2657 secundum
1709 2616 1920 2658 rationem
1950 2618 2235 2670 intelligendi,
2273 2620 2324 2660 sit

1289 2687 1408 2740 prius
1426 2688 1678 2741 respectim,
1695 2700 1798 2740 ergo
1813 2691 1854 2729 et
1867 2689 2073 2742 sapientia
2086 2703 2218 2743 quam
2230 2704 2324 2733 ver-

1288 2759 1410 2799 bum.

1343 2829 1495 2870 Contra
1514 2844 1523 2868 ε
1545 2833 1584 2869 1.
1605 2841 1680 2882 per
1699 2831 2044 2874 Ecclesiasticum
2062 2837 2090 2881 ⁶,
2113 2845 2152 2874 1:
2175 2849 2195 2872 <‹
2213 2834 2324 2876 Fons

1287 2902 1513 2954 sapientiae
1541 2901 1711 2942 verbum
1742 2903 1820 2944 Dei
1857 2903 1906 2944 in
1935 2903 2140 2951 excelsi&
2172 2919 2192 2942 »
2232 2905 2324 2946 fons

1289 2971 1386 3012 dicit
1410 2971 1618 3012 rationem
1650 2972 1845 3026 principii
1872 2984 1882 3012 ε
1913 2986 2017 3026 ergo
2048 2974 2237 3016 Verbum
2263 2980 2323 3017 est

1288 3043 1546 3096 principium
1565 3044 1786 3096 sapientiae
1810 3059 1818 3085 ;
1841 3045 1912 3086 sed
1940 3047 2054 3098 quod
2079 3050 2141 3087 est
2165 3048 2323 3101 princi-

1288 3115 1424 3168 pium,
1447 3118 1509 3155 est
1532 3115 1653 3167 prius
1674 3116 1911 3157 secundum
1939 3117 2149 3159 rationem
2168 3119 2322 3160 intelli-

1289 3186 1418 3237 gendi
1435 3197 1446 3225 ε
1464 3185 1699 3226 necessario
1721 3198 1825 3239 ergo
1845 3188 2028 3229 verbum
2054 3189 2172 3242 prius
2192 3202 2322 3243 quam

1288 3257 1509 3310 sapientia.

1342 3329 1382 3367 2.
1407 3326 1509 3367 Item
1535 3326 1727 3378 verbum,
1752 3328 1863 3369 sicut
1887 3329 1988 3371 dicit
2006 3331 2273 3382 Augustinus
2289 3335 2320 3383 ⁷,

1289 3411 1366 3442 dIst.
1388 3418 1475 3450 XXV,
1505 3419 1538 3450 q.
1559 3418 1593 3451 1,
1613 3414 1678 3443 art.
1694 3414 1738 3452 23
1767 3414 1800 3443 et
1826 3414 1838 3444 I
1860 3413 1966 3452 Sent„
1987 3414 2063 3445 dist.
2082 3422 2198 3453 xxvit,
2217 3424 2250 3455 q.
2272 3423 2319 3457 11,

1289 3461 1406 3498 art.1;
1427 3457 1634 3499 tamardus,
1665 3459 1678 3490 Ι
1700 3459 1805 3499 Seni„
1837 3460 1914 3492 dist.
1932 3469 2028 3492 xxvn
2042 3485 2052 3501 ,
2072 3463 2134 3492 art.
2155 3463 2196 3501 2,
2217 3471 2250 3502 q.
2266 3469 2318 3503 lv,-

1290 3505 1407 3546 Steph.
1428 3504 1566 3546 Brulef„
1598 3507 1608 3537 l
1635 3506 1741 3545 Seni„
1761 3506 1839 3539 dist.
1855 3515 1974 3549 xxm,
1995 3517 2030 3549 q.
2050 3516 2103 3540 111.
2118 3525 2159 3531 —
2174 3509 2187 3529 ‘⁵
2200 3509 2318 3548 Eccli„

1289 3561 1313 3594 1,
1334 3555 1365 3585 5.
1382 3570 1422 3578 —
1441 3553 1453 3573 ⁷
1475 3554 1576 3595 Aug„
1596 3553 1656 3586 lib.
1675 3554 1843 3587 LXXXIII
1863 3556 1996 3595 Quoest.,
2017 3565 2051 3597 q.
2067 3563 2166 3590 LXIII.

2344 1417 2482 1444 Fundam.

2346 2845 2392 2872 Ad
2414 2853 2482 2881 opp.
