2570 3986
1148 268 1289 311 VITA.
2180 281 2271 312 XVII

162 373 288 423 utque
315 367 606 420 familiaribus
634 363 725 415 effus
749 361 885 404 adhuc
911 360 1294 413 superviventtbus‚
1315 358 1580 400 collationem
1607 357 1658 399 de
1679 357 1744 399 his
1765 357 1929 399 haberet
1949 358 2210 411 diligentem,
2234 365 2273 402 et

161 442 344 482 maxime
363 450 455 480 cum
476 434 728 491 quibusdam
744 465 755 483 ,
778 433 854 485 qui
872 432 1118 473 sanctitatis
1133 430 1247 482 ejus,
1270 433 1308 472 et
1327 430 1486 471 conscii
1511 430 1706 480 fuerant,
1726 433 1764 471 et
1782 433 2002 471 sectatores
2021 432 2229 482 prceciput‘
2243 435 2271 471 ¹.

163 512 445 561 Quamobrem
478 517 589 550 anno
615 510 711 558 post
744 504 884 557 ipsius
917 503 1028 544 beati
1062 504 1198 554 patris
1232 502 1465 544 transitum
1500 501 1716 553 trissest‘mo
1751 501 1872 542 tertio
1906 501 2007 553 (seu
2039 501 2175 541 mavis
2208 505 2272 547 34,

151 583 207 623 —id
227 586 288 624 est
308 585 358 623 A.
384 582 429 622 D.
452 580 579 627 1260)
603 579 651 619 in
669 576 882 617 Alternus
907 578 1084 616 montem
1107 578 1310 626 tanquam
1332 573 1381 613 in
1407 572 1540 614 locum
1565 573 1775 624 quietum,
1799 583 1936 614 amore
1956 572 2174 625 quoerenclt
2195 583 2276 624 pa—

163 665 249 696 cem
266 656 448 707 spiritus
473 649 707 692 declinavit
725 649 752 687 2.
778 646 916 687 Simul
936 648 984 686 111
1003 645 1052 685 (10
1073 646 1197 685 turba
1216 646 1258 684 in
1279 643 1547 684 solitudinem
1567 643 1744 683 contulit
1764 655 1807 683 se
1823 675 1833 693 ,
1859 644 1992 683 otium
2009 676 2019 694 ,
2044 645 2157 696 quod
2177 657 2278 684 nac-

163 729 233 768 tus
258 727 418 772 fuerat,
448 736 545 764 01101
572 725 618 764 10
643 721 838 762 eruendis
866 718 1135 760 oraculorum
1164 715 1397 768 mysteriis,
1426 717 1518 754 tum
1547 714 1592 754 in
1617 713 1827 754 Francisci
1858 714 2033 755 historia
2059 716 2280 756 scribenda

165 797 374 839 contrivit.
402 794 512 835 Inibi
541 797 744 847 praeterea
770 792 1053 834 Itinerartum
1083 789 1235 831 ‘mentis
1262 789 1309 829 in
1338 787 1469 827 Deum
1498 798 1667 826 summa
1695 786 1916 826 devotione
1945 787 2203 839 composuit,
2235 788 2278 828 in

164 881 249 922 quo
267 866 443 908 coelestis
465 865 773 906 Bonaventurae
796 862 952 904 amoris
974 861 1168 901 ardorem
1187 859 1338 900 sentias
1357 858 1466 898 licet.
1499 857 1709 906 Quamdiu
1731 870 1832 898 vero
1854 857 1897 897 in
1920 858 2116 899 Alvernae
2136 871 2280 899 caver—

164 940 230 980 nis
257 938 422 978 abditus
446 940 487 978 et
507 937 694 978 inclusus
714 935 909 983 latuerit,
941 933 1064 974 silent
1095 944 1265 982 omnes,
1300 930 1400 983 qui,
1432 929 1534 982 quid
1561 929 1630 969 ille
1663 929 1862 981 gesserit,
1892 929 2143 981 perscrutati
2166 932 2278 970 sunt.

166 1009 252 1051 Hoc
270 1021 410 1050 unum
425 1009 581 1049 scimus
598 1040 608 1057 ,
635 1006 812 1048 solemni
829 1006 950 1045 illum
973 1003 1214 1044 interfuisse
1235 1000 1527 1043 exhumationi
1547 1012 1765 1040 sacrorum
1786 1000 1948 1040 ossium
1967 1001 2165 1052 Antonii,
2185 1013 2282 1054 quae

165 1093 274 1123 anno
294 1083 398 1121 1263
413 1112 424 1132 ,
447 1083 471 1120 6
490 1080 585 1121 idus
604 1078 749 1132 aprilis
772 1077 1060 1119 concelebrata
1079 1075 1170 1116 fuit.
1198 1074 1292 1115 Post
1306 1073 1387 1113 1100
1407 1072 1511 1113 Pisis
1535 1072 1749 1125 generalia
1777 1072 1947 1113 comitia
1964 1072 2114 1114 habuit
2135 1076 2185 1113 13
2205 1073 2281 1114 cal.

160 1151 273 1206 ι111011
292 1166 301 1192 ;
322 1152 367 1192 in
388 1151 541 1205 quibus
561 1163 659 1191 cum
679 1150 802 1203 plura
819 1181 828 1199 ‚
849 1151 944 1189 tum
962 1147 1067 1188 illud
1086 1146 1301 1200 praecipue
1324 1145 1494 1196 statuit,
1516 1147 1565 1186 ut
1588 1144 1981 1186 Sanctimonialium
2004 1146 2282 1188 Damianita-

164 1235 286 1269 rum,
307 1235 382 1264 seu
398 1255 408 1272 ,
432 1225 482 1263 ut
506 1224 686 1272 vocant,
723 1222 754 1263 C
757 1222 1010 1263 larissarum
1031 1231 1131 1260 cura
1159 1218 1441 1259 dimitteretur
1465 1217 1653 1258 omnino.
1678 1216 1723 1257 Id
1752 1217 1829 1256 sibi
1845 1249 1855 1268 ,
1888 1229 2050 1270 suoque
2073 1217 2214 1259 Ordini
2237 1220 2287 1258 ut

168 1294 432 1344 concederet,
455 1293 624 1346 rogavit
643 1292 861 1333 Urbanum
878 1291 1062 1333 nominis
1077 1291 1206 1343 hujUs
1224 1288 1291 1339 IV,
1313 1290 1401 1342 qui,
1424 1289 1535 1342 quod
1556 1289 1882 1342 prudentissime
1904 1289 2137 1340 flagitabat,
2160 1300 2285 1341 aequo

166 1365 309 1406 animo
337 1365 458 1416 tulit,
490 1368 664 1417 totoque
698 1365 830 1417 capite
859 1364 1024 1404 annuit.
1061 1361 1170 1402 Hinc
1193 1362 1335 1401 litium
1363 1361 1512 1412 01130,
1546 1363 1587 1401 01
1615 1361 1998 1401 controversiarum
2030 1360 2255 1401 multitudo
2272 1392 2284 1411 ,

166 1449 271 1490 quas
290 1449 392 1478 mox
410 1436 606 1477 Urbanus
628 1436 810 1476 diremit.
833 1434 969 1476 Suum
987 1434 1142 1474 etenim
1167 1433 1216 1473 de
1237 1433 1315 1472 hac
1336 1445 1380 1472 re
1396 1432 1605 1484 judicium
1624 1432 1721 1472 111111
1743 1445 1855 1473 anno
1882 1436 2000 1483 1263,
2027 1435 2077 1472 11
2098 1432 2174 1472 cal.
2198 1444 2288 1485 sep-

166 1509 341 1549 tembris
356 1541 366 1559 ,
391 1511 439 1549 ut
460 1521 513 1549 ex
539 1508 687 1548 litteris
710 1507 1020 1547 Bonaventurae
1045 1505 1150 1546 datis
1172 1505 1306 1556 liquet
1334 1503 1552 1544 manifesto
1567 1504 1594 1543 ³.
1618 1503 1954 1556 Videas'quoque
1974 1505 2069 1544 lieet
2094 1504 2139 1543 111
2157 1502 2288 1543 Wad-

167 1580 299 1632 dingo
325 1579 633 1620 Bonaventurae
660 1578 878 1630 epistolam
895 1609 904 1626 ,
935 1589 1065 1630 quam
1100 1588 1198 1617 cum
1228 1574 1396 1627 publico
1429 1574 1675 1615 Monialium
1703 1576 1991 1618 Instrumenta
2017 1587 2130 1615 anno
2156 1577 2286 1625 1264,

169 1654 193 1692 3
213 1663 349 1692 nonas
375 1650 553 1692 octobris
575 1649 720 1690 Assisii
748 1652 838 1689 acto
854 1681 865 1700 ,
894 1648 1216 1701 complicaverat
1236 1648 1382 1689 Fratri
1404 1648 1633 1689 Laurentio
1655 1648 1704 1689 in
1725 1646 2104 1690 administratione
2132 1646 2290 1688 Tusciae

175 1721 404 1765 Visitatort
417 1725 446 1762 ⁶.

223 1795 361 1847 Atque
382 1794 448 1834 his
466 1793 752 1846 temporibus,
780 1804 879 1833 cum
908 1792 1000 1832 haec
1027 1793 1300 1844 pertractaret
1316 1790 1636 1842 Bonaventura,
1663 1806 1682 1830 «
1701 1791 1802 1831 huic
1827 1791 1911 1832 duo
1931 1791 2155 1843 evangelia
2175 1791 2290 1843 glos—

171 1865 301 1906 sanda
332 1865 545 1906 dimiserat
570 1863 766 1905 Urbanus
799 1879 807 1904 :
837 1863 908 1904 sed
935 1865 1208 1904 excusantem
1236 1863 1285 1916 (a)
1321 1875 1363 1903 se
1392 1865 1562 1916 propter
1593 1862 1802 1914 officium,
1827 1863 1940 1916 quod
1966 1863 2169 1914 habebat,
2193 1864 2293 1916 quia

171 1935 360 1977 Minister
371 1935 583 1977 Generalis
599 1939 702 1987 erat,
720 1935 903 1976 Thomas
922 1935 1112 1988 Aquinas
1127 1934 1377 1987 supplevit
1399 1948 1417 1971 ›)
1437 1934 1551 1975 Adeo
1563 1933 1875 1975 Bonaventurae
1887 1934 2090 1987 sapientia
2109 1938 2293 1987 spectata

170 2007 308 2048 fuerat
317 2007 500 2048 Urbano.
516 2007 686 2048 Urbano
697 2007 864 2048 solum‘.>
881 2006 1080 2056 Quiuimo
1095 2006 1296 2047 Clementi
1309 2006 1389 2046 boc
1403 2006 1575 2047 nomine
1588 2005 1656 2046 IV.
1671 2005 1779 2047 Nam
1794 2019 1893 2046 cum
1906 2005 2116 2047 Narbonae
2130 2006 2293 2047 archie-

171 2080 435 2132 piscopatum
452 2082 613 2120 teneret
635 2078 772 2120 Gaulo
793 2082 1077 2131 cognomento
1100 2077 1277 2120 G7³ossus
1300 2077 1364 2129 <id
1383 2077 1496 2118 enim
1516 2077 1719 2118 Clementi
1738 2090 1896 2118 nomen
1915 2081 2005 2118 erat
2024 2082 2141 2129 ante,
2164 2091 2293 2131 quam

173 2163 368 2192 summus
391 2150 586 2192 Pontifex
608 2151 964 2200 renuntiaretur),
989 2152 1079 2203 ι11101
1099 2153 1192 2190 11101
1219 2148 1529 2190 Bonaventurae
1551 2150 1753 2190 virtutem
1779 2153 2040 2202 perspectam
2065 2149 2292 2201 habuerat,

175 2223 352 2275 ejusque
370 2234 497 2275 opera
516 2222 686 2274 magnis
705 2223 749 2262 in
765 2222 893 2262 rebus
912 2235 1014 2263 usus
1033 2222 1169 2263 fuerat
1186 2222 1385 2263 maxime.
1407 2221 1444 2261 Is
1462 2233 1562 2262 cum
1581 2221 1626 2260 in
1643 2221 1799 2273 Angli-a
1818 2224 2153 2261 commoraretur
2176 2221 2294 2274 (illuc

178 2294 292 2335 enim
309 2293 493 2347 Legatus
509 2295 562 2334 ab
576 2293 745 2334 Urbano
763 2294 916 2334 missus
935 2293 1072 2334 fuerat
1092 2294 1240 2345 Guido,
1262 2296 1310 2333 ut
1326 2292 1493 2345 Angliae
1516 2292 1712 2333 Proceres
1733 2292 1971 2333 domesticis
1991 2292 2169 2333 dissidiis
2187 2304 2294 2345 pene

174 2369 446 2418 consumptos
471 2364 791 2418 conjungeret),
815 2365 1007 2406 Pontifex
1025 2365 1176 2406 absens
1201 2367 1365 2405 creatus
1387 2364 1466 2404 fuit
1483 2376 1594 2404 anno
1617 2366 1720 2404 1:265
1741 2363 1904 2404 Perusii
1927 2364 2054 2404 nonis
2076 2364 2294 2405 februarii.

177 2436 313 2477 Simul
342 2449 390 2477 ac
412 2437 636 2477 Petusium
661 2437 780 2477 venit
799 2437 1008 2486 Clemens,
1037 2437 1160 2490 coepit
1186 2437 1236 2478 de
1256 2436 1349 2477 viro
1379 2448 1478 2476 cum
1504 2435 1753 2488 prudentia,
1783 2438 1877 2475 tum
1903 2435 2091 2476 doctrina
2120 2435 2295 2488 praedito

177 2507 398 2559 deligendo
417 2509 624 2560 cogitare,
646 2508 720 2561 qui
739 2508 980 2560 Anglorum
1008 2508 1232 2549 discordias
1261 2508 1423 2549 sedaret
1442 2508 1630 2549 omnino.
1661 2507 1749 2548 Hoc
1769 2520 1868 2548 cum
1886 2508 2029 2548 animo
2057 2509 2294 2560 reputaret,

177 2577 450 2619 Eboracensis
478 2577 623 2630 Sedes,
648 2591 745 2632 quae
776 2580 821 2619 in
841 2580 999 2632 Anglia
1030 2580 1107 2620 sita
1132 2583 1218 2629 est,
1249 2580 1301 2620 ob
1322 2579 1637 2632 Archiepiscopi
1665 2582 1871 2630 mortem,
1900 2579 2033 2620 libera
2061 2579 2170 2620 facta
2199 2579 2293 2619 fuit.

178 2647 294 2690 Unde
317 2649 435 2690 nulla
460 2650 680 2703 interjecta
707 2663 849 2702 mora,
877 2650 1182 2692 Eboracensem
1207 2650 1520 2692 Bonaventurae
1549 2651 1956 2704 archiepiscopatum
1980 2650 2179 2702 contulit,
2202 2663 2296 2703 spe-

177 2733 276 2762 rans
304 2721 523 2771 futurum,
554 2725 602 2762 ut
633 2734 710 2762 sua
739 2721 962 2775 prudentia
980 2723 1223 2775 Anglorum
1252 2722 1417 2763 animos
1449 2722 1693 2763 dissidentes
1722 2725 2004 2775 componeret.
2028 2721 2150 2762 Haud
2182 2722 2297 2762 enim

180 2791 384 2834 Summus
403 2793 597 2834 Pontifex
623 2794 871 2846 ignorabat,
894 2807 1005 2848 saepe
1034 2795 1160 2835 etiam
1187 2794 1265 2835 sub
1294 2793 1462 2846 palliolo
1483 2794 1673 2844 sordido,
1698 2796 1746 2834 ut
1771 2794 1920 2834 tritum
1940 2796 2023 2843 est,
2047 2793 2296 2846 sapientiam

180 2865 375 2918 perinde,
403 2878 452 2906 ac
482 2865 774 2906 dexteritatem
802 2866 946 2907 latere.
973 2866 1193 2907 «Vacante
1222 2866 1356 2918 igitur
1383 2865 1636 2906 Eboracensi
1658 2864 1862 2916 Ecclesia,
1893 2865 1951 2905 ait
1980 2864 2193 2916 Clemens,
2224 2877 2300 2917 per

180 2940 363 2977 mortem
386 2937 429 2978 b.
450 2949 509 2977 m.
531 2936 804 2978 Eboracensis
823 2938 1139 2991 Arcbiepiseopi
1146 2968 1295 2978 .........
1317 2937 1590 2978 Attendentes
1615 2936 1660 2976 in
1684 2939 1724 2976 te
1748 2935 1978 2988 Religionis
2004 2936 2272 2989 asperitatem
2286 2967 2295 2985 ‚

181 3008 362 3049 nitorem
380 3009 501 3061 vitae,
522 3010 849 3050 conversationis
876 3010 1156 3059 munditiam,
1184 3009 1460 3050 eminentiam
1485 3008 1690 3057 scientias,
1712 3007 1991 3060 providentiae
2019 3007 2301 3060 circumspec-

181 3079 360 3130 tionem,
382 3083 424 3120 et
445 3080 790 3132 compositionem
818 3081 1059 3133 gravitatis,
1082 3084 1122 3122 01
1149 3081 1263 3134 quod
1282 3080 1468 3130 tamdiu,
1490 3083 1579 3120 tam
1603 3078 1872 3120 laudabiliter
1890 3079 1965 3119 toti
1990 3082 2064 3119 tuo
2092 3078 2300 3131 praefuisti

185 3149 327 3191 Ordini
358 3154 600 3204 susceptum
630 3152 827 3204 generale
854 3152 1140 3193 ministerium
1169 3164 1296 3205 super
1325 3152 1446 3192 ilium
1481 3150 1668 3203 gerendo
1696 3150 1889 3201 fideliter,
1918 3153 1958 3190 et
1988 3150 2232 3203 prudenter,
2261 3153 2302 3190 et

185 3221 407 3263 salubriter
425 3222 672 3275 exequendo
691 3223 743 3263 ad
766 3235 976 3275 magnum
995 3224 1201 3264 honorem
1221 3224 1355 3276 ipsius
1377 3223 1562 3273 Ordinis,
1586 3225 1626 3262 et
1653 3221 1911 3274 profectum3
1937 3221 2135 3274 quodque
2155 3221 2214 3261 sic
2233 3221 2299 3260 in-

186 3298 383 3335 nocenter
401 3294 641 3336 conversari
658 3294 822 3335 assidue
839 3295 1041 3337 studuisti
1059 3296 1139 3337 sub
1156 3295 1424 3337 observantia
1441 3293 1644 3346 regulari,
1664 3293 1777 3346 quod
1795 3293 1940 3333 divina
1957 3296 1998 3333 te
2016 3305 2181 3345 semper
2201 3304 2302 3343 gra-

231 3400 242 3421 ¹
259 3400 292 3432 S.
306 3401 434 3434 Bonav.
457 3402 492 3433 in
505 3401 593 3434 Prot.
614 3401 641 3433 V
642 3403 697 3432 z'toe
713 3402 748 3434 S.
764 3402 947 3435 Francz'scz‘.

228 3447 243 3468 ²
255 3447 348 3479 idem
365 3449 401 3479 in
419 3450 595 3480 Itinerario
612 3450 731 3480 mentis
751 3450 786 3480 in
805 3449 910 3480 Deum
932 3473 940 3482 .

228 3493 392 3527 3Exstant
408 3496 445 3527 in
463 3497 539 3537 Req.
556 3498 664 3535 Pone„
683 3499 766 3528 tom.
782 3498 808 3528 11
830 3497 950 3529 Annal.
971 3498 1067 3532 υιίη..
1086 3508 1121 3529 n.
1136 3507 1171 3539 x,
1190 3509 1225 3539 p.
1242 3500 1294 3531 96.

228 3541 350 3574 ⁶T0m.
368 3543 396 3573 11
415 3544 552 3581 Annal„
571 3544 613 3575 ad
629 3552 709 3574 ann.
730 3545 827 3581 1264,
847 3553 882 3575 n.
901 3552 959 3585 111,
979 3554 1013 3586 q.
1029 3546 1100 3576 272.

233 3588 245 3606 ⁶
257 3588 460 3621 Ptolomaeus
478 3590 639 3622 Lucensis
657 3590 692 3622 in
711 3592 798 3622 stt.
812 3591 939 3630 eccles„
958 3591 1016 3624 lib.
1035 3593 1146 3633 xxti,
1167 3602 1196 3623 0.
1211 3599 1306 3623 mv,
1320 3607 1362 3613 —
1375 3590 1420 3631 (a)
1443 3589 1537 3622 Edit.
1559 3589 1636 3620 Ven.
1655 3597 1832 3620 excusans.

400 3660 498 3690 ΤΟΜ.
528 3662 557 3690 1.
2094 3645 2121 3687 lt
