2613 3990
1096 292 1351 334 DISTINCT.
1382 293 1450 335 VI.

216 389 275 430 sic
304 389 365 429 est
395 387 501 428 ratio
532 384 874 428 communicandi
907 385 1118 424 naturam.
1157 382 1237 423 Sed

216 459 414 514 quaedam
432 461 586 500 natura
606 460 667 499 est
685 469 781 510 quaa
801 455 1003 496 dividitur
1021 454 1066 494 in
1085 465 1238 506 suppo-

217 531 327 580 sitis,
347 532 499 583 utputa
533 529 605 569 illa.
646 527 714 568 cui
744 528 791 566 fit
828 525 1008 575 additi03
1041 524 1236 577 quaedam

216 614 319 652 non,
341 604 389 643 ut
407 601 549 643 divina
571 615 580 641 ε
602 602 641 640 θῖ
668 599 713 638 in
734 597 872 650 prima
899 598 960 637 est
985 596 1091 637 ratio
1120 608 1236 636 com-

218 674 462 716 municandi
478 676 518 714 et
531 669 817 723 distinguendi
835 684 844 719 ;
864 669 908 709 in
925 667 1082 717 divina,
1097 668 1235 708 solum

213 743 564 787 communicandi.

267 820 306 858 3.
336 817 401 858 Ad
424 815 528 856 illud
554 813 667 868 quod
699 813 912 866 objicitur,
935 811 1046 864 quod
1064 843 1074 862 ,
1097 810 1132 851 si
1160 823 1235 864 per

214 888 530 942 generationem
553 884 892 926 communicatur
911 883 1142 923 substantia
1157 915 1167 932 ,
1186 883 1235 922 fit

212 972 288 1014 per
306 957 622 1012 generationem
639 954 877 997 communis
894 953 1127 995 substantia
1143 968 1152 1003 3
1174 953 1234 994 di-

213 1031 418 1080 cendum,
445 1028 559 1082 quod
585 1039 739 1068 verum
766 1029 827 1067 est
854 1025 1088 1067 secundum
1120 1025 1233 1078 quod

213 1112 439 1144 commune
458 1100 610 1141 dicitur
626 1098 860 1140 secundum
883 1100 1040 1149 actum,
1063 1097 1164 1150 quia
1188 1097 1233 1137 in

2254 295 2330 331 1722

1310 384 1503 436 pluribus
1521 398 1529 433 ;
1572 384 1643 424 sed
1679 395 1766 424 non
1808 381 2044 423 secundum
2085 382 2330 434 potentiam.

1311 454 1428 496 Unde
1448 487 1458 504 ‚
1486 454 1800 507 circumscripta
1827 452 2098 504 generatione
2113 483 2122 500 ‚
2145 452 2335 492 substan-

1309 527 1368 567 tia
1403 528 1465 567 est
1497 525 1735 566 communis
1750 556 1760 575 ,
1804 523 1904 576 quia
1948 522 2330 573 communicabilis3

1311 598 1381 639 sed
1410 609 1498 637 non
1526 598 1587 637 est
1613 594 1865 645 communis,
1887 594 1987 647 quia
2007 593 2330 634 communicata.

1364 671 1403 709 4.
1424 667 1488 708 Ad
1507 667 1611 708 illud
1624 667 1736 720 quod
1749 666 1961 719 objicitur,
1978 665 2090 717 quod
2102 664 2207 705 illud
2222 665 2334 717 quod

1309 751 1384 794 per
1404 738 1724 792 generationem
1744 738 1882 788 datur,
1905 738 2160 789 generatum
2185 735 2334 776 dicen-

1309 812 1412 852 dum
1444 809 1557 863 quod
1582 809 1736 850 salsum
1770 811 1856 859 est3
1886 807 1986 860 quia
2015 806 2210 859 generari
2237 806 2336 846 dicit

1307 881 1629 935 productionem
1647 883 1687 921 et
1703 879 2028 921 distinctionem.
2051 877 2131 918 Sed
2160 889 2336 929 genera-

1305 954 1364 994 tio
1377 952 1427 1006 (a)
1439 952 1536 994 dicit
1545 951 1836 993 auctoritatem
1844 948 2332 1000 etcommunicationem3

1307 1025 1409 1078 quia
1421 1037 1495 1078 per
1512 1023 1829 1076 generationem
1841 1021 2075 1062 substantia
2082 1033 2171 1061 non
2182 1020 2334 1061 distin-

1307 1096 1471 1149 guitur,
1489 1095 1685 1149 quamvis
1708 1092 2046 1135 communicetur
2069 1107 2078 1134 2
2100 1104 2226 1144 ergo,
2252 1094 2331 1133 etc.

999 1295 1432 1359 DISTINCTIO
1475 1295 1554 1356 Vl

683 1453 734 1482 DE
765 1451 1076 1481 COMPARATIONE
1108 1450 1232 1479 ACTUS
1264 1449 1491 1479 GENERANDI
1524 1449 1577 1477 AD
1608 1446 1852 1476 POTENTIAM.

262 1566 476 1609 Praeterea
496 1564 634 1624 quaeri
653 1564 776 1618 solet,
802 1571 951 1606 utrum
973 1562 1103 1606 Pater
1123 1560 1324 1619 genuerit
1342 1560 1507 1604 Filium
1536 1560 1783 1611 voluntate,
1807 1572 1863 1601 an
1882 1556 2146 1600 necessitate.
2168 1554 2228 1597 De
2248 1553 2327 1597 hoc
2349 1563 2431 1596 Quod
2442 1564 2491 1591 Pa-

207 1642 384 1687 Orosius
404 1646 415 1667 ¹
436 1642 487 1686 ad
510 1641 807 1699 Augustinum
827 1640 887 1683 ita
906 1640 965 1683 ait
989 1656 997 1682 :
1027 1658 1048 1681 ι(
1069 1639 1307 1683 Voluntate
1328 1637 1477 1695 genuit
1497 1637 1626 1680 Pater
1642 1636 1806 1680 Filium
1824 1670 1834 1691 ,
1859 1635 1927 1679 vel
1948 1634 2196 1678 necessitate
2222 1649 2230 1675 :
2255 1631 2328 1675 sed
2347 1608 2490 1692 xiieiussisstce

205 1737 284 1766 nec
303 1721 544 1775 voluntate,
567 1735 644 1763 nec
664 1718 913 1762 necessitate
937 1735 945 1761 :
970 1717 1075 1776 quia
1095 1716 1322 1760 necessitas
1353 1716 1399 1758 in
1426 1715 1515 1758 Deo
1544 1730 1632 1758 non
1659 1719 1736 1768 est,
1760 1713 1917 1773 praeire
1938 1713 2142 1756 voluntas
2160 1711 2329 1770 sapien·
2366 1691 2486 1764 rgiiffrii

207 1799 312 1842 tiam
332 1813 420 1842 non
439 1797 593 1857 potuit.
616 1814 636 1839 >³
665 1797 890 1851 Quocirca,
913 1800 962 1839 ut
981 1794 1257 1852 Augustinus
1276 1794 1335 1837 ait
1354 1794 1400 1836 in
1422 1793 1575 1852 quinto
1598 1792 1762 1836 decimo
1783 1791 1894 1835 libro
1915 1790 1967 1834 cle
1990 1789 2204 1833 Trinitatis>
2218 1793 2246 1844 ²,
2271 1787 2328 1830 ri-
2348 1777 2488 1846 ς’ζξζηῇζ

2349 1852 2420 1878 sicut
2436 1861 2488 1879 nec

209 1876 349 1920 denda
363 1880 424 1919 est
435 1873 881 1928 dialecticaEunomii,
906 1889 930 1916 a
950 1888 1038 1932 quo
1058 1871 1325 1915 Eunomiani
1345 1870 1536 1914 haeretici
1556 1870 1638 1914 orti
1659 1874 1776 1925 sunt,
1799 1869 1877 1928 qui
1896 1884 1995 1912 cum
2017 1883 2106 1911 non
2121 1866 2328 1926 potuisset
2362 1894 2477 1928 volens,

208 1953 465 2010 intelligere,
476 1967 554 1995 nec
568 1952 740 1995 credere
752 1951 959 1995 voluisset
975 1949 1252 2007 unigenitum
1264 1949 1340 1992 Dei
1353 1948 1516 1992 Filium
1528 1948 1725 1992 Verbum
1738 1947 1830 2004 Dei,
1845 1961 1934 1989 esse
1946 1951 2118 2001 natura,
2131 1945 2174 1988 id
2184 1949 2261 1999 est,
2276 1943 2329 1986 de
2360 1943 2423 2003 ¹12⁰ss
2436 1944 2490 2004 ¹2⁰5,

208 2030 448 2074 substantia
460 2030 604 2073 Patris
617 2029 836 2087 genitum3
852 2043 940 2072 non
955 2033 1124 2071 naturae
1139 2027 1208 2071 vel
1223 2026 1475 2070 substantiae
1489 2025 1598 2069 dixit
1611 2040 1700 2068 esse
1714 2024 1894 2079 Filium,
1910 2024 1983 2067 sed
1995 2023 2160 2066 Filium
2172 2022 2330 2066 volun·
2355 2018 2442 2046 Deus·

207 2108 306 2152 tatis
324 2107 402 2151 Dei
426 2108 592 2151 :volens
619 2121 807 2151 asserere
839 2106 1111 2149 accedentem
1147 2106 1197 2163 (b)
1233 2105 1321 2148 Deo
1351 2104 1646 2158 voluntatem,
1671 2118 1758 2162 qua
1787 2103 1984 2160 gigneret
2009 2101 2196 2156 Filium,
2219 2100 2330 2143 sicut

207 2199 286 2229 nos
316 2185 552 2244 aliquando
572 2184 740 2244 aliquid
766 2184 974 2228 volumus
994 2183 1112 2243 quod
1132 2188 1259 2227 antea
1278 2197 1368 2225 non
1394 2182 1666 2236 volebamus,
1688 2187 1863 2240 propter
1882 2179 1999 2239 quod
2019 2178 2244 2222 mutabilis
2262 2177 2329 2221 in-

206 2262 420 2320 telligitur
439 2268 586 2307 nostra
604 2268 763 2307 natura
785 2280 793 2306 :
817 2263 935 2322 quod
955 2262 1082 2318 absit,
1106 2266 1154 2305 ut
1176 2263 1221 2304 in
1248 2261 1336 2304 Deo
1357 2275 1446 2305 esse
1471 2260 1712 2303 credamus.
1736 2253 1762 2300 >i
1783 2258 1987 2301 Dicamus
2006 2272 2108 2314 ergo
2128 2256 2326 2300 Verbum

205 2340 286 2384 Dei
320 2355 408 2384 esse
427 2341 593 2384 Filium
625 2341 703 2384 Dei
734 2346 892 2384 natura
915 2376 925 2396 ‚
960 2356 1049 2384 non
1075 2340 1301 2384 voluntate
1323 2353 1466 2398 neque
1485 2337 1751 2392 necessitate,
1774 2341 1823 2379 ut
1842 2336 1963 2379 docet
1982 2333 2258 2392 Augustinus
2278 2334 2326 2377 in

206 2417 360 2478 quinto
380 2417 545 2461 decimo
569 2418 682 2462 libro
711 2417 764 2462 de
797 2420 830 2461 T
827 2418 1011 2461 rinitate
1027 2421 1056 2471 ³,
1092 2417 1169 2461 ubi
1198 2416 1433 2476 quemdam
1454 2415 1728 2459 Catholicum
1762 2414 1965 2458 liferetico
1994 2412 2326 2472 respondentem

206 2495 496 2552 commendat,
517 2495 663 2539 dicens
685 2512 694 2538 2
722 2512 743 2536 ‹<
757 2496 894 2539 Acute
922 2510 1023 2539 sane
1044 2494 1226 2554 quidam
1245 2493 1466 2553 respondit
1484 2493 1685 2536 haeretico
1700 2492 1994 2535 versutissime
2018 2489 2319 2547 interroganti,

206 2578 358 2617 utrum
384 2573 496 2618 Deus
517 2573 683 2617 Filium
715 2573 891 2628 volens,
922 2573 991 2617 vel
1018 2573 1193 2628 nolens,
1217 2571 1418 2630 genuerit
1442 2588 1450 2614 :
1481 2576 1558 2626 ut,
1581 2571 1615 2614 si
1635 2570 1795 2614 diceret
1814 2570 1982 2623 nolens,
2016 2567 2324 2612 absurdissima

206 2650 284 2694 Dei
307 2650 479 2695 miseria
498 2656 780 2711 sequeretur3
803 2651 837 2694 si
862 2656 1008 2695 autem
1027 2686 1037 2706 ,
1059 2651 1219 2704 volens,
1244 2649 1451 2694 continuo
1477 2648 1595 2708 quod
1620 2647 1872 2691 intendebat
1907 2646 2205 2700 concluderet,
2228 2645 2321 2689 scil.

205 2743 294 2773 non
313 2733 482 2773 naturae
505 2743 593 2772 esse
612 2729 795 2785 Filium,
820 2729 894 2772 sed
917 2728 1170 2772 voluntatis.
1199 2728 1257 2771 At
1275 2727 1350 2771 ille
1370 2726 1702 2784 vigilantissime
1725 2726 1913 2770 vicissim
1939 2725 2140 2786 quaesivit
2170 2724 2223 2768 ab
2256 2739 2321 2780 eo,

205 2810 356 2850 utrum
387 2805 504 2851 Deus
534 2807 663 2850 Pater
691 2807 866 2862 volens,
889 2811 965 2850 aut
982 2807 1151 2860 nolens,
1171 2806 1224 2849 sit
1242 2806 1359 2849 Deus
1383 2821 1392 2848 :
1416 2810 1482 2860 ut,
1504 2804 1539 2848 si
1560 2804 1854 2864 responderet,
1880 2804 2044 2856 nolens,
2069 2807 2325 2862 sequeretur

205 2884 382 2942 grandis
402 2884 647 2929 absurditas
665 2889 706 2928 et
721 2884 910 2940 miseria,
933 2899 1066 2944 quam
1086 2884 1138 2927 de
1150 2883 1239 2927 Deo
1259 2883 1431 2927 credere
1452 2898 1609 2939 magna
1624 2887 1686 2926 est
1703 2881 1899 2937 insania3
1924 2881 1959 2924 si
1979 2885 2124 2924 autem
2146 2880 2322 2936 diceret,

206 2962 369 3016 volens,
393 2962 727 3022 responderetur
747 2961 785 3005 ei
809 2977 817 3004 :
852 2962 967 3020 Ergo
999 2966 1040 3005 et
1061 2961 1152 3020 ipse
1179 2961 1406 3005 voluntate
1433 2975 1511 3004 sua
1537 2959 1652 3003 Deus
1672 2963 1749 3014 est,
1774 2973 1863 3002 non
1882 2963 2055 3001 natura.
2084 2957 2199 3010 Quid
2221 2972 2323 3015 ergo

206 3040 418 3096 restabat,
442 3040 527 3084 nisi
547 3045 597 3084 ut
616 3040 945 3096 obmutesceret,
968 3055 1047 3083 sua
1065 3038 1406 3096 interrogatione
1425 3038 1669 3095 obligatum
1687 3035 1981 3080 indissolubili
2001 3034 2179 3079 vinculo
2197 3049 2241 3078 εθ
2262 3034 2324 3079 vi-

207 3117 341 3161 dens‘?
361 3134 384 3159 »
409 3118 475 3162 Ex
493 3117 710 3178 praedictis
729 3118 907 3162 docetur
923 3133 1012 3162 non
1033 3132 1121 3161 esse
1142 3116 1483 3170 concedendum,
1506 3115 1624 3174 quod
1645 3115 1760 3158 Deus
1780 3113 2026 3168 voluntate,
2050 3112 2120 3157 vel
2142 3111 2326 3156 necessi-

209 3199 308 3251 tate,
329 3195 399 3239 vel
418 3195 584 3251 volens,
606 3195 677 3239 vel
696 3195 865 3251 nolens,
888 3194 942 3238 sit
960 3195 1076 3239 Deus
1097 3212 1107 3251 ;
1130 3194 1251 3251 item,
1272 3193 1390 3253 quod
1409 3193 1650 3248 voluntate,
1674 3191 1744 3235 vel
1762 3190 2012 3234 necessitate
2030 3225 2040 3246 ‚
2063 3190 2134 3235 vel
2152 3190 2319 3246 volens,

207 3272 277 3316 vel
298 3272 467 3329 nolens,
489 3272 689 3331 genuerit
705 3272 888 3317 Filium.

266 3348 351 3393 Sed
371 3355 519 3395 contra
537 3351 618 3395 hoc
638 3351 874 3411 opponitur
892 3351 950 3394 sic
975 3367 984 3394 ε
1007 3351 1223 3397 Voluntas
1242 3348 1320 3393 Dei
1340 3353 1402 3393 θεῖ
1421 3353 1580 3392 natura
1598 3348 1688 3392 sive
1708 3347 1889 3391 essentia
1908 3347 2002 3403 Dei,
2026 3346 2131 3406 quia
2149 3361 2237 3390 non
2258 3350 2320 3389 θεῖ
2363 3353 2483 3390 Opposi-

2340 3396 2379 3423 tio
2388 3399 2484 3423 contra

209 3426 330 3470 aliud
347 3427 436 3471 Deo
452 3443 557 3486 esse,
579 3429 699 3474 aliud
722 3429 835 3474 velle
859 3445 868 3472 ε
890 3432 932 3472 θῖ
949 3428 1065 3485 ideo,
1088 3428 1198 3472 sicut
1217 3443 1306 3472 una
1325 3431 1387 3471 θεῖ
1407 3425 1589 3470 essentia
1618 3425 1753 3468 trium
1771 3439 2072 3484 personarum,
2091 3424 2151 3468 ita
2170 3428 2210 3467 θῖ
2229 3439 2319 3467 una
2338 3438 2484 3474 praedicta,

250 3525 262 3547 ¹
275 3526 313 3557 ln
332 3524 483 3567 Dialoq„
511 3530 630 3568 quaest.
647 3536 726 3570 LXV,
745 3537 779 3570 q.
798 3529 829 3560 7.
844 3545 883 3552 -
907 3527 921 3548 ²
938 3528 985 3559 De
1005 3528 1139 3569 Trinit„
1158 3527 1218 3560 lib.
1240 3527 1314 3568 XV,
1342 3536 1372 3558 c.
1397 3533 1457 3567 xx,
1479 3534 1515 3556 n.
1541 3525 1592 3556 38.
1617 3541 1656 3548 ——
1669 3523 1682 3546 3
1705 3523 1806 3565 Ιόι“ιῐ.,
1825 3526 1859 3557 θῖ
1882 3524 1918 3556 in
1937 3525 2055 3565 Quoest.
2076 3523 2121 3555 acl
2138 3523 2245 3564 Oros„
2263 3522 2321 3555 ubi

204 3581 317 3614 supra.

249 3632 294 3674 (a)
312 3631 369 3664 Al.
385 3631 532 3664 ratio.—
547 3633 590 3675 (b)
605 3634 661 3668 Αῖ.
684 3635 906 3668 accidentem.
935 3634 1010 3667 Vicl.
1029 3637 1124 3677 Oper.
1143 3636 1178 3670 S.
1195 3633 1388 3677 Augustini,
1406 3634 1429 3666 t.
1446 3633 1535 3674 VIII,
1555 3631 1618 3664 col.
1636 3634 1730 3673 1502,
1750 3631 1829 3664 edit.
1851 3632 1990 3667 Gaume.
