2613 3990
794 208 922 249 DlST.
952 206 1132 248 XXVIII.
1164 205 1286 247 ART.
1316 205 1346 247 Ι.
1379 206 1576 256 QUAEST.
1609 207 1679 248 ΙΙΙ.

173 298 234 337 est
253 296 542 348 Innascibilis,
563 298 687 338 aliam
711 298 957 339 relationem
977 297 1190 348 importat,

173 379 303 419 quam
321 367 401 408 hoc
422 370 534 421 quod
554 372 613 410 est
633 370 791 420 Pater¹,
808 369 895 409 sive
914 370 1122 420 quantum
1142 366 1194 406 ad

173 438 448 491 principalem
476 440 753 491 intellectum,
785 440 873 480 sive
905 442 1114 491 quantum
1143 438 1194 478 ad

174 513 517 562 consequentem.
557 511 772 561 Quantum
807 511 859 551 ad
897 510 1192 563 principalem,

174 580 444 621 manifestum
461 585 536 632 est,
555 582 655 634 quia
672 582 872 634 importat
886 583 1124 633 respectum
1145 581 1195 620 ad

174 651 429 704 principium
466 665 540 705 per
571 653 746 693 modum
775 651 1045 704 privationis,
1077 655 1196 703 pater

174 725 316 763 antem
343 723 543 776 importat
565 726 799 777 respectum
827 723 877 763 ad
897 723 1196 775 principiatum

173 805 249 845 per
268 795 443 834 modum
463 794 678 847 positionis
697 796 737 833 et
756 794 1066 845 generationis:
1083 797 1123 834 et
1140 794 1198 834 ita

173 864 319 905 dicunt
338 865 524 906 diversas
536 865 820 916 habitudines,
838 877 1022 918 quarum
1040 878 1125 905 una
1138 868 1197 905 est

173 933 374 976 habitudo
403 948 525 987 vera,
555 937 684 976 altera
712 937 892 989 privatio
921 937 1194 978 habitudinis.

175 1005 390 1055 Quantum
415 1008 466 1048 ad
496 1011 822 1060 consequentem
851 1008 1110 1049 intellectum
1141 1009 1196 1048 si—

174 1077 329 1118 militer
362 1079 585 1127 differunt,
618 1079 715 1119 licet
746 1092 832 1120 non
861 1083 1028 1121 tantum
1060 1096 1068 1121 :
1097 1094 1197 1121 nam

171 1152 296 1201 pater
309 1149 406 1190 dicit
418 1149 626 1190 rationem
642 1151 840 1204 principii
853 1152 990 1192 solum
1007 1157 1199 1206 respectu

175 1221 283 1271 Filii,
298 1226 338 1263 et
356 1235 431 1276 per
451 1224 627 1265 modum
647 1225 954 1276 generationis3
971 1226 1041 1266 sed
1055 1228 1200 1268 innos-

175 1294 296 1336 cibz‘le
309 1294 594 1336 universalem
609 1295 709 1336 dicit
729 1296 1094 1349 principalitatem,
1110 1299 1200 1339 sive

175 1364 375 1406 fontalem
401 1366 712 1419 plenitudinem
736 1367 781 1406 in
802 1367 1092 1420 producendo,
1114 1381 1201 1409 non

175 1437 340 1477 tantum
385 1423 597 1490 quantum
641 1438 694 1478 ad
738 1439 1058 1490 generationem
1075 1472 1084 1489 ,
1130 1439 1201 1479 sed

176 1507 302 1548 etiam
321 1511 530 1561 quantum
549 1509 601 1550 ad
615 1509 908 1562 spirationem;
928 1522 1013 1550 non
1032 1513 1201 1550 tantum

175 1581 368 1632 respectu
395 1578 511 1631 Filii,
538 1580 609 1620 sed
640 1580 766 1621 etiam
798 1583 989 1634 respectu
1021 1580 1202 1633 Spiritus

176 1650 322 1691 sancti.
344 1650 396 1692 Et
416 1651 495 1692 hoc
525 1653 658 1704 patet,
680 1652 780 1704 quia
806 1652 1079 1694 innascibilis
1100 1653 1202 1693 dici-

175 1723 247 1762 tur
269 1734 319 1763 eo
343 1723 458 1776 quod
477 1735 563 1764 non
581 1726 811 1776 generatur
824 1755 834 1774 ,
866 1736 944 1764 nec
963 1725 1202 1776 generatio-

177 1805 278 1834 nem
300 1795 573 1848 consequitur
595 1809 604 1835 :
627 1807 731 1847 ergo
750 1795 796 1835 in
816 1795 989 1835 nomine
1009 1797 1203 1838 innasci-

179 1863 277 1906 bilis
295 1865 485 1906 aufertur
500 1866 608 1907 ratio
627 1865 825 1907 nascendi
850 1869 891 1907 et
916 1867 1167 1919 procedendi
1191 1882 1199 1908 :

177 1938 218 1976 et
236 1937 271 1976 si
286 1937 382 1989 hoc,
402 1938 574 1990 ponitur
591 1938 698 1979 ratio
718 1938 974 1979 omnimodae
993 1939 1204 1992 principa-

176 2007 316 2060 litatis,
337 2012 378 2049 et
396 2009 490 2050 ideo
510 2010 679 2050 fontalis
698 2010 988 2060 plenitudinis.

231 2083 269 2121 1.
291 2081 356 2122 Ad
375 2081 480 2122 illud
499 2094 603 2134 ergo
617 2082 731 2135 quod
744 2082 956 2134 objicitur,
970 2082 1083 2135 quod
1103 2082 1205 2122 dicit

176 2156 416 2206 respectum
431 2166 622 2207 personae
642 2155 693 2195 ad
715 2167 960 2208 personam;
975 2155 1204 2195 dicendum

178 2228 290 2280 quod
319 2229 529 2281 privative
553 2229 642 2270 sive
662 2229 861 2281 negative
886 2241 973 2269 non
994 2228 1092 2269 dicit
1112 2241 1204 2269 res-

177 2303 348 2353 pectum
377 2301 430 2342 ad
457 2313 696 2354 personam.
727 2301 778 2341 Et
802 2301 915 2354 quod
943 2301 1062 2351 dicit,
1091 2301 1204 2354 quod

178 2372 316 2412 omnis
334 2373 481 2413 relatio
500 2373 599 2413 dicit
617 2375 856 2425 respectum
883 2372 936 2413 ad
955 2385 1179 2425 personam
1191 2405 1201 2424 ,

177 2442 431 2496 intelligitur
450 2444 500 2484 de
519 2444 589 2484 illa
609 2455 706 2497 quae
727 2444 828 2484 dicit
848 2444 1116 2497 positionem.
1137 2444 1206 2485 Se-

178 2514 367 2555 cundum
387 2518 531 2556 autem
549 2515 663 2568 quod
683 2515 886 2568 accipitur
913 2518 1122 2568 quantum
1153 2515 1205 2556 ad

177 2590 504 2640 consequentem
529 2587 815 2638 intellectum,
844 2586 942 2627 dicit
967 2589 1205 2639 respectum

178 2659 230 2700 ad
247 2663 474 2713 utramque
488 2673 726 2714 personam.
744 2659 864 2709 Quod
881 2659 1079 2712 objicitur
1092 2659 1205 2712 quod

178 2743 266 2772 non
293 2733 355 2772 est
386 2744 473 2772 una
504 2731 742 2773 communis
775 2730 946 2779 relatio,
980 2730 1205 2771 dicendum

179 2803 293 2856 quod
307 2805 460 2844 verum
479 2807 540 2844 est
559 2806 770 2856 quantum
789 2802 842 2843 ad
857 2802 1132 2855 principalem
1144 2802 1206 2842 in-

179 2874 393 2915 tellectum
413 2889 422 2926 ;
445 2877 590 2916 tamen
607 2875 713 2916 bene
733 2876 868 2927 potest
887 2886 975 2914 esse
994 2876 1205 2926 quantum

180 2944 231 2985 ad
261 2948 610 2999 consequentem,
637 2948 686 2986 ut
713 2945 883 2998 aliquod
909 2957 1068 2986 nomen
1096 2945 1206 2986 dicat

179 3015 486 3068 plenitudinem
504 3021 697 3071 respectu
715 3017 953 3070 utriusque.

233 3090 272 3128 2.
302 3088 367 3128 Ad
395 3089 499 3130 illud
526 3089 639 3143 quod
667 3089 888 3141 objicitur,
923 3088 1035 3141 quod
1059 3089 1205 3130 relatio

181 3158 250 3199 dat
275 3153 467 3212 personae
488 3161 668 3201 existere
688 3173 697 3209 ;
730 3159 955 3200 dicendum
978 3160 1090 3212 quod
1118 3172 1206 3201 non

181 3241 463 3282 quaecumque
477 3262 486 3279 ,
507 3231 578 3272 sed
594 3242 690 3283 quae
711 3232 774 3270 est
791 3229 937 3270 relatio
958 3230 1202 3283 personalis.

181 3298 283 3349 Quae
301 3303 444 3341 autem
460 3301 512 3341 sit
528 3301 613 3350 illa,
636 3301 766 3341 infra²
788 3300 960 3353 patebit.

222 3384 232 3405 ¹
254 3384 376 3425 Objicit
395 3387 513 3417 contra
532 3385 599 3416 hoc
619 3385 725 3425 Scot.,
741 3394 774 3425 q.
792 3391 829 3424 11,
851 3386 913 3416 art.
935 3386 965 3424 2,
987 3384 1063 3416 dist.
1078 3392 1203 3417 XXVIII.

181 3432 248 3453 —2
264 3432 389 3469 Quaest.
409 3442 524 3474 seq.—
542 3432 555 3453 ³
569 3432 622 3473 Cf.
643 3432 738 3464 Alex.
760 3431 913 3472 AlensiS,
939 3441 973 3472 p.
995 3433 1027 3472 Ι,
1047 3441 1081 3473 q.
1099 3440 1204 3474 mlix,

183 3480 310 3512 memb.
325 3481 366 3520 33
385 3481 419 3512 S.
438 3481 572 3521 Thom.,
589 3490 622 3521 p.
638 3481 664 3520 1,
685 3490 718 3521 q.
737 3487 862 3519 xxxin,
879 3480 941 3510 art.
957 3480 994 3519 45
1016 3482 1050 3511 et
1069 3481 1080 3511 1
1099 3480 1206 3520 Sem„

183 3526 260 3558 dist.
274 3535 384 3559 xxvm
396 3552 407 3569 ,
426 3537 459 3569 q.
474 3536 499 3568 1,
518 3530 580 3560 art.
598 3530 611 3559 1
626 3538 637 3568 3
657 3528 796 3568 Scotus‚
818 3527 829 3557 1
851 3526 954 3565 Sent„
976 3526 1052 3559 dist.
1068 3534 1181 3559 xxvm
1191 3550 1202 3567 ,

2212 216 2283 254 461

1321 298 1360 335 3.
1384 295 1448 336 Ad
1467 296 1569 337 illud
1589 297 1702 349 quod
1730 297 1945 349 objicitur,
1976 300 2088 351 quod
2112 300 2159 340 in
2185 300 2290 342 Filio

1267 365 1378 406 idem
1398 369 1459 406 est
1474 367 1730 407 nascibilitas
1745 371 1784 408 et
1801 368 1960 416 filiatio,
1982 381 2099 421 ergo,
2117 373 2214 421 etc.;
2234 371 2292 411 di-

1267 437 1448 477 cendum
1468 438 1579 490 quod
1601 451 1687 478 non
1709 439 1915 491 sequitur,
1937 439 2036 490 quia
2054 452 2140 480 non
2161 453 2289 493 oppo-

1268 511 1435 548 nuntur
1454 509 1601 549 eodem
1620 522 1776 561 genere
1795 509 2069 563 oppositionis
2084 512 2205 562 :quia
2224 524 2292 564 pa-

1266 578 1439 618 ternitas
1459 581 1499 618 et
1518 579 1665 619 filiatio
1696 583 1970 633 opponuntur
1990 581 2184 630 relative3
2208 594 2293 622 non

1268 649 1325 688 sic
1342 650 1598 690 nascibilitas
1618 654 1658 691 et
1672 651 1988 701 innascibilitas,
2006 652 2140 692 immo
2156 653 2295 703 magis

1269 721 1587 761 contradictorie
1611 723 1679 762 vel
1698 724 1922 764 contrarie.

1322 794 1361 831 4.
1384 793 1447 833 Ad
1476 793 1579 833 illud
1599 794 1712 845 quod
1733 794 1931 846 objicitur
1945 826 1955 844 ,
1978 795 2091 847 quod
2110 794 2295 847 primum

1270 865 1310 902 et
1330 863 1585 915 principium
1603 867 1664 904 est
1682 865 1794 905 idem
1810 878 1819 915 ;
1839 866 2065 906 dicendum
2082 866 2195 919 quod
2211 867 2298 919 pri-

1271 945 1391 973 mum
1421 935 1573 975 dicitur
1603 936 1852 988 dupliciter:
1884 941 1958 977 aut
1985 950 2060 990 per
2092 938 2298 990 privatio-

1270 1018 1370 1045 nem
1399 1006 1571 1058 prioris,
1601 1011 1641 1048 et
1672 1008 1729 1048 sic
1757 1009 1945 1061 primum
1975 1013 2015 1050 et
2044 1010 2298 1062 principium

1271 1077 1383 1117 idem
1402 1080 1501 1118 sunt
1520 1078 1565 1118 in
1591 1091 1658 1128 re,
1691 1083 1731 1120 et
1757 1092 1843 1120 non
1865 1081 2052 1131 ratione;
2074 1081 2154 1121 alio
2175 1081 2299 1121 modo

1272 1148 1459 1200 primum
1478 1149 1631 1190 dicitur
1649 1154 1845 1204 respectu
1865 1152 2051 1203 secundi,
2074 1155 2115 1192 et
2137 1153 2194 1193 sic
2212 1152 2299 1205 pri-

1273 1230 1393 1258 mum
1413 1222 1452 1259 et
1474 1220 1727 1273 principium
1742 1222 1854 1263 idem
1870 1225 1969 1263 sunt
1987 1236 2033 1263 re
2053 1226 2093 1264 et
2110 1224 2296 1264 ratione:

1272 1291 1313 1328 et
1331 1289 1390 1328 sic
1410 1301 1496 1330 non
1517 1291 1783 1342 significatur
1807 1294 1996 1346 primum
2024 1306 2098 1347 per
2122 1295 2204 1335 hoc
2222 1307 2294 1335 no-

1274 1372 1372 1400 men
1390 1361 1676 1414 innascibilia
1695 1364 1895 1417 importat
1908 1365 2024 1406 enim
2041 1366 2300 1418 primitatem

1273 1443 1347 1483 per
1363 1432 1646 1484 privationem
1667 1436 1832 1488 prioris,
1854 1439 1903 1477 ut
1922 1440 2034 1490 patet
2052 1450 2105 1478 ex
2124 1438 2214 1491 ipsa
2227 1450 2301 1478 no-

1274 1502 1402 1543 minis
1422 1504 1704 1557 impositione.

1599 1669 1871 1719 QUAESTIO
1901 1671 1986 1713 ΙΙΙ.

1275 1774 1339 1810 An
1358 1776 1632 1812 innascibilitas
1652 1779 1708 1813 vel
1723 1781 1932 1824 paternitas
1951 1781 2071 1815 Patris
2085 1782 2303 1827 proprietas,

1629 1838 1686 1873 vel
1705 1839 1835 1874 relatio
1858 1841 1907 1874 sit
1924 1840 1950 1875 ³.

1331 1940 1481 1983 Utrum
1508 1942 1813 1985 innascibilitas
1843 1945 1897 1985 sit
1928 1946 2181 1999 proprietas,
2217 1947 2306 1988 sive
2326 1961 2464 1988 Fundam.

1277 2013 1422 2054 relatio
1442 2015 1673 2066 personalis
1693 2027 1883 2068 personae
1906 2016 2063 2068 Patris,
2086 2030 2139 2058 an
2165 2021 2303 2071 pater-

1277 2084 1401 2124 nitas.
1430 2084 1481 2125 Et
1499 2086 1612 2138 quod
1632 2086 1685 2126 sit
1713 2088 1963 2140 paternitas,
1995 2089 2184 2141 videtur,
2205 2090 2307 2143 quia

1277 2154 1350 2195 illa
1366 2158 1428 2196 est
1442 2156 1675 2209 proprietas
1693 2159 1925 2210 personalis
1938 2191 1947 2209 ,
1970 2172 2044 2212 per
2064 2173 2193 2213 quam
2210 2173 2305 2213 per-

1278 2238 1382 2268 sona
1399 2228 1452 2268 ab
1471 2228 1671 2270 omnibus
1688 2233 1906 2282 separatur
1921 2246 1929 2272 ε
1944 2232 2015 2273 sed
2031 2232 2126 2273 talis
2141 2236 2202 2274 est
2214 2233 2307 2274 haec

1279 2298 1440 2350 relatio,
1460 2301 1700 2352 paternitas
1724 2315 1732 2340 ε
1754 2313 1873 2353 ergo,
1896 2304 1973 2342 etc.

1333 2369 1463 2420 Item,
1495 2371 1566 2411 illa
1597 2375 1658 2412 est
1688 2372 1920 2425 proprietas
1949 2374 2199 2426 personalis,
2233 2387 2308 2427 per

1279 2452 1409 2493 quam
1442 2454 1621 2494 persona
1655 2443 1943 2496 propriissime
1984 2446 2229 2486 nominatur
2268 2449 2308 2487 et

1280 2512 1536 2564 exprimitur
1554 2528 1562 2554 ε
1579 2513 1651 2554 sed
1671 2526 1852 2566 persona
1871 2515 2000 2568 patris
2020 2517 2307 2569 propriissime

1279 2583 1536 2636 exprimitur
1555 2597 1630 2637 per
1649 2586 1948 2638 paternitatem
1971 2602 1979 2628 :
2002 2600 2105 2640 ergo
2119 2620 2128 2637 ,
2147 2592 2225 2630 etc.

1334 2654 1459 2706 Item,
1481 2656 1590 2696 sicut
1609 2656 1754 2698 filiatio
1777 2670 1821 2698 se
1840 2658 1967 2699 habet
1986 2659 2037 2699 ad
2057 2660 2215 2712 filium,
2248 2661 2306 2701 sic

1280 2727 1505 2779 paternitas
1523 2728 1574 2768 ad
1601 2730 1763 2781 patrem
1790 2743 1799 2770 :
1826 2730 1897 2770 sed
1915 2730 2061 2770 filiatio
2082 2733 2143 2771 est
2162 2743 2304 2784 perso-

1279 2798 1552 2852 nalisrelatio
1571 2812 1762 2852 personae
1782 2801 1858 2840 filii
1889 2815 1898 2842 ε
1929 2813 2033 2853 ergo
2053 2804 2094 2842 et
2120 2803 2307 2855 paterni-

1279 2872 1358 2921 tas,
1377 2871 1522 2922 patris.

1334 2940 1439 2981 Item
1458 2942 1530 2983 illa
1549 2945 1610 2983 est
1632 2944 1868 2996 proprietas
1888 2956 2079 2997 personae
2092 2977 2102 2996 ,
2124 2958 2221 2998 quae
2242 2946 2304 2987 di-

1280 3012 1389 3054 citur
1407 3025 1482 3066 per
1500 3014 1676 3054 modum
1697 3015 1917 3067 positionis
1931 3019 1972 3056 et
1994 3017 2176 3069 propriae
2192 3018 2308 3058 habi-

1279 3083 1440 3125 tudinis
1465 3100 1473 3126 :
1495 3085 1567 3126 sed
1586 3086 1695 3126 inter
1712 3098 1859 3126 omnes
1877 3087 2103 3129 relationes
2122 3100 2218 3141 quae
2238 3088 2300 3128 di-

1280 3158 1436 3196 cuntur
1465 3156 1516 3197 de
1545 3159 1682 3209 patre,
1710 3157 1798 3197 sola
1826 3158 2056 3210 paternitas
2087 3162 2149 3200 est
2177 3158 2270 3199 talis
2295 3171 2304 3199 ε

1282 3238 1402 3278 ergO,
1419 3230 1497 3268 etc.

1335 3298 1517 3340 Contra:
1540 3304 1578 3340 1.
1608 3299 1846 3353 Proprietas
1867 3301 1958 3342 sive
1985 3302 2132 3343 relatio
2162 3315 2303 3355 perso·
2339 3321 2464 3358 Ad0pp‚

1280 3391 1314 3423 q.
1332 3390 1342 3413 1
1364 3384 1396 3413 et
1415 3390 1458 3423 113
1474 3383 1585 3425 AEgid.
1605 3385 1717 3424 Rom„
1733 3385 1744 3416 l
1762 3385 1866 3424 Seni„
1880 3386 1956 3417 dist.
1970 3394 2092 3426 xxviii,
2108 3395 2141 3426 q.
2160 3394 2170 3417 1
2191 3389 2223 3418 et
2242 3394 2304 3428 ¹¹¹3

1281 3430 1432 3470 Henric.‚
1452 3431 1487 3461 in
1507 3432 1653 3473 Summa,
1676 3434 1738 3464 art.
1755 3441 1838 3474 LVII,
1859 3443 1892 3474 q.
1907 3441 1959 3474 1v3
1981 3433 2149 3474 Richard„
2170 3434 2182 3464 1
2200 3435 2305 3475 Seni„

1280 3477 1355 3509 dist.
1370 3485 1495 3519 xxmn,
1511 3482 1575 3511 art.
1590 3487 1627 3519 11,
1645 3489 1676 3520 q.
1692 3488 1737 3520 113
1759 3481 1924 3522 Durand.‚
1942 3481 1951 3511 l
1968 3480 2072 3521 Sent„
2089 3480 2166 3512 dist.
2181 3489 2305 3523 xxvm,

1280 3532 1314 3564 q.
1328 3531 1372 3565 113
1393 3525 1562 3559 Francisc.
1577 3527 1618 3559 de
1638 3528 1761 3569 Mayr„
1779 3529 1791 3559 1
1810 3527 1915 3567 Sent„
1936 3527 2011 3560 dist.
2027 3535 2153 3569 xxvm,
2174 3537 2208 3569 q.
2226 3537 2252 3562 1.
