2613 3990
91 1518 190 1550 genili.

107 1576 143 1602 lix
168 1586 228 1603 xcr-

91 1618 132 1645 1115
165 1620 231 1647 uie-

112 1663 218 1696 ronyuii

111 1705 232 1730 1151611111-

103 1749 160 1773 tur.
188 1755 220 1772 ex

99 1796 154 1818 «gilo
171 1797 231 1813 21:11-

94 1836 123 1853 su
162 1829 230 1854 ajixit

90 1867 224 1902 Spiiiuun

105 1915 229 1938 sanctuni

111 1954 218 1987 1115νίιί-

110 1998 176 2020 tuin.

105 3139 222 3167 Divisio.

250 164 327 201 218
1010 159 1421 202 SENTENTIARUM
1452 161 1548 203 LlB.
1582 162 1611 203 1.

250 250 495 310 appellatur
515 250 754 308 ingenitus,
777 264 865 292 non
889 249 1067 308 quidem
1088 249 1133 292 in
1155 249 1414 309 Scripturis‚
1444 252 1516 295 sed
1545 251 1592 295 in
1626 250 1939 294 consuetudine
1971 251 2306 310 disputantium,
2330 259 2371 297 et

250 328 301 371 de
333 342 377 371 re
409 333 528 371 tanta
552 341 794 370 sermonem
828 326 1004 384 qualem
1034 326 1253 369 valuerint
1283 327 1613 385 proferentium.
1650 328 1787 371 Filius
1819 333 1965 370 autem
1998 327 2050 370 de
2082 329 2210 373 Patre
2243 336 2373 374 natus

251 409 337 458 est,
369 410 410 447 et
442 405 631 463 Spiritus
662 408 834 446 sanctus
867 402 918 446 de
955 403 1082 446 Patre
1118 403 1432 462 principaliter,
1463 411 1504 447 et
1537 406 1826 449 communiter
1858 405 1909 447 de
1947 410 2133 464 utroque
2164 407 2368 464 procedit.

252 481 439 540 Ideoque
461 486 470 506 ¹
493 496 592 523 cum
622 480 834 538 Spiritum
864 486 1061 523 sanctum
1101 480 1299 537 genitum
1325 497 1412 524 non
1443 481 1653 538 dicamus,
1676 483 1815 525 dicere
1838 487 1982 524 tumen
2012 481 2257 538 ingenitum
2285 499 2373 526 non

253 558 483 612 audemus,
507 573 559 600 ne
590 558 633 599 in
668 557 746 599 1106
767 557 979 600 vocabulo
1000 557 1067 600 vel
1089 556 1197 600 duos
1217 558 1366 601 Patres
1396 559 1441 601 111
1464 559 1539 602 illa
1559 560 1794 609 Trinitate‚
1819 560 1887 603 vel
1914 559 2023 602 duos
2056 559 2132 618 qui
2163 567 2250 603 non
2272 566 2374 604 sunt

251 636 301 678 dc
323 636 430 689 alio,
456 633 671 693 quispiam
694 632 951 692 suspicetur.
974 651 995 674 »
1021 634 1127 676 Ecce
1152 633 1219 676 his
1248 635 1388 677 verbis
1415 640 1559 693 aperte
1587 637 1774 679 ostendit
1809 636 2024 694 Spiritum
2062 641 2260 679 sanctum
2290 652 2367 681 nee

250 712 463 769 genitum,
488 726 564 752 nec
586 710 831 766 ingenitum
851 710 1007 754 debere
1032 710 1132 753 dici.

309 788 545 845 Ilieronym
556 802 603 829 us
623 793 784 841 tamen,
808 786 852 829 in
874 787 1037 844 regulis
1056 787 1363 831 definitionum
1383 794 1532 832 contra
1553 789 1790 845 haereticos,
1813 790 1915 833 dicit
1935 789 2150 849 Spiritum
2178 794 2375 834 sanctum

163 892 169 906 1
193 854 229 905 151-
252 865 496 921 ingenitum
517 879 622 918 esse,
646 864 713 907 his
733 864 876 908 verbis
901 881 908 907 :
940 882 960 905 «
983 864 1173 923 Spiritus
1191 870 1365 908 sanctus
1388 874 1509 924 pater
1539 882 1626 910 non
1655 872 1746 920 est,
1770 868 1839 910 sed
1876 867 2122 923 ingenitus,
2151 872 2281 926 atque
2313 868 2379 911 in—

191 934 219 988 m*
250 943 400 985 fectus.
424 942 552 984 Pater
572 957 658 985 non
680 947 757 996 est,
785 942 888 1001 quia
905 942 1047 985 Patris
1067 947 1154 997 est,
1178 948 1219 985 et
1238 943 1283 985 in
1304 943 1431 986 Patre
1453 949 1514 986 est
1544 960 1552 986 ε
1579 943 1894 1002 processionem
1925 944 2054 987 habet
2081 959 2132 987 ex
2158 944 2285 988 Patre
2303 979 2314 999 ,
2337 950 2379 988 et

195 1019 216 1071 ζ
253 1034 338 1062 11011
365 1019 653 1062 nativitatem.
685 1019 824 1062 Filius
854 1025 999 1062 autem
1031 1034 1119 1062 non
1153 1026 1241 1074 est,
1273 1020 1377 1078 quia
1404 1021 1578 1077 genitus
1598 1035 1686 1064 non
1706 1026 1782 1063 est.
1812 1037 1831 1061 »
1857 1021 1962 1064 Ecce
1984 1021 2036 1064 iis
2056 1021 2200 1065 verbis
2220 1022 2379 1065 dicitur

187 1098 217 1113 [⁸
253 1096 441 1156 Spiritus
460 1103 633 1140 sanctus
653 1112 741 1140 esse
762 1097 984 1153 ingenitus
1008 1113 1016 1140 :
1041 1097 1158 1156 quod
1179 1097 1352 1140 videtur
1372 1098 1589 1140 adversari
1614 1097 1844 1156 praemissis
1867 1099 2009 1141 verbis
2030 1099 2285 1156 Augustini.

311 1175 394 1218 Sed
416 1180 463 1217 ut
481 1174 606 1217 istam
632 1175 750 1233 (quae
771 1174 965 1233 videtur)
990 1175 1327 1233 repugnantiam
1346 1175 1398 1218 de
1417 1175 1559 1218 medio
1580 1175 1833 1231 abigamus,
1861 1175 2046 1220 dicimus
2077 1176 2195 1236 quod
2225 1177 2380 1221 Hiero-

174 1268 230 1292 ·m-
255 1267 413 1311 nymus
443 1252 569 1295 aliter
594 1252 755 1310 accepit
786 1267 945 1295 nomen
974 1252 1162 1311 inyem‘tc'
1176 1287 1186 1308 ,
1210 1258 1250 1295 et
1270 1252 1396 1295 aliter
1416 1252 1707 1309 Augustinus.
1732 1253 1910 1311 Accepit
1935 1253 2051 1296 enim
2071 1254 2348 1312 Augustinus
2365 1255 2380 1276 ²

253 1330 519 1388 inqenitum,
544 1330 646 1389 qui,
670 1329 737 1373 vel
758 1330 875 1389 quod
907 1329 958 1373 de
991 1330 1076 1374 alio
1096 1345 1184 1374 non
1206 1335 1295 1385 est3
1319 1336 1359 1373 et
1379 1329 1619 1374 secundum
1641 1329 1720 1373 hoc
1743 1330 1795 1373 de
1814 1330 1904 1373 solo
1925 1330 2052 1374 Patre
2077 1331 2252 1376 dicitur.
2278 1332 2381 1376 Hie-

191 1435 228 1460 ὼ,
252 1423 465 1467 ronymus
495 1422 597 1451 vero
631 1407 877 1467 inqenc'tum
897 1407 1015 1463 dicit,
1039 1423 1127 1451 non
1148 1408 1345 1465 genitum
1362 1425 1372 1463 3
1396 1413 1437 1451 et
1456 1407 1695 1452 secundum
1716 1407 1796 1451 hoc
1816 1407 1868 1451 de
1889 1407 2054 1467 Spiritu
2076 1414 2221 1453 sancto
2241 1414 2381 1469 potest

222 1492 233 1497 '
252 1485 353 1540 dici,
376 1500 476 1528 cum
496 1485 687 1544 Spiritus
706 1491 879 1529 sanctus
898 1500 988 1528 non
1008 1485 1062 1528 sit
1081 1485 1272 1542 genitus.

310 1562 437 1614 Quod
457 1567 603 1606 autem
626 1562 924 1622 Hieronymus
943 1562 1003 1606 ita
1022 1562 1252 1621 acceperit,
1288 1562 1531 1606 ostenditur
1564 1578 1616 1606 ex
1649 1562 1793 1606 verbis
1825 1562 1918 1621 ejus
1934 1597 1944 1617 ,
1973 1562 2136 1622 quibus
2162 1563 2209 1607 in
2229 1564 2380 1608 eodem

253 1645 434 1683 tractatu
458 1640 614 1694 utitur,
638 1639 799 1683 faciens
819 1640 948 1684 talem
969 1639 1230 1684 divisionem
1255 1657 1263 1682 ε
1293 1657 1314 1682 1(
1334 1639 1473 1683 Omne
1495 1640 1611 1699 quod
1634 1646 1710 1692 est,
1734 1646 1809 1683 aut
1826 1640 2074 1698 ingenitum
2094 1646 2180 1696 est,
2207 1647 2283 1685 aut
2310 1657 2383 1699 ge-

253 1718 396 1761 nitum
415 1753 425 1772 ‚
449 1724 524 1761 aut
546 1718 724 1762 factum.
758 1719 833 1761 Est
863 1733 965 1775 ergo
997 1718 1116 1777 quod
1142 1733 1221 1761 1166
1252 1723 1407 1761 natum
1427 1723 1505 1771 651,
1527 1733 1605 1761 1166
1626 1718 1790 1762 factum
1808 1735 1816 1762 :
1838 1725 1879 1762 et
1899 1724 1961 1762 est
1975 1718 2092 1778 quod
2113 1724 2268 1762 natum
2290 1723 2352 1762 est
2368 1753 2379 1774 ,

251 1801 291 1838 et
310 1795 474 1839 factum
495 1810 583 1838 non
605 1801 666 1838 est
691 1812 698 1838 :
721 1801 761 1838 61
781 1800 843 1838 651
863 1796 980 1855 quod
1007 1811 1085 1839 nec
1105 1801 1257 1838 natum
1279 1803 1361 1851 est,
1386 1810 1462 1838 1166
1482 1796 1645 1839 factum
1678 1802 1740 1839 est
1765 1812 1773 1838 :
1805 1802 1846 1839 et
1871 1801 1934 1840 est
1957 1796 2074 1855 quod
2109 1796 2273 1839 factum
2301 1802 2379 1851 est,

251 1878 291 1915 et
323 1879 474 1916 natum
509 1888 597 1916 non
626 1878 688 1916 est
712 1889 719 1915 :
744 1878 784 1915 et
804 1878 866 1916 est
886 1873 1003 1931 quod
1035 1873 1200 1917 factum
1234 1879 1325 1929 est,
1355 1879 1396 1916 et
1426 1879 1579 1916 natum
1600 1879 1686 1929 est,
1710 1879 1750 1917 et
1769 1880 1972 1917 renatum
1993 1879 2055 1917 est
2079 1889 2088 1917 ε
2114 1878 2156 1917 61
2175 1879 2238 1916 651
2265 1873 2382 1933 quod

249 1950 412 1993 factum
435 1956 512 2005 est,
537 1956 578 1993 et
598 1955 749 1993 natum
771 1956 850 2004 est,
873 1955 914 1993 et
934 1956 1137 1994 renatum
1160 1966 1247 1994 non
1268 1956 1345 1994 est.
1368 1950 1496 1994 Nunc
1514 1951 1846 2010 praepositorum
1868 1951 2054 2009 singulis
2074 1951 2205 1995 rebus
2224 1951 2384 1994 subsis-

250 2028 430 2072 tentiam
460 2029 742 2072 destinemus,
773 2028 900 2081 Quod
928 2043 1031 2086 ergo
1051 2043 1130 2072 1166
1149 2033 1303 2072 natum
1322 2063 1344 2084 ,.
1363 2044 1442 2072 1166
1470 2028 1632 2073 factum
1660 2034 1749 2085 est,
1782 2030 1912 2073 Pater
1940 2035 2002 2072 est
2025 2046 2034 2072 ε
2061 2044 2149 2073 non
2181 2028 2298 2072 enim
2329 2029 2384 2072 ab

249 2106 334 2149 alio
355 2107 504 2166 aliquo
525 2112 600 2150 est.
625 2107 751 2160 Quod
772 2112 919 2150 autem
938 2113 1093 2150 natum
1114 2112 1204 2162 est,
1227 2112 1268 2150 et
1287 2106 1451 2150 factum
1475 2122 1563 2151 11011
1584 2111 1661 2162 651,
1688 2107 1828 2151 Filius
1848 2112 1926 2163 est,
1953 2107 2031 2167 qui
2064 2123 2088 2150 a
2117 2107 2245 2150 Patre
2263 2107 2384 2165 geni-

250 2189 321 2227 tus
340 2189 418 2239 est,
445 2200 532 2228 non
557 2185 708 2228 factus.
734 2184 859 2237 Quod
882 2184 1041 2228 iterum
1061 2199 1140 2228 nec
1160 2185 1340 2241 factum,
1363 2200 1442 2228 1166
1462 2190 1615 2228 natum
1649 2191 1727 2241 est,
1750 2185 1940 2245 Spiritus
1967 2190 2141 2229 sanctus
2166 2190 2244 2240 est,
2267 2185 2384 2243 quia

250 2262 378 2306 Patre
414 2263 618 2322 procedit.
657 2263 782 2316 Quod
814 2263 944 2306 etiam
978 2263 1142 2306 factum
1177 2268 1240 2306 est
1271 2268 1312 2306 et
1338 2268 1491 2306 natum
1514 2278 1602 2306 non
1626 2268 1703 2317 651,
1728 2263 1888 2307 coelum
1909 2269 1949 2306 et
1972 2268 2101 2317 terra,
2124 2267 2381 2321 caeteraque,

251 2356 350 2400 quae
381 2341 650 2384 insensibilia
679 2347 796 2384 suut.
830 2340 957 2393 Quod
989 2347 1136 2384 autem
1155 2341 1337 2396 factum,
1360 2346 1400 2384 et
1421 2346 1591 2395 natum,
1615 2347 1656 2384 et
1677 2346 1878 2384 renatum
1899 2346 1977 2396 est,
2002 2340 2134 2384 homo
2154 2346 2230 2384 est.
2258 2341 2385 2394 Quod

252 2433 353 2462 vero
373 2419 534 2462 factum
555 2424 633 2474 est,
656 2425 696 2462 61
713 2424 866 2462 natum
883 2424 961 2474 est,
981 2423 1023 2462 et
1037 2424 1239 2462 renatum
1261 2433 1350 2462 11011
1371 2423 1448 2473 651,
1471 2418 1679 2462 animalia
1700 2424 1817 2462 sunt.
1838 2436 1857 2460 >³
1878 2419 1985 2462 Ecce
2000 2418 2067 2462 his
2082 2419 2225 2462 verbis
2245 2424 2386 2463 osten-

250 2496 314 2539 dit
344 2497 640 2556 Hieronymus
672 2512 715 2540 se
746 2497 996 2556 inqenz‘tzcm
1026 2497 1218 2556 accipere
1251 2512 1340 2540 non
1368 2497 1583 2556 (lenitum.
1618 2496 1758 2540 Aliter
1779 2496 1895 2539 enim
1916 2512 2005 2540 non
2026 2501 2134 2540 esset
2162 2497 2386 2555 praemissa

250 2573 406 2618 divisio
429 2589 548 2629 vera,
575 2574 736 2618 scilicet
758 2591 767 2618 :
797 2593 818 2617 «
839 2574 978 2619 Omne
998 2575 1116 2634 quod
1147 2581 1226 2629 est,
1251 2579 1327 2618 aut
1347 2574 1595 2633 ingenitum
1617 2580 1704 2629 est,
1728 2580 1804 2618 aut
1823 2574 2039 2632 genitum,
2064 2579 2140 2618 aut
2157 2574 2335 2618 factum.
2357 2591 2380 2616 »

250 2653 394 2711 Atque
427 2652 473 2695 in
512 2652 739 2697 divisionis
776 2652 909 2711 hujus
942 2652 1269 2711 prosecutione,
1310 2652 1356 2695 111
1391 2652 1681 2711 assignatione
1712 2651 1925 2711 z'nqem'ti,
1950 2652 2115 2711 ubique
2142 2652 2264 2710 ponit
2295 2667 2381 2696 non

251 2735 422 2773 natum.

507 2900 781 2944 EXPOSITIO
809 2900 1030 2944 TEXTUS.
1357 2904 1509 2945 differt.
1537 2903 1587 2945 Et
1615 2903 1709 2944 haec
1737 2914 1834 2957 pars
1858 2903 1985 2944 habet
2012 2901 2117 2943 duas
2147 2905 2285 2955 partes
2311 2917 2320 2943 :
2343 2903 2388 2944 in

460 3027 537 3057 Post
564 3027 640 3059 haec
669 3026 979 3067 considerandum,
1008 3028 1074 3059 616.

306 3119 444 3173 Supra
480 3121 568 3172 egit
595 3121 796 3174 Magister
828 3122 879 3163 de
909 3122 1174 3176 processione
1207 3135 1283 3177 per

252 3193 611 3246 comparationem
632 3194 683 3234 ad
703 3194 827 3235 illum
846 3195 899 3236 ad
918 3207 1070 3248 quem,
1096 3198 1136 3235 et
1153 3208 1178 3236 a
1197 3208 1282 3249 quo

252 3267 327 3305 est.
359 3263 434 3304 Hic
460 3264 582 3304 tertio
610 3264 700 3304 loco
727 3265 818 3317 agit
852 3266 902 3307 de
934 3267 1024 3320 ipsa
1046 3267 1283 3308 secundum

253 3335 636 3388 comparationem,
676 3338 717 3376 et
746 3337 1093 3390 generationem,
1137 3351 1162 3379 a
1198 3350 1283 3391 qua

300 3442 309 3463 ¹
337 3442 435 3483 thid„
452 3442 552 3483 paulo
573 3442 738 3483 superius.
752 3459 792 3466 —
806 3445 820 3465 2
845 3444 943 3486 Aug„
963 3445 1002 3477 de
1028 3447 1132 3488 Trin„
1154 3446 1212 3479 lib.
1239 3446 1281 3488 V,

259 3500 288 3521 c.
307 3498 382 3531 vui,
399 3499 434 3522 n.
448 3492 479 3522 8.

1357 2977 1495 3031 prima
1512 2975 1710 3028 Magister
1730 2975 1896 3029 quaerit,
1916 2977 1956 3015 et
1971 2974 2224 3015 determinat
2239 2978 2386 3016 utrum

1358 3048 1538 3101 Spiritus
1559 3051 1729 3087 sanctus
1753 3047 1901 3087 debeat
1926 3045 2007 3087 dici
2034 3046 2226 3098 genitus;
2252 3046 2297 3087 in
2322 3059 2386 3088 se-

1358 3120 1518 3169 cunda,
1553 3122 1700 3160 utrum
1736 3118 1882 3159 debeat
1918 3117 1999 3159 dici
2035 3118 2253 3171 ingenitus
2282 3118 2340 3158 ibi
2374 3134 2383 3160 :

1358 3194 1480 3235 Nunc
1518 3191 1877 3235 considerandum
1923 3194 2014 3241 est,
2053 3202 2149 3233 cum
2198 3190 2388 3244 Spiritus

1356 3269 1529 3308 sanctus
1545 3276 1631 3308 mm
1650 3266 1711 3308 sit
1726 3264 1907 3317 genitus.

1413 3337 1531 3388 Item,
1551 3338 1688 3390 prima
1705 3347 1802 3390 pars
1819 3335 1944 3375 habet
1963 3335 2161 3387 quatuor.
2185 3333 2232 3374 ln
2250 3334 2388 3387 prima

1359 3409 1561 3461 ostendit,
1591 3408 1705 3463 quod
1730 3406 1910 3461 Spiritus
1932 3409 2102 3448 sanctus
2131 3419 2220 3448 non
2239 3407 2387 3448 debeat

1358 3480 1440 3522 dici
1459 3483 1598 3534 natUS,
1620 3480 1688 3524 vel
1706 3479 1894 3533 genitus,
1910 3479 1978 3521 vel
1994 3478 2121 3521 filius.
2142 3478 2191 3520 In
2203 3477 2387 3520 secunda
