2613 3990
165 2029 187 2055 F
190 2029 278 2055 unda-

140 2074 244 2097 menta.

982 271 1110 313 DIST.
1140 271 1206 312 [Χ.
1236 270 1356 312 ART.
1389 271 1417 310 Ι.
1459 269 1656 319 QUAEST.
1690 270 1754 311 IV.

303 366 413 408 recte
428 365 578 406 dicitur
595 366 800 419 perfectus
818 365 930 405 filius
952 378 961 404 z
984 375 1087 415 ergo
1109 361 1325 414 generatio

304 437 397 489 eJus
415 439 476 476 est
494 436 732 477 terminata.

355 511 394 549 2.
426 507 554 556 Item,
584 507 746 547 ratione
776 505 1009 546 ostenditur
1041 505 1098 544 sic
1118 519 1126 545 :
1147 504 1325 544 Produci

301 579 555 620 terminatur
575 578 627 619 ad
649 576 901 630 productum
927 587 1015 616 esse
1038 590 1046 615 :
1070 587 1174 627 ergo
1195 587 1326 626 gene-

300 650 386 690 rari
418 650 469 690 ad
502 650 755 701 generatum
782 659 899 687 esse:
920 646 991 687 sed
1009 646 1142 686 Filius
1169 646 1239 686 Dei
1267 650 1328 686 est

301 724 528 775 generatus
550 723 590 761 et
617 722 742 760 natus
772 731 782 758 :
820 730 924 771 ergo
963 719 1055 770 ejus
1091 717 1323 770 productio,

301 793 390 833 sive
408 790 639 844 generatio,
659 791 721 830 est
739 789 977 830 terminata.

354 868 392 905 3.
417 864 534 915 Item,
555 861 738 903 nobilius
756 864 818 902 est
835 874 921 902 esse
935 864 1185 914 generatum
1196 875 1326 915 quam

300 935 520 987 generari,
550 933 651 986 quia
676 933 872 985 generari
902 935 964 973 est
987 933 1057 974 via
1077 934 1128 974 ad
1146 946 1326 986 genera-

304 1010 392 1046 tum
406 1017 507 1056 esse,
529 1008 570 1044 et
590 1016 677 1044 non
697 1016 719 1044 θ
740 1016 943 1044 converso
969 1016 979 1044 t
1013 1004 1084 1044 sed
1111 1005 1224 1057 quod
1245 1017 1326 1045 no-

300 1077 426 1118 bilius
447 1078 521 1127 est,
544 1075 626 1115 Deo
651 1077 711 1115 θεῖ
742 1075 1061 1116 attribuendum
1082 1088 1091 1116 ε
1114 1088 1216 1128 ergo
1235 1089 1327 1117 ma-

300 1148 366 1201 gis
396 1148 518 1188 debet
541 1147 579 1187 ei
599 1146 772 1187 attribui
793 1150 1049 1199 generatum
1067 1159 1175 1198 esse,
1198 1160 1327 1200 quam

301 1219 496 1272 generari
523 1231 531 1256 :
568 1230 671 1270 ergo
712 1218 931 1270 generatio
966 1218 1059 1258 Filii
1099 1219 1250 1259 dicitur
1282 1220 1327 1259 in

300 1289 610 1331 terminatione.

352 1362 392 1399 4.
430 1358 532 1415 Item
549 1390 559 1408 ,
581 1359 853 1411 generatione
881 1370 977 1412 quae
1006 1371 1170 1412 semper
1195 1363 1256 1401 est
1282 1360 1327 1400 in

299 1431 554 1484 generando,
578 1440 743 1483 semper
771 1430 932 1483 aliquid
959 1430 1027 1471 vel
1056 1431 1209 1483 aliquis
1234 1443 1328 1484 pro-

299 1503 467 1544 ducitur
496 1517 505 1543 :
538 1502 610 1543 sed
628 1514 716 1543 non
737 1502 986 1555 producitur
1012 1502 1054 1542 id
1082 1503 1194 1554 quod
1225 1515 1325 1555 pro-

299 1574 476 1616 ductum
496 1576 557 1614 θεῖ
570 1605 580 1624 ,
598 1573 832 1614 secundum
857 1573 899 1613 id
926 1572 1040 1625 quod
1061 1576 1122 1612 est
1140 1573 1326 1625 produc-

299 1649 393 1687 tum
417 1660 425 1687 :
449 1658 552 1697 ergo
582 1647 745 1699 oportet
771 1644 839 1685 vel
874 1644 987 1697 quod
1023 1645 1220 1694 iteretur,
1259 1646 1327 1686 vel

301 1717 415 1770 quod
444 1717 638 1758 succedat
666 1718 920 1770 generatum
960 1716 1006 1756 in
1040 1716 1112 1757 tali
1146 1729 1327 1769 genera-

300 1789 413 1829 tione
435 1801 445 1830 :
468 1788 539 1829 sed
558 1788 603 1828 in
620 1787 726 1828 Filio
746 1787 817 1828 Dei
834 1799 910 1828 nec
930 1790 991 1828 est
1009 1788 1227 1838 successio,
1250 1800 1326 1828 nec

299 1859 358 1898 ibi
388 1858 550 1898 iteratio
573 1873 581 1898 ε
618 1869 720 1909 ergo
746 1869 822 1898 nec
852 1857 1053 1898 continua
1079 1858 1322 1910 generatio:

301 1940 404 1981 ergo
421 1927 515 1968 Filii
534 1927 605 1969 Dei
620 1927 837 1980 generatio
855 1931 917 1969 est
936 1928 1173 1969 terminata.

355 2000 529 2052 Contra,
550 2013 624 2053 per
649 2000 953 2042 Damascenum
968 2006 979 2027 1
1003 2015 1010 2041 :
1032 2004 1141 2041 Deus
1163 2001 1326 2042 infinite

300 2074 340 2112 et
356 2072 444 2113 sine
463 2075 653 2125 tempore
670 2085 758 2121 ens,
781 2073 945 2113 infinite
965 2075 1005 2113 et
1023 2073 1325 2126 inquiescibili-

298 2147 362 2185 ter
380 2147 555 2197 generat
574 2160 582 2186 :
605 2157 709 2197 ergo
748 2145 965 2197 generatio
1005 2157 1228 2198 nunquam
1246 2148 1326 2186 ter-

299 2216 502 2257 minatur.

353 2286 458 2327 Item
474 2319 484 2338 ,
521 2287 683 2328 ratione
718 2287 887 2330 videtur
929 2288 1009 2329 hoc
1048 2288 1160 2329 idem
1206 2301 1325 2341 posse

299 2359 524 2399 monstrari
556 2374 564 2400 ε
594 2359 818 2400 AEternum
848 2372 936 2400 non
966 2360 1092 2400 habet
1127 2373 1169 2400 se
1207 2361 1326 2401 aliter

299 2442 428 2479 nunc,
450 2443 580 2483 quam
598 2432 718 2484 prius
734 2446 743 2481 ;
761 2431 833 2471 sed
852 2444 1018 2484 semper
1038 2432 1214 2472 omnino
1231 2433 1322 2472 11111-

266 2550 270 2554 ,
298 2501 487 2542 formiter
505 2517 515 2542 :
537 2514 639 2555 ergo
657 2535 667 2554 ,
687 2502 721 2542 si
740 2514 907 2556 semper
927 2502 1047 2544 Pater
1070 2516 1094 2543 a
1116 2503 1324 2556 principio

298 2578 474 2628 generat
492 2607 503 2626 ,
543 2575 680 2616 adhuc
717 2578 893 2628 generat
932 2590 939 2616 :
983 2576 1171 2629 alioquin
1206 2576 1325 2616 aliter

297 2659 341 2688 se
359 2647 533 2688 haberet
556 2659 686 2698 1111110,
709 2659 839 2700 quam
855 2647 988 2699 prius,
1009 2650 1048 2688 et
1067 2648 1124 2688 ita
1142 2660 1325 2700 genera-

297 2718 355 2759 tio
371 2721 530 2759 aeterna
549 2721 802 2760 mutaretur.

351 2789 483 2841 Item,
523 2790 702 2843 simplex
730 2793 770 2830 et
802 2790 1021 2831 infinitum
1055 2793 1167 2831 caret
1207 2790 1324 2831 omni

297 2861 477 2902 termino
505 2873 515 2902 :
544 2861 615 2902 sed
635 2861 851 2914 generatio
879 2861 975 2902 Filii
996 2864 1057 2902 est
1072 2861 1252 2914 simplex
1285 2864 1326 2902 et

297 2932 462 2973 infinita
484 2947 493 2973 ε
512 2944 616 2984 ergo
635 2932 852 2984 generatio
866 2932 960 2973 Filii
974 2935 1087 2973 caret
1102 2933 1221 2973 omni
1239 2935 1323 2973 ter-

299 3004 429 3045 mino.
465 3004 584 3054 Quod
610 3005 661 3044 sit
689 3004 855 3044 infinita
870 3037 880 3055 ,
902 3007 1040 3057 patet,
1064 3004 1163 3057 quia
1191 3004 1325 3045 Filius

300 3078 361 3115 est
388 3075 602 3126 infinitus;
626 3078 667 3115 et
694 3076 850 3115 iterum
881 3077 971 3128 ipsa
1007 3076 1228 3128 generatio
1265 3079 1325 3116 est

301 3149 471 3197 aeterna,
487 3149 528 3187 et
546 3149 756 3187 aeternum
772 3149 833 3186 est
850 3146 1070 3187 duratione
1090 3147 1322 3188 infinitum.

354 3217 471 3269 Item,
495 3219 716 3271 perfectior
738 3221 799 3259 est
821 3218 1006 3271 potentia
1027 3231 1192 3272 semper
1212 3219 1324 3259 actui

302 3290 522 3341 conjuncta
544 3322 554 3340 ‚
576 3302 707 3343 quam
739 3301 836 3342 quae
863 3301 948 3330 non
982 3302 1147 3343 semper
1181 3306 1189 3331 :
1221 3303 1325 3343 ergo

303 3359 520 3410 perfectior
537 3365 598 3402 est
615 3361 864 3402 foecunditas
884 3373 1049 3414 semper
1066 3362 1178 3402 actui
1198 3375 1326 3415 gene-

304 3429 475 3470 rationis
494 3433 730 3484 conjUncta,
755 3432 941 3472 maxime
962 3445 1060 3473 cum
1077 3434 1326 3474 foecunditas

346 3544 357 3564 1
371 3544 469 3574 Joan.
488 3544 700 3586 Damascen„
727 3546 766 3577 cle
787 3546 921 3578 Orthocl.
938 3545 1014 3586 fide,
1035 3546 1092 3578 lib.
1108 3548 1143 3587 I,
1163 3556 1270 3580 0.1’111
1291 3548 1325 3579 in

304 3591 384 3622 fine.
398 3608 439 3613 —
458 3591 472 3612 ²
489 3593 643 3633 August.,
662 3592 700 3624 de
721 3594 835 3625 Genes.
854 3593 898 3625 ad
912 3593 996 3632 litt„
1016 3593 1074 3626 lib.
1095 3595 1153 3626 VI.

2352 277 2418 314 18¹

1399 359 1630 413 generandi
1664 372 1752 400 non
1782 362 1994 414 perditur,
2023 364 2094 403 sed
2119 364 2336 415 perficitur
2358 379 2365 404 :
2390 364 2423 404 si

1399 444 1504 483 ergo
1528 432 1573 470 in
1600 431 1682 471 Deo
1702 435 1762 472 est
1778 432 2026 473 foecunditas
2045 433 2239 485 perfecta,
2261 447 2426 487 semper

1400 515 1503 555 ergo
1523 506 1698 554 generat
1717 516 1726 543 ε
1748 504 1819 544 sed
1838 515 1924 544 non
1957 507 2132 556 generat
2166 504 2297 545 alium
2314 538 2323 555 ,
2344 506 2425 546 nisi

1399 574 1555 614 Filium
1574 588 1582 614 z
1602 586 1705 626 ergo
1726 575 1859 616 Filius
1883 587 2048 628 semper
2065 579 2309 628 generatur.

1741 743 2086 786 CONCLUSIO.

1401 857 1587 893 Generatio
1606 855 1698 890 Filii
1715 856 1755 889 in
1775 854 1909 889 divinis
1929 856 1978 889 est
2004 856 2221 896 terminata,
2243 857 2275 891 sz'
2293 857 2429 901 perfec-

1449 917 1579 951 tionem
1617 914 1692 959 ejus
1729 915 1974 960 respz'cz'amus‚·
2012 915 2105 959 quod
2139 916 2172 950 ει·
2205 914 2429 950 durationem

1447 977 1667 1018 intueamur,
1689 984 1768 1009 cum
1787 983 1921 1019 semper
1940 972 2042 1008 duret
2056 1001 2066 1017 ‚
2089 975 2329 1010 interminata
2359 974 2432 1009 dici

1450 1033 1561 1069 debet.

1453 1149 1575 1202 Resp.
1597 1148 1649 1189 ad
1669 1149 1774 1200 Arg.
1792 1147 1855 1188 Ad
1872 1146 2174 1200 praedictorum
2188 1146 2431 1199 intelligen-

1399 1222 1516 1272 tiam,
1536 1219 1771 1261 notandum
1790 1218 1903 1272 quod
1927 1218 2123 1271 quaedam
2148 1221 2246 1258 sunt
2269 1218 2313 1258 in
2333 1219 2430 1271 qui-

1400 1293 1478 1333 bus
1497 1292 1609 1333 idem
1629 1294 1689 1332 est
1709 1303 1798 1332 esse
1818 1293 1859 1331 et
1875 1290 2036 1330 factum
2053 1302 2142 1330 esse
2159 1321 2168 1337 ,
2197 1289 2336 1330 differt
2363 1292 2430 1330 ta-

1400 1376 1497 1405 men
1526 1363 1618 1404 fieri
1649 1365 1690 1403 et
1717 1374 1825 1411 esse,
1847 1364 1895 1402 ut
1927 1363 2026 1402 sunt
2043 1361 2113 1401 illa
2133 1372 2319 1413 quorum
2342 1372 2432 1401 esse

1399 1439 1461 1475 est
1477 1446 1743 1488 permanens,
1769 1445 1845 1473 nec
1865 1432 2069 1485 dependet
2089 1431 2263 1471 omnino
2280 1444 2304 1471 a
2317 1431 2431 1484 prin-

1400 1506 1506 1558 cipio
1536 1506 1817 1558 producente,
1852 1506 1893 1544 et
1924 1503 2004 1543 hoc
2038 1503 2236 1555 proximo
2272 1503 2431 1555 produ-

1400 1580 1538 1625 cente,
1570 1577 1614 1616 in
1647 1577 1753 1616 facto
1780 1587 1893 1625 esse,
1922 1575 2008 1615 imo
2033 1574 2192 1615 habent
2222 1574 2431 1615 rationem

1399 1648 1653 1689 subsistendi
1682 1647 1868 1700 aliquam
1888 1647 2000 1686 intra
2026 1658 2083 1695 se,
2114 1646 2201 1687 sive
2220 1658 2295 1699 per
2314 1646 2432 1700 prin-

1400 1720 1508 1774 cipia
1538 1719 1707 1773 propria
1737 1718 1804 1759 sui
1833 1717 2033 1771 subJecti,
2064 1720 2112 1758 ut
2138 1718 2373 1758 substantia
2393 1720 2434 1759 et

1399 1792 1628 1834 accidentia
1657 1792 1815 1832 innata.
1847 1789 2050 1840 Quaedam
2076 1792 2176 1830 sunt
2202 1790 2245 1829 in
2276 1790 2433 1842 quibus

1400 1863 1537 1904 differt
1559 1875 1645 1904 esse
1676 1866 1715 1902 et
1744 1863 1903 1903 factum
1928 1873 2016 1902 esse
2033 1893 2043 1912 ,
2064 1861 2177 1902 idem
2208 1864 2351 1902 tamen
2372 1864 2432 1902 est
2490 1846 2494 1853 ¹

1401 1936 1490 1976 fieri
1510 1938 1549 1975 et
1570 1947 1672 1985 esse,
1695 1936 1743 1974 ut
1760 1936 1859 1974 sunt
1875 1933 2126 1982 successiva,
2142 1944 2329 1986 quorum
2343 1944 2431 1973 esse

1400 2007 1604 2060 dependet
1652 2006 1825 2047 omnino
1861 2018 1886 2045 a
1920 2004 2125 2057 principio
2171 2004 2431 2057 producente

1400 2080 1604 2120 existente
1624 2079 1670 2119 in
1694 2091 1772 2119 sua
1799 2077 2062 2127 actuafflate,
2085 2079 2133 2117 ut
2152 2079 2249 2117 sunt
2270 2079 2428 2128 motus,

1399 2155 1441 2192 et
1460 2151 1732 2192 mutationes.
1765 2149 1968 2199 Quaedam
1998 2150 2097 2188 sunt
2124 2147 2170 2187 in
2196 2148 2350 2200 quibus
2370 2151 2430 2188 est

1399 2223 1511 2264 idem
1530 2223 1622 2263 fieri
1648 2225 1688 2262 et
1709 2234 1797 2262 esse
1818 2224 1858 2262 et
1877 2221 2035 2260 factum
2054 2231 2157 2270 esse,
2176 2222 2225 2260 ut
2243 2222 2342 2259 sunt
2358 2219 2430 2260 illa
2447 2243 2452 2247 -

1400 2307 1496 2348 quae
1524 2294 1682 2334 habent
1709 2305 1796 2333 esse
1814 2303 2083 2345 permanens,
2106 2294 2146 2331 et
2162 2291 2343 2331 totaliter
2362 2291 2430 2332 de-

1399 2368 1584 2421 pendent
1599 2380 1624 2406 a
1640 2365 1848 2419 principio
1866 2364 2139 2417 producente,
2161 2363 2364 2404 existente
2384 2363 2429 2403 in

1400 2451 1477 2479 sua
1513 2437 1752 2478 actualitate
1794 2447 1869 2489 per
1904 2435 2104 2476 eumdem
2140 2434 2316 2475 modum
2353 2446 2428 2487 per

1400 2521 1527 2562 quem
1549 2512 1648 2549 sunt
1666 2508 1711 2547 in
1730 2506 1956 2560 principio,
1986 2518 2073 2547 non
2109 2508 2277 2546 tantum
2303 2506 2348 2545 in
2367 2518 2425 2558 se,

1400 2580 1471 2621 sed
1482 2581 1609 2621 etiam
1620 2582 1811 2632 respectu
1822 2578 2030 2631 producti,
2041 2578 2099 2618 ita
2113 2577 2227 2631 quod
2234 2577 2347 2618 consi
2353 2577 2429 2617 mi-

1399 2652 1451 2692 lis
1462 2652 1613 2692 modus
1629 2650 1879 2691 actualitatis
1895 2649 2134 2690 attendatur
2148 2651 2356 2702 quantum
2376 2648 2429 2689 ad

1400 2727 1645 2776 utrumque,
1668 2725 1708 2763 et
1723 2722 1822 2762 talia
1841 2724 1940 2762 sunt
1956 2721 2204 2771 influentiae,
2228 2720 2316 2761 sive
2335 2732 2429 2761 cor-

1399 2795 1577 2850 porales,
1600 2795 1688 2835 sive
1707 2793 1958 2847 spirituales
1979 2791 2096 2832 Unde
2115 2791 2384 2844 Augustinus
2397 2793 2426 2840 ²,

1401 2878 1525 2919 super
1553 2867 1746 2909 Genesim
1775 2864 1831 2906 ad
1857 2864 2058 2913 litteram,
2092 2862 2191 2903 dicit
2218 2862 2332 2915 quod
2357 2863 2428 2903 lu-

1402 2951 1499 2979 men
1519 2949 1683 2991 semper
1709 2936 1912 2986 nascitur,
1935 2937 1975 2975 et
1993 2935 2096 2975 dum
2116 2934 2317 2985 nascitur,
2337 2936 2399 2975 est
2416 2949 2425 2975 ε

1400 3011 1513 3051 unde
1543 3022 1614 3050 aer
1644 3019 1808 3061 semper
1834 3010 1896 3048 est
1914 3005 2204 3056 illuminatUS,
2240 3008 2280 3046 et
2316 3018 2429 3046 sem-

1400 3095 1474 3135 per
1507 3082 1787 3122 illuminatur.
1828 3078 2029 3119 Similiter
2071 3078 2246 3118 omnino
2279 3077 2427 3118 dicen-

1400 3155 1503 3195 dum
1529 3154 1578 3194 de
1602 3153 1764 3194 lumine
1789 3150 2019 3203 spirituali,
2042 3150 2156 3203 quod
2180 3151 2242 3190 est
2274 3149 2424 3201 gratia.

1402 3225 1446 3266 Si
1470 3225 1603 3277 igitur
1632 3223 1764 3263 Filius
1798 3221 1871 3262 Dei
1898 3222 2026 3262 habet
2059 3233 2146 3261 esse
2173 3233 2426 3274 permanen-

1400 3297 1638 3344 tissimum,
1675 3297 1715 3335 et
1749 3305 1836 3334 esse
1871 3292 2266 3346 conjunctissimum
2304 3291 2426 3344 prin-

1401 3368 1509 3420 cipio
1556 3365 1806 3419 productivo
1834 3397 1847 3416 ,
1892 3367 1940 3405 ut
1983 3365 2029 3405 in
2073 3363 2139 3404 sui
2190 3362 2426 3404 actualitate

1401 3438 1611 3488 existenti,
1631 3437 1730 3489 quia
1745 3436 1833 3490 ipse
1852 3439 1913 3477 est
1930 3435 2061 3476 Filius
2079 3438 2119 3475 et
2139 3446 2270 3487 purus
2290 3436 2424 3484 actus,

1402 3509 1576 3550 omnino
1608 3508 1720 3548 idem
1747 3510 1808 3548 est
1834 3508 1879 3547 in
1906 3508 1995 3560 ipso
2026 3506 2141 3546 nasci
2160 3537 2169 3554 ,
2207 3507 2248 3545 et
2276 3507 2426 3545 natum

1402 3594 1510 3630 esse,
1539 3583 1580 3620 et
1595 3580 1689 3621 ideo
1708 3591 1872 3632 semper
1897 3578 2098 3629 nascitur,
2120 3579 2161 3618 et
2179 3588 2346 3630 semper
2365 3579 2427 3618 est
