2613 3990
958 212 1207 254 DISTINCT.
1239 213 1362 254 XVII.
1395 212 1546 253 PART.
1579 212 1611 252 I.

215 302 504 355 suppositione
520 303 634 355 quod
650 303 740 356 ipsa
760 302 940 343 charitas
959 302 1049 343 sive
1076 302 1240 342 dilectio

215 373 401 426 proximi
420 375 481 413 est
499 374 664 414 dilectio
680 385 778 414 cum
796 373 1078 425 acceptatione
1101 384 1111 411 ε
1130 375 1170 413 et
1187 385 1241 413 ex

214 444 294 484 hac
312 447 426 484 tenet
440 445 576 497 prima
590 444 886 496 consequentia
900 458 909 492 ;
928 446 968 484 et
983 456 1036 483 ex
1050 443 1130 483 alia
1146 456 1241 496 sup-

215 515 436 568 positione,
459 516 571 568 quod
591 515 727 568 prima
745 514 850 554 ratio
867 514 1160 567 acceptationis
1179 517 1240 555 est

214 586 260 626 in
275 586 494 627 dilectione
509 587 787 639 exemplante,
808 598 894 626 non
913 587 1151 639 exemplata
1170 599 1180 627 ε
1200 588 1240 627 01

215 670 269 699 ex
287 658 368 699 hoc
385 662 497 712 patet
513 658 710 700 secunda.

649 783 740 811 DUB.
772 782 816 810 ΙΙ.

216 861 302 892 Εο00
315 861 386 902 J'am
405 862 502 902 potes
513 859 682 892 notiorem
700 861 806 891 Deum
819 859 945 891 habere
967 868 1069 900 quam
1087 858 1236 891 fratrem.

267 943 441 985 Videtur
452 944 532 984 hoc
545 944 699 984 falsum
718 955 728 984 ε
750 943 852 995 (1010
871 943 928 984 ad
953 943 1210 985 Timotheum
1226 948 1237 969 ¹

214 1015 366 1056 dicitur
385 1015 435 1055 de
454 1015 538 1056 Deo
558 1015 671 1067 quod
691 1015 821 1056 lucem
840 1015 1002 1057 habitat
1016 1016 1241 1058 inaccessi-

215 1086 353 1129 bilem.
377 1087 586 1128 Praeterea
608 1088 658 1128 de
680 1087 807 1128 fratre
833 1087 952 1127 novit
972 1087 1073 1140 quid
1093 1090 1167 1136 est,
1189 1088 1240 1128 de

213 1157 296 1199 Deo
313 1171 413 1200 vero
432 1171 518 1199 non
536 1159 656 1200 novit
670 1159 775 1211 quid
799 1162 872 1209 est,
892 1159 963 1199 sed
984 1159 1018 1199 si
1043 1161 1104 1200 est
1124 1174 1132 1199 ε
1153 1159 1240 1212 ipse

213 1233 355 1270 autem
382 1242 469 1270 non
497 1230 686 1283 loquitur
717 1233 925 1283 quantum
949 1232 1001 1272 ad
1030 1231 1237 1284 cognitIO-

214 1314 313 1342 nem
326 1302 361 1342 si
381 1304 455 1342 est.

266 1373 388 1426 Resp.
413 1373 647 1423 Dicendum
674 1374 789 1426 quod
812 1374 983 1427 aliquid
999 1375 1138 1428 maqis
1158 1385 1242 1415 0ον-

213 1445 512 1488 tiluclz'nalz'cer
540 1447 751 1499 coynosci,
772 1449 834 1486 est
852 1446 1072 1496 dupliciter
1092 1459 1101 1495 3
1140 1445 1242 1498 quia

215 1515 421 1556 certitudo
441 1516 694 1568 cognitionis
713 1519 774 1557 est
792 1518 1028 1558 secundum
1054 1529 1240 1569 111005011-

215 1586 318 1626 tiam
335 1601 345 1636 ;
364 1587 523 1640 aliquid
540 1589 683 1627 autem
704 1599 889 1640 praesens
908 1590 970 1628 est
991 1587 1211 1640 dupliciter
1231 1602 1239 1628 :

216 1660 424 1710 quantum
471 1659 524 1699 ad
564 1658 772 1698 rationem
817 1659 1097 1710 cognoscendi
1123 1690 1132 1707 ,
1171 1660 1244 1698 aut

217 1731 429 1781 quantum
493 1729 546 1769 ad
603 1729 881 1770 substantiam
933 1729 1240 1781 cognoscibilis.

218 1799 432 1848 Quantum
450 1799 502 1840 ad
524 1800 817 1851 substantiam,
838 1799 949 1840 Deus
975 1804 1036 1840 est
1054 1813 1244 1853 praesen-

216 1870 298 1911 tior
317 1871 485 1912 cuilibet
502 1871 578 1923 rei,
599 1884 729 1924 quam
749 1872 889 1924 aliqua
905 1872 986 1912 alia
1002 1884 1069 1912 res
1086 1885 1096 1922 ;
1113 1884 1245 1925 quan-

216 1946 309 1983 tum
337 1946 482 1984 autem
507 1943 560 1984 ad
587 1943 796 1984 rationem
827 1943 1136 1995 cognoscendi,
1164 1944 1245 1983 hoc

217 2017 280 2055 est
305 2014 528 2068 dupliciter
551 2018 652 2055 :aut
667 2027 691 2054 a
711 2016 827 2067 parte
851 2014 1160 2066 cognoscibilis,
1185 2015 1245 2054 si—

216 2090 289 2128 cut
305 2087 367 2128 sol
385 2090 448 2128 est
464 2100 652 2141 praesens
670 2099 795 2138 caeco,
815 2090 855 2128 et
873 2090 1016 2127 tamen
1031 2099 1165 2127 caecus
1185 2090 1246 2127 est

219 2158 368 2199 absens
386 2158 561 2200 lumini:
576 2159 635 2199 sic
648 2158 757 2199 Deus
778 2161 839 2199 est
849 2159 1097 2212 praesentior
1115 2171 1245 2211 quam

217 2230 360 2270 frater.
394 2229 438 2271 Si
468 2232 614 2271 autem
643 2243 668 2270 a
696 2233 813 2283 parte
842 2229 1135 2282 cognoscentis
1153 2261 1162 2279 ,
1185 2229 1245 2269 sic

218 2302 466 2354 praesentior
497 2305 558 2342 est
584 2302 726 2350 frater,
748 2301 847 2354 quia
866 2312 1051 2354 praesens
1070 2303 1130 2340 est
1148 2313 1245 2340 ocu-

215 2378 266 2418 lis
297 2379 486 2428 carneis,
510 2390 698 2431 quorum
727 2377 912 2430 cognitio
939 2378 1057 2429 viget
1089 2389 1244 2418 secun-

219 2448 322 2489 dum
349 2452 506 2490 statum
528 2453 798 2503 praesentem.

270 2521 403 2562 Aliter
422 2523 557 2574 potest
572 2520 656 2561 dici
678 2520 793 2573 quod
813 2519 1062 2572 praesentius
1081 2522 1141 2559 051
1164 2519 1243 2559 011-

219 2595 321 2649 quid
347 2593 569 2646 dupliciter
600 2593 646 2632 111
666 2592 829 2633 ratione
849 2592 1157 2644 cognoscibilis,
1178 2593 1246 2633 vel

217 2666 453 2707 secundum
487 2664 684 2706 effectum
702 2695 712 2710 ,
744 2663 813 2704 vel
837 2663 1071 2703 secundum
1088 2676 1130 2703 se
1152 2678 1160 2704 :
1181 2676 1244 2704 se-

217 2737 409 2778 cundum
442 2749 485 2777 se
500 2768 510 2785 ,
545 2736 684 2776 notior
720 2738 782 2775 est
816 2735 967 2784 fratem
1012 2735 1247 2775 secundum

218 2809 414 2850 effectum
427 2802 602 2860 ,1101101
618 2808 680 2847 051
698 2806 806 2847 Deus
829 2821 837 2847 :
861 2806 963 2859 (1010
982 2806 1154 2847 effectus
1179 2806 1247 2846 di-

218 2881 347 2921 vinus
365 2880 440 2933 qui
456 2883 518 2921 est
533 2879 714 2927 dilectio,
733 2879 861 2918 intrat
884 2879 1018 2931 ipsam
1041 2879 1244 2929 animam,

220 2955 261 2992 et
276 2952 315 2993 ei
334 2956 395 2992 est
409 2964 610 3005 praesens,
627 2954 667 2991 et
679 2950 819 3002 magis
836 2950 1104 3002 cognoscitur
1117 2963 1247 3004 quam

221 3024 362 3065 frater,

644 3088 736 3116 nuss.
766 3087 828 3115 111.

304 3159 369 3198 Qui
387 3159 504 3201 diligit,
524 3159 650 3200 inquit,
671 3158 822 3199 fratrem,
842 3158 876 3190 in
895 3158 1021 3190 lumine
1039 3161 1166 3190 manet.

274 3237 450 3279 Videtur
491 3238 571 3278 hoc
606 3238 788 3279 verbum
829 3235 1028 3277 ι1001111152
1066 3237 1247 3290 positum

222 3310 451 3362 improprie
483 3310 657 3359 dictum,
685 3309 786 3362 quia
809 3309 957 3349 lumen
984 3309 1152 3362 respicit
1179 3321 1249 3349 co-

223 3381 485 3434 gnitionem,
519 3382 626 3422 sicut
666 3382 778 3423 calor
815 3382 1107 3423 affectionem:
1145 3394 1249 3434 ergo

265 3488 303 3518 11
323 3487 419 3527 Tim„
437 3493 483 3526 vx,
501 3488 550 3519 16.
564 3489 655 3520 —21
675 3490 768 3520 Joan.
798 3497 836 3530 11,
854 3490 947 3520 10.—-
961 3488 1000 3520 31
1019 3491 1180 3529 Joan.,11‚
1197 3491 1248 3521 27.

225 3535 286 3559 -ἣ
299 3534 418 3573 Eccli.,
434 3535 552 3575 11016.

2262 216 2339 253 279

1316 302 1454 354 magis
1480 301 1648 342 deberet
1675 302 1812 342 dicere
1834 315 1843 342 z
1870 305 2049 342 «manet
2069 303 2115 343 in
2142 303 2294 353 calore,
2315 317 2334 340 ›)

1317 387 1447 427 quam
1470 388 1479 414 ε
1501 389 1520 412 <‹
1537 375 1680 413 manet
1696 373 1742 412 111
1761 372 1936 413 iumine.
1953 387 1972 410 »

1367 445 1489 498 Resp.
1521 444 1751 485 Dicendum
1777 444 1889 497 quod
1908 443 2082 484 luminis
2109 446 2170 484 051
2198 445 2340 484 mani-

1314 518 1477 557 festare.
1502 515 1765 556 Manifestare
1786 518 1929 555 autem
1953 514 2114 567 aliquid
2133 515 2259 555 alicui
2281 518 2343 556 est

1314 587 1536 640 dupliciter
1557 602 1565 627 ε
1585 590 1658 627 aut
1675 587 1784 626 sicut
1799 586 1915 627 viam
1930 586 2339 638 cognoscendorum⁷

1314 662 1390 699 aut
1408 659 1514 699 sicut
1532 658 1647 698 viam
1666 658 1947 710 agendorum.
1981 656 2174 697 Primum
2192 661 2253 698 est
2269 670 2344 710 per

1314 730 1546 780 scientiam,
1580 732 1621 769 et
1645 732 1790 769 contra
1814 729 1917 769 illud
1945 729 2093 769 lumen
2113 729 2343 781 opponitur

1313 802 1486 841 tenebra
1502 800 1757 852 ignorantiae
1774 800 1988 852 simplicis.
2021 798 2265 840 Secundum
2282 803 2344 840 est

1314 885 1389 924 per
1422 872 1627 924 gratiam,
1660 871 1774 911 unde
1805 882 1878 923 per
1896 870 2158 911 Joannem³z
2197 870 2342 912 Unctio

1315 944 1475 986 docebit
1498 954 1570 986 vos
1593 943 1643 984 cle
1670 942 1887 986 omnibu&
1918 946 1958 982 et
1986 945 2130 982 contra
2149 941 2254 982 illud
2281 944 2344 981 est
2393 982 2396 983 ⁷

1314 1016 1488 1056 tenebra
1512 1015 1698 1064 malitiae,
1721 1014 1810 1054 sive
1835 1013 2018 1066 peccati:
2044 1015 2084 1053 et
2103 1013 2153 1053 de
2178 1013 2344 1053 110010-

1316 1087 1454 1137 mine,
1498 1090 1538 1127 et
1567 1087 1617 1127 de
1658 1086 1723 1125 his
1761 1084 1946 1125 tenebris
1978 1084 2166 1137 loquitur
2197 1085 2346 1124 beatus

1314 1158 1509 1208 joannes,
1531 1158 1644 1211 quod
1664 1160 1776 1210 patet
1794 1157 1840 1196 in
1859 1159 1994 1196 textu.
2020 1155 2346 1196 Ε1Εο010510511-

1316 1233 1448 1271 cus⁴:
1484 1231 1614 1271 Error
1645 1233 1683 1271 01
1715 1228 1895 1271 tenebrae
1920 1227 2212 1280 peccatoribus
2247 1237 2347 1268 con-

1316 1305 1453 1343 creata
1484 1304 1597 1342 szmt.
1637 1300 1687 1340 Et
1724 1299 1928 1353 quoniam
1965 1299 2146 1339 charitas
2182 1310 2348 1351 semper

1317 1377 1378 1414 est
1398 1385 1497 1413 cum
1516 1372 1668 1424 gratia,
1690 1371 1783 1411 alife
1803 1370 1980 1411 virtutes
1994 1383 2094 1421 non,
2113 1370 2206 1410 ideo
2220 1369 2344 1409 dicit:

1320 1446 1400 1492 Qui
1421 1448 1552 1495 (ωηατ,
1575 1447 1712 1485 manet
1735 1444 1784 1484 in
1803 1441 1978 1493 lemniae,
2000 1454 2075 1494 per
2097 1441 2344 1494 appropria-

1317 1518 1493 1557 tionem.

1738 1582 1829 1609 DUB.
1864 1580 1923 1608 iv.

1402 1653 1436 1686 si
1455 1653 1490 1684 in
1506 1652 1603 1684 donis
1620 1652 1681 1684 Dei
1699 1652 1783 1683 nihil
1800 1654 1850 1683 est
1868 1650 1980 1692 majus
2003 1649 2177 1689 charitate,
2199 1651 2264 1680 010.

1371 1730 1545 1771 Videtur
1561 1730 1699 1770 dicere
1722 1729 1889 1778 falsum,
1911 1727 2012 1780 quia
2036 1726 2254 1779 sapientia}
2274 1726 2350 1766 do-

1318 1814 1426 1842 num
1449 1801 1622 1854 ponitur
1647 1799 2051 1841 excellentissimum
2077 1798 2186 1837 inter
2206 1797 2350 1838 omnia

1318 1874 1455 1915 dona:
1487 1873 1554 1914 vel
1573 1872 1608 1912 si
1635 1872 1747 1912 idem
1768 1874 1830 1911 est
1857 1870 2041 1911 charitas
2067 1872 2107 1909 et
2126 1869 2346 1921 sapientia,

1319 1945 1500 1986 charitas
1544 1957 1631 1985 non
1671 1944 1824 1984 retinet
1861 1941 2193 1995 praerogativam
2238 1940 2350 1980 inter

1319 2018 1442 2058 dona.
1473 2017 1576 2058 Item
1603 2016 1812 2069 quaeritur
1837 2015 1887 2055 de
1914 2013 2243 2066 consequentia:
2270 2012 2350 2053 «Si

1319 2089 1500 2129 charitas
1531 2091 1593 2129 est
1622 2088 1890 2141 praecipuum
1919 2087 2027 2126 inter
2057 2086 2168 2126 dona
2196 2084 2282 2135 Dei,
2310 2087 2352 2125 et

1320 2160 1491 2200 nullum
1523 2161 1666 2212 majus
1695 2163 1756 2200 est
1789 2171 1920 2211 quam
1950 2157 2132 2211 Spiritus
2161 2159 2347 2207 sanctus,

1320 2244 1422 2284 ergo
1441 2230 1621 2284 Spiritus
1640 2234 1809 2271 sanctus
1823 2234 1885 2270 est
1899 2230 2093 2270 charitas.
2109 2243 2127 2266 »
2147 2229 2233 2269 Aut
2246 2240 2349 2280 ergo

1318 2303 1508 2357 loquitur
1537 2303 1587 2343 de
1620 2302 1821 2342 charitate
1850 2303 2002 2350 creata,
2033 2302 2106 2341 aut
2135 2300 2347 2339 increata:

1320 2376 1354 2415 si
1381 2375 1431 2415 de
1456 2375 1655 2424 increata,
1687 2375 1790 2413 tunc
1822 2384 1927 2424 ergo
1952 2372 2102 2424 probat
2132 2371 2243 2411 idem
2274 2381 2349 2423 per

1319 2447 1451 2495 idcm3
1475 2445 1509 2484 si
1529 2445 1578 2484 de
1599 2445 1752 2492 creata,
1773 2444 1877 2482 tunc
1905 2442 2022 2482 nulla
2052 2441 2222 2483 videtur
2249 2453 2350 2481 0011-

1321 2517 1552 2570 sequentia,
1578 2516 1680 2569 quia
1698 2527 1785 2555 non
1802 2515 1928 2564 valet,
1948 2514 2060 2567 quod
2080 2514 2114 2553 si
2132 2515 2270 2553 creata
2289 2515 2352 2553 est

1321 2590 1502 2630 charitas
1528 2589 1665 2640 major
1692 2587 1803 2627 inter
1830 2587 1942 2627 dona
1966 2588 2124 2635 010010,
2156 2585 2270 2638 quod
2298 2584 2352 2624 sit

1322 2661 1503 2714 Spiritus
1525 2662 1709 2700 sanctus.

1374 2732 1496 2785 Resp.
1520 2731 1754 2772 Dicendum
1774 2730 1887 2783 quod
1906 2728 2106 2782 praedicta
2122 2726 2352 2768 auctoritas

1322 2803 1552 2856 Augustini
1566 2806 1701 2856 potest
1717 2800 1899 2852 intelligi
1914 2800 1964 2840 de
1978 2799 2179 2839 charitate
2195 2801 2349 2850 creata,

1321 2879 1362 2916 et
1379 2876 1564 2915 increata
1581 2889 1589 2914 ε
1611 2876 1652 2914 et
1670 2886 1744 2927 pro
1763 2876 1942 2924 utraque
1962 2871 2090 2911 hahet
2109 2871 2349 2911 veritatem.

1323 2947 1366 2989 Si
1403 2947 1454 2988 de
1483 2947 1687 2996 increata,
1723 2947 1887 2984 certum
1919 2945 2002 2992 est;
2042 2943 2076 2982 si
2111 2943 2161 2983 de
2196 2945 2350 2993 creata,

1322 3019 1563 3060 maximum
1592 3020 1654 3058 est
1683 3017 1792 3056 inter
1819 3015 1950 3063 dona,
1976 3014 2077 3066 quia
2102 3014 2197 3067 plus
2224 3014 2354 3054 habet

1323 3092 1369 3131 in
1393 3103 1436 3131 se
1454 3091 1503 3131 de
1523 3090 1686 3130 ratione
1706 3086 1918 3134 honitatis,
1941 3085 2030 3126 sive
2048 3085 2098 3125 de
2114 3085 2205 3138 ipsa
2231 3085 2354 3125 honi-

1321 3167 1418 3214 tate,
1443 3175 1573 3215 quam
1601 3159 1770 3212 aliquod
1792 3158 1979 3208 donum,
2000 3157 2211 3210 loquendo
2243 3168 2352 3210 [1100-

1323 3235 1419 3275 0150.
1458 3232 1659 3282 Quaedam
1691 3230 1804 3270 enim
1837 3229 1947 3270 dona
1975 3231 2091 3279 sunt,
2126 3240 2221 3281 (1000
2255 3229 2354 3267 sunt

1323 3307 1412 3346 sine
1445 3305 1667 3353 charitate3
1699 3305 1740 3342 et
1768 3302 1847 3341 hoc
1875 3300 2049 3353 quidem
2077 3301 2241 3340 certum
2275 3301 2351 3348 est,

1323 3378 1437 3431 quod
1457 3377 1623 3416 minora
1641 3376 1754 3414 sunt.
1786 3372 1988 3422 Quaedam
2014 3373 2353 3424 praesupponunt

1324 3452 1586 3499 charitatem,
1600 3449 1717 3488 velut
1730 3448 1892 3488 donum
1906 3446 2123 3499 sapientiae
2142 3459 2150 3485 :
2171 3444 2354 3484 charitas

1324 3523 1440 3564 001111
1459 3525 1521 3562 051
1541 3532 1638 3574 quae
1658 3520 1729 3561 dat
1745 3531 1917 3560 sensum
1941 3517 2100 3570 gustui,
2120 3519 2166 3557 ut
2189 3515 2356 3569 sapiant
