2613 3990
977 207 1230 249 DISTINCT.
1257 208 1396 249 XXXl.
1429 208 1580 248 PART.
1613 209 1663 249 ΙΙ.

253 303 521 356 indifferens,
544 301 618 353 qui
639 302 700 340 est
718 310 816 338 cum
841 297 992 337 dicitur
1008 308 1189 349 persona-
1210 299 1278 339 in-

254 375 458 428 differens
476 389 490 415 .·
508 375 589 414 hoc
610 374 753 412 autem
773 369 939 409 falsum.

674 511 762 539 DUB.
784 509 844 537 111.

255 595 369 636 imago
386 605 467 637 ergo
485 597 534 627 est
550 594 600 626 rei
622 594 664 625 ad
688 602 762 624 rem
791 590 1009 631 corettpiandce
1033 589 1078 630 (a)
1094 590 1276 630 imaginata

543 646 575 673 ct
596 641 776 672 indiscreta
795 638 987 670 similitudo.

306 731 480 772 Videtur
502 731 581 771 1100
604 730 776 778 falsum,
794 728 895 780 quia
910 728 1151 779 frequenter
1170 727 1278 766 ima-

253 815 310 854 go
331 814 419 842 non
445 804 689 853 coaequatur
711 799 748 839 ei
771 800 893 850 quus
922 801 981 838 est
1006 798 1166 849 imago.

307 873 426 923 Item,
445 873 479 913 si
494 875 555 913 est
575 871 626 911 ad
642 882 734 911 rem
755 870 1072 922 coaequandam,
1088 873 1190 909 tuuc
1208 869 1271 908 vi-

253 944 376 985 detur
401 955 489 984 esse
514 941 733 994 aequalitas
750 974 759 991 ,
786 953 873 981 non
897 941 1140 981 similitudo.

290 1014 409 1064 Item,
420 1013 588 1054 videtur
598 1012 748 1053 salsum
762 1012 896 1052 dicere
908 1024 1005 1052 cum
1018 1011 1130 1060 dicit,
1142 1012 1279 1053 indis-

253 1085 394 1127 tincta
421 1083 674 1133 similitudo,
699 1083 902 1135 quoniam
922 1082 1215 1134 omnisimago
1239 1086 1279 1122 et

253 1155 485 1196 similitudo
500 1154 780 1206 distinguitur
791 1154 842 1193 ab
854 1165 901 1194 eo
915 1166 962 1194 011
964 1155 1036 1205 jus
1048 1156 1107 1193 est
1117 1154 1275 1205 imago.

308 1227 440 1277 Item,
474 1239 571 1267 cum
603 1226 731 1266 unius
762 1226 823 1266 rei
853 1239 937 1266 una
970 1215 1021 1265 sit
1054 1225 1275 1275 diffinitio,

252 1298 461 1351 quaeritur
478 1309 562 1350 quo
581 1297 707 1338 modo
727 1297 968 1337 differenter
986 1297 1076 1336 istae.
1096 1296 1278 1336 rationes

254 1370 540 1422 assignentur.

308 1440 565 1490 Dicendum,
587 1437 701 1491 quod
729 1438 798 1478 hic
831 1438 1036 1478 diffinitur
1055 1438 1199 1490 imago
1218 1438 1279 1478 in-

252 1514 415 1562 creata,
450 1514 577 1564 prout
606 1513 667 1551 est
697 1509 918 1561 proprium
947 1509 1077 1549 solius
1096 1508 1213 1558 Filii;
1239 1512 1278 1548 et

251 1583 311 1623 sic
339 1594 504 1635 semper
528 1581 631 1622 dicit
658 1583 895 1632 respectum
928 1579 980 1619 ad
1002 1579 1168 1620 Patrem
1191 1592 1200 1619 :
1239 1584 1279 1619 et

251 1653 344 1695 ideo
386 1654 432 1694 in
481 1654 619 1706 prima
646 1653 805 1693 ratione
846 1651 1020 1704 ponitur
1057 1651 1279 1703 genitivus

251 1728 301 1766 ut
342 1726 387 1766 in
419 1725 582 1766 ratione
602 1724 797 1778 principii
814 1738 824 1774 3
849 1724 892 1763 in
926 1723 1132 1774 secunda,
1163 1723 1279 1764 utin

255 1797 420 1839 ratione
462 1797 636 1839 termini
675 1810 683 1835 :
723 1795 927 1849 quoniam
976 1795 1120 1847 imago
1155 1796 1278 1836 debet

254 1869 490 1922 comparari
535 1868 587 1909 ad
636 1867 824 1917 Patrem,
862 1878 950 1906 non
999 1867 1138 1907 solum
1186 1871 1279 1907 tan-

255 1953 385 1994 quam
406 1940 459 1981 ad
477 1940 664 1992 aliquam
681 1951 786 1987 rem,
809 1938 898 1978 sive
917 1938 968 1978 ad
987 1938 1105 1991 quid,
1127 1939 1214 1979 sive
1234 1939 1278 1979 in

253 2011 356 2064 quid
377 2011 506 2059 ducit,
528 2010 599 2050 sed
627 2010 753 2050 etiam
780 2022 804 2049 a
829 2022 914 2062 quo
934 2013 1102 2049 emanat
1133 2025 1140 2050 :
1162 2014 1202 2050 et
1222 2010 1279 2050 ita

253 2084 367 2135 patet
385 2082 540 2122 harum
567 2080 871 2121 diffinitionum
898 2081 1006 2120 ratio
1026 2084 1066 2120 et
1083 2081 1199 2121 ordo.
1229 2081 1279 2121 Et

253 2153 392 2206 prima
424 2153 533 2193 ratio
561 2156 646 2192 tres
674 2152 935 2192 conditiones
968 2152 1166 2192 continet.
1200 2151 1279 2192 Per

253 2225 436 2277 primam
451 2226 621 2263 notatur
637 2222 770 2263 Filius
786 2235 873 2263 esse
893 2223 945 2263 ab
966 2223 1048 2262 alio
1065 2255 1076 2273 ,
1095 2236 1194 2263 cum
1214 2224 1276 2263 (11-

254 2295 363 2336 citur
382 2295 527 2347 imago
557 2297 650 2348 ers
679 2294 741 2335 rei
768 2295 820 2335 ad
847 2306 977 2347 quam
997 2295 1275 2346 imaginatur,

254 2370 292 2408 et
311 2379 386 2420 per
407 2367 648 2419 genitivum
675 2371 715 2407 et
734 2367 915 2407 verbum
935 2367 1048 2419 quod
1066 2370 1127 2407 est
1145 2369 1279 2420 passi-

254 2453 374 2481 vum.
392 2439 470 2480 Per
488 2439 722 2480 secundum
740 2443 910 2479 notatur
926 2440 1039 2492 quod
1057 2444 1278 2480 0515001111-

254 2512 358 2553 dum
385 2511 560 2551 modum
586 2523 834 2563 expressum
854 2511 1102 2560 0111011011111,
1126 2512 1279 2553 50111001

253 2596 327 2637 per
347 2583 427 2624 1100
446 2583 560 2636 quod
581 2583 733 2624 dicitur
763 2584 919 2635 species
934 2615 946 2633 ‚
973 2595 1069 2636 quae
1101 2583 1278 2624 includit

254 2657 482 2710 perfectam
515 2655 837 2695 similitudinem
870 2656 1166 2707 cognoscendi.
1199 2655 1278 2695 Per

253 2729 420 2769 tertiam
440 2739 542 2767 vero
560 2730 731 2766 notatur
748 2728 861 2779 quod
883 2728 935 2767 sit
953 2728 1196 2768 indifferens
1218 2740 1277 2768 50-

254 2789 745 2841 0111111111115111151011110111
763 2829 773 2847 ,
790 2798 944 2839 scilicet
963 2811 1038 2851 per
1064 2800 1145 2839 1100
1164 2800 1276 2852 quod

254 2875 315 2913 est
333 2868 602 2923 indifferens.
623 2869 674 2909 Et
692 2882 766 2922 per
786 2870 968 2922 primam
993 2871 1276 2912 conditionem

254 2943 395 2984 diflert
418 2955 443 2982 a
470 2940 591 2982 Patre
608 2973 618 2992 ,
647 2944 687 2981 et
714 2941 766 2981 ab
791 2942 995 2993 esseutia;
1022 2954 1096 2995 per
1121 2955 1275 2984 secun-

254 3015 353 3056 dam
369 3046 381 3066 ,
402 3027 427 3055 a
453 3013 612 3066 Spiritu
641 3016 807 3063 sanct03
835 3017 876 3053 et
900 3026 976 3066 per
1003 3015 1169 3055 tertiam
1185 3048 1196 3066 ,
1224 3016 1276 3056 ab

254 3085 444 3137 imagine
461 3088 612 3126 creata.
631 3083 682 3125 Et
699 3097 773 3137 per
790 3084 871 3125 1100
887 3086 1001 3138 quod
1015 3088 1186 3139 speeies,
1201 3088 1277 3128 etsi

255 3159 306 3199 de
325 3170 369 3198 se
387 3158 440 3197 sit
465 3156 683 3198 essentiale
699 3188 709 3205 ,
732 3159 875 3197 tamen
904 3158 1106 3211 accipitur
1133 3159 1202 3200 hic
1230 3163 1277 3200 ut

256 3230 438 3269 tractum
456 3230 517 3269 est
529 3227 582 3268 ad
600 3239 824 3280 personam
839 3242 850 3278 ;
867 3231 907 3268 et
920 3229 1172 3284 indifferens
1189 3244 1276 3272 non

256 3300 356 3341 dicit
375 3299 731 3340 indistinctionem
751 3299 795 3339 in
811 3300 892 3341 hoc
907 3302 1082 3343 nomine
1102 3306 1273 3356 species7

257 3369 329 3410 sed
347 3371 394 3409 in
420 3369 651 3409 substantia
676 3382 685 3409 ε
715 3371 756 3409 et.
783 3369 841 3410 sic
870 3374 1012 3423 patent
1038 3374 1200 3426 obiecta
1226 3376 1276 3416 de

256 3439 419 3481 ratione
437 3439 589 3492 prima.
611 3440 698 3481 Hac
716 3442 808 3482 visa
825 3442 1017 3484 similiter
1038 3448 1152 3497 patet
1170 3447 1276 3486 ratio

257 3511 462 3560 secunda,
482 3523 578 3564 quae
595 3512 719 3553 datur
736 3513 782 3554 in
802 3516 1113 3568 comparatione
1134 3518 1185 3558 ad
1206 3519 1275 3571 ip-

445 3594 543 3624 TOM.
573 3595 603 3625 1.

2300 215 2376 253 497

1354 310 1450 338 sum
1471 297 1637 338 Patrem
1653 300 1702 338 ut
1718 298 1769 338 ad
1794 299 2025 338 terminum
2043 314 2053 349 ;
2077 302 2116 339 et
2141 300 2223 340 hoc
2241 303 2375 353 patet,

1355 382 1452 409 cum
1466 369 1617 409 dicitur
1628 370 1677 410 ad
1692 382 1783 410 rem
1797 371 2064 421 coaequandae
2082 371 2129 423 (b)
2146 373 2220 421 rei,
2237 373 2375 423 idest,

1354 452 1543 492 personae
1561 440 1655 480 Filii
1676 441 1724 481 ad
1746 453 1968 493 personam
1994 442 2037 494 (0)
2063 442 2212 493 Patris;
2243 447 2283 484 et
2304 457 2379 497 per

1353 511 1432 551 hoc
1443 513 1681 552 excluditur
1692 525 1867 565 persona
1876 512 2027 563 Patris3
2043 517 2081 553 et
2093 527 2165 566 per
2176 515 2254 555 hoc
2266 516 2379 568 quod

1354 582 1508 622 dicitur
1529 584 1794 636 imayz‘nala,
1818 584 2056 624 excluditur
2084 597 2260 636 persona
2286 587 2379 637 Spi-

1352 653 1460 693 ritus
1473 655 1624 705 sancti,
1642 667 1716 707 per
1733 656 1813 695 hoc
1836 655 1949 708 quod
1962 655 2115 695 dicitur
2129 656 2375 708 indiscreta,

1354 725 1595 765 excluditur
1621 727 1710 778 ipsa
1732 727 1876 778 imago
1903 730 2054 767 creata.
2077 726 2128 766 Et
2147 727 2380 770 indiscreta

1353 808 1440 836 non
1453 796 1553 836 dicit
1569 797 1895 839 indifferentiam
1909 799 2173 851 personalem
2186 831 2196 850 ,
2219 800 2291 840 sed
2311 812 2376 840 so-

1352 867 1443 907 lum
1463 869 1740 909 essentialem.

1406 939 1469 979 Ad
1490 939 1593 979 illud
1626 952 1730 991 ergo
1758 941 1870 992 quod
1899 941 2093 993 objicitur
2123 941 2174 981 de
2207 942 2379 994 aequali-

1354 1011 1457 1058 tate,
1483 1009 1708 1050 dicendum
1735 1011 1849 1063 quod
1874 1011 1979 1051 illud
2004 1024 2090 1052 non
2111 1015 2171 1052 est
2189 1024 2378 1053 necessa-

1353 1080 1465 1120 rium
1479 1081 1529 1121 de
1544 1085 1681 1122 creata
1698 1082 1901 1134 imagine.
1925 1082 1975 1122 Et
1994 1095 2156 1132 11115115,
2179 1083 2381 1135 quoniam

1353 1151 1493 1203 ‘t'nzaqo
1516 1152 1614 1192 dicit
1640 1153 1690 1193 de
1716 1153 1877 1194 ratione
1906 1154 1970 1194 sui
1994 1154 2180 1194 nominis
2200 1155 2377 1207 aequali-

1353 1225 1483 1262 tatem
1505 1223 1558 1274 (d)
1582 1225 1627 1263 in
1652 1225 1882 1277 quantitate
1898 1257 1908 1275 ,
1940 1225 2031 1266 ideo
2064 1226 2201 1278 prima
2230 1227 2382 1267 dicitur

1353 1292 1586 1334 similitudo
1606 1295 1657 1336 ad
1677 1308 1767 1336 rem
1791 1297 2093 1349 coaequandam
2108 1330 2117 1347 ,
2142 1298 2183 1337 id
2206 1301 2291 1348 est,
2318 1298 2378 1337 si-

1354 1365 1548 1406 militudo
1567 1368 1801 1408 secundum
1816 1381 1946 1421 quam
1962 1382 2027 1410 res
2042 1373 2287 1422 coaequatur
2300 1370 2377 1410 rei.

1778 1493 1869 1521 DUB.
1902 1494 1961 1522 IV.

1682 1569 1720 1599 Et
1740 1569 1819 1609 quia
1836 1569 1969 1611 imago,
1991 1573 2056 1602 etc.

1407 1648 1620 1698 Quaeritur
1630 1651 1679 1692 de
1691 1651 1926 1693 differentia
1936 1653 2089 1693 horum
2102 1653 2231 1694 trium
2243 1654 2378 1694 nomi-

1352 1733 1457 1760 num
1471 1734 1566 1774 quae
1578 1723 1783 1774 attribuit,
1793 1724 1946 1765 scilicet
1956 1726 2149 1776 speciem,
2160 1730 2379 1776 naturam,

1353 1795 1393 1833 et
1412 1795 1665 1844 essentiam,
1693 1807 1778 1847 quo
1806 1796 1930 1837 modo
1954 1797 2024 1836 hic
2045 1797 2376 1849 distinguantur.

1405 1864 1636 1905 Dicendum
1650 1867 1763 1918 quod
1778 1867 2118 1921 uniuscujusque
2132 1868 2269 1909 forma
2284 1869 2380 1909 sub-

1352 1935 1553 1976 stantialis
1573 1939 1614 1976 et
1633 1938 1888 1991 completiva
1911 1939 2065 1979 dicitur
2084 1941 2242 1992 species
2257 1972 2267 1989 ,
2295 1951 2377 1982 ηα-

1354 2011 1451 2048 tura
1468 2010 1508 2048 01
1526 2010 1726 2059 essentia,
1749 2014 1788 2050 01
1810 2010 1890 2051 1100
1909 2011 2146 2051 secundum
2172 2011 2379 2064 triplicem

1353 2079 1729 2121 considerationem
1749 2096 1757 2122 :
1775 2084 1910 2134 potest
1931 2083 2044 2123 enim
2064 2084 2319 2124 considerari
2334 2084 2379 2123 in

1353 2164 1410 2202 se,
1430 2154 1470 2191 01
1492 2152 1550 2192 510
1572 2153 1724 2194 dicitur
1744 2157 1952 2207 033οηῐία,·
1970 2159 2105 2208 potest
2123 2157 2378 2198 considerari

1352 2222 1397 2262 in
1421 2225 1732 2276 comparatione
1755 2226 1806 2266 ad
1825 2228 2113 2279 operationem
2138 2228 2352 2281 propriam
2366 2260 2375 2278 ,

1353 2299 1394 2335 et
1411 2296 1468 2336 sic
1487 2296 1640 2337 dicitur
1657 2303 1839 2350 mamm·
1855 2302 1989 2351 potest
2010 2300 2168 2340 iterum
2188 2300 2374 2341 conside-

1353 2367 1437 2406 rari
1469 2367 1514 2406 in
1534 2369 1847 2420 comparatione
1875 2371 1927 2411 ad
1954 2374 2141 2411 nostram
2167 2371 2377 2423 cognitio-

1351 2451 1472 2488 nem,
1506 2443 1546 2479 et
1571 2441 1629 2480 sic
1660 2440 1813 2482 dicitur
1845 2445 2016 2495 species.
2054 2443 2243 2496 Speciem
2272 2456 2376 2496 ergo

1351 2508 1477 2549 habet
1507 2510 1651 2562 imago
1681 2513 1884 2564 auctoris,
1917 2527 1966 2555 eo
1998 2516 2110 2568 quod
2144 2515 2376 2556 similitudo

1351 2584 1412 2620 est
1425 2582 1518 2633 ejus
1535 2596 1544 2631 ;
1567 2585 1766 2624 naturam
1786 2588 1929 2625 01110111
1945 2586 2085 2636 habet,
2105 2586 2207 2639 quia
2224 2587 2373 2627 simili-

1350 2655 1451 2696 tudo
1466 2657 1611 2708 genita
1624 2658 1693 2698 vel
1707 2658 1942 2711 imaginata
1954 2662 2222 2711 naturaliter3
2240 2674 2373 2702 essen-

1350 2727 1453 2766 tiam
1482 2740 1583 2768 vero
1606 2761 1616 2779 ,
1651 2729 1751 2781 quia
1782 2730 2010 2772 similitudo
2042 2732 2266 2773 indiscreta
2301 2745 2376 2786 per

1351 2801 1643 2841 substantiam.

1778 2869 1868 2897 Due.
1903 2869 1946 2898 v.

1555 2938 1617 2968 Ars
1637 2938 1792 2978 quaedam
1812 2939 2073 2980 omnipotentis,
2094 2943 2158 2973 etc.

1402 3014 1575 3056 Videtur
1594 3016 1704 3057 male
1726 3017 1863 3059 dicere
1882 3019 1995 3071 quod
2010 3018 2198 3061 Verbum
2218 3020 2290 3061 Dei
2309 3023 2371 3061 est

1350 3099 1418 3127 ars
1437 3088 1637 3140 quaedam
1657 3089 1959 3142 omnipotentis
1984 3094 2025 3132 et
2052 3092 2251 3145 sapientis
2269 3092 2367 3142 Dei,

1349 3159 1450 3211 quia
1481 3160 1774 3213 unusquisque
1809 3174 1896 3202 non
1941 3163 2149 3204 intellecta
2188 3167 2276 3204 arte
2312 3167 2373 3205 est

1350 3229 1464 3270 iners
1483 3245 1492 3271 :
1512 3243 1615 3283 ergo
1633 3231 1667 3271 si
1687 3231 1822 3272 Filius
1847 3235 1910 3273 est
1934 3246 2002 3274 ars
2022 3234 2177 3285 Patris,
2197 3247 2284 3275 non
2304 3234 2372 3275 in-

1349 3301 1511 3342 tellecto
1529 3301 1634 3343 Filio
1653 3315 1762 3354 esse,
1785 3303 1908 3345 Pater
1927 3309 1988 3346 est
2016 3306 2127 3346 iners
2148 3320 2157 3346 2
2180 3318 2283 3358 ergo
2302 3306 2372 3347 vi-

1392 3438 1435 3478 (a)
1454 3438 1533 3469 Caet,
1554 3438 1634 3470 edit.
1656 3441 1903 3482 coaequandam
1920 3444 1964 3472 et.
1985 3459 2019 3463 —
2038 3441 2082 3483 (b)
2099 3443 2178 3474 Item
2193 3452 2372 3484 coaequan-

1350 3485 1438 3517 dam.
1458 3503 1496 3508 —
1516 3486 1551 3527 (0)
1576 3488 1656 3518 [tem
1685 3497 1868 3529 personam
1888 3488 1960 3520 Filii
1980 3498 2146 3529 personae.
2168 3509 2207 3513 —
2231 3491 2273 3532 (cl)
2292 3492 2372 3523 Item

1350 3533 1556 3573 qualitatem.

2112 3599 2162 3637 32
