<?xml version="1.0" encoding="UTF-8"?>
<!DOCTYPE html PUBLIC "-//W3C//DTD XHTML 1.0 Transitional//EN"
    "http://www.w3.org/TR/xhtml1/DTD/xhtml1-transitional.dtd">
<html xmlns="http://www.w3.org/1999/xhtml" xml:lang="en" lang="en">
 <head>
  <title>
</title>
<meta http-equiv="Content-Type" content="text/html;charset=utf-8" />
  <meta name='ocr-system' content='tesseract 3.04.00' />
  <meta name='ocr-capabilities' content='ocr_page ocr_carea ocr_par ocr_line ocrx_word'/>
</head>
<body>
  <div class='ocr_page' id='page_1' title='image "./operaomniasixtiv01bonauoft/operaomniasixtiv01bonauoft_0017.png"; bbox 0 0 2570 3986; ppageno 0'>
   <div class='ocr_carea' id='block_1_1' title="bbox 146 281 2276 3585">
    <p class='ocr_par' dir='ltr' id='par_1_1' title="bbox 146 281 2276 3585">
     <span class='ocr_line' id='line_1_1' title="bbox 914 281 2261 327; baseline -0.004 0"><span class='ocrx_word' id='word_1_1' title='bbox 914 283 1210 327; x_wconf 84' lang='lat' dir='ltr'>ENCYCLICAE</span> <span class='ocrx_word' id='word_1_2' title='bbox 1239 281 1493 324; x_wconf 87' lang='lat' dir='ltr'><strong>LITTERAE.</strong></span> <span class='ocrx_word' id='word_1_3' title='bbox 2231 294 2261 323; x_wconf 92' lang='lat' dir='ltr'><em>v</em></span> 
     </span>
     <span class='ocr_line' id='line_1_2' title="bbox 149 370 2262 442; baseline -0.006 -15"><span class='ocrx_word' id='word_1_4' title='bbox 149 382 355 442; x_wconf 88' lang='lat' dir='ltr'><em>Apostolo</em></span> <span class='ocrx_word' id='word_1_5' title='bbox 375 382 530 426; x_wconf 78' lang='lat' dir='ltr'>diserte</span> <span class='ocrx_word' id='word_1_6' title='bbox 549 381 852 433; x_wconf 77' lang='lat' dir='ltr'><em>enumeratus,</em></span> <span class='ocrx_word' id='word_1_7' title='bbox 874 391 973 419; x_wconf 90' lang='lat' dir='ltr'><em>cum</em></span> <span class='ocrx_word' id='word_1_8' title='bbox 994 375 1052 418; x_wconf 89' lang='lat' dir='ltr'><em>ait</em></span> <span class='ocrx_word' id='word_1_9' title='bbox 1076 390 1085 417; x_wconf 74' lang='grc' dir='ltr'>ε</span> <span class='ocrx_word' id='word_1_10' title='bbox 1108 375 1170 416; x_wconf 92' lang='lat' dir='ltr'><em>Et</em></span> <span class='ocrx_word' id='word_1_11' title='bbox 1189 373 1279 432; x_wconf 72' lang='lat' dir='ltr'><em>ipse</em></span> <span class='ocrx_word' id='word_1_12' title='bbox 1296 372 1417 416; x_wconf 77' lang='lat' dir='ltr'><em>dedit</em></span> <span class='ocrx_word' id='word_1_13' title='bbox 1438 371 1648 431; x_wconf 77' lang='lat' dir='ltr'><em>quosdam</em></span> <span class='ocrx_word' id='word_1_14' title='bbox 1669 371 1842 430; x_wconf 77' lang='lat' dir='ltr'><em>quidem</em></span> <span class='ocrx_word' id='word_1_15' title='bbox 1861 370 2108 430; x_wconf 75' lang='lat' dir='ltr'><em>ApostolOS,</em></span> <span class='ocrx_word' id='word_1_16' title='bbox 2140 386 2262 429; x_wconf 81' lang='lat' dir='ltr'><em>quos-</em></span> 
     </span>
     <span class='ocr_line' id='line_1_3' title="bbox 148 462 2262 529; baseline -0.006 -14"><span class='ocrx_word' id='word_1_17' title='bbox 148 470 253 514; x_wconf 83' lang='lat' dir='ltr'><em>dam</em></span> <span class='ocrx_word' id='word_1_18' title='bbox 273 479 420 514; x_wconf 82' lang='lat' dir='ltr'><em>autem</em></span> <span class='ocrx_word' id='word_1_19' title='bbox 443 469 697 529; x_wconf 73' lang='lat' dir='ltr'><em>Prophetas,</em></span> <span class='ocrx_word' id='word_1_20' title='bbox 722 467 831 511; x_wconf 75' lang='lat' dir='ltr'><em>alios</em></span> <span class='ocrx_word' id='word_1_21' title='bbox 848 480 945 509; x_wconf 74' lang='lat' dir='ltr'><em>vero</em></span> <span class='ocrx_word' id='word_1_22' title='bbox 966 463 1292 522; x_wconf 72' lang='lat' dir='ltr'><em>annqelz&#39;stas,</em></span> <span class='ocrx_word' id='word_1_23' title='bbox 1318 462 1428 505; x_wconf 78' lang='lat' dir='ltr'><em>alios</em></span> <span class='ocrx_word' id='word_1_24' title='bbox 1448 469 1594 504; x_wconf 87' lang='lat' dir='ltr'><em>autem</em></span> <span class='ocrx_word' id='word_1_25' title='bbox 1616 463 1832 513; x_wconf 82' lang='lat' dir='ltr'><em>Pastores,</em></span> <span class='ocrx_word' id='word_1_26' title='bbox 1857 468 1897 503; x_wconf 88' lang='lat' dir='ltr'><em>et</em></span> <span class='ocrx_word' id='word_1_27' title='bbox 1918 462 2136 512; x_wconf 75' lang='lat' dir='ltr'><em>Doctores,</em></span> <span class='ocrx_word' id='word_1_28' title='bbox 2161 476 2262 518; x_wconf 84' lang='lat' dir='ltr'><em>quos</em></span> 
     </span>
     <span class='ocr_line' id='line_1_4' title="bbox 147 549 2263 616; baseline -0.005 -13"><span class='ocrx_word' id='word_1_29' title='bbox 147 559 284 603; x_wconf 76' lang='lat' dir='ltr'><em>vineoe</em></span> <span class='ocrx_word' id='word_1_30' title='bbox 303 575 392 604; x_wconf 77' lang='lat' dir='ltr'><em>suce</em></span> <span class='ocrx_word' id='word_1_31' title='bbox 411 568 620 611; x_wconf 80' lang='lat' dir='ltr'><em>strenuos,</em></span> <span class='ocrx_word' id='word_1_32' title='bbox 641 556 875 616; x_wconf 79' lang='lat' dir='ltr'><em>fidelesque</em></span> <span class='ocrx_word' id='word_1_33' title='bbox 895 555 1091 606; x_wconf 83' lang='lat' dir='ltr'><em>cultores,</em></span> <span class='ocrx_word' id='word_1_34' title='bbox 1115 561 1245 611; x_wconf 76' lang='lat' dir='ltr'><em>atque</em></span> <span class='ocrx_word' id='word_1_35' title='bbox 1264 551 1482 612; x_wconf 71' lang='lat' dir='ltr'><em>operarios</em></span> <span class='ocrx_word' id='word_1_36' title='bbox 1504 550 1745 603; x_wconf 76' lang='lat' dir='ltr'><em>constituit,</em></span> <span class='ocrx_word' id='word_1_37' title='bbox 1770 549 1831 593; x_wconf 89' lang='lat' dir='ltr'><em>ad</em></span> <span class='ocrx_word' id='word_1_38' title='bbox 1843 549 2263 594; x_wconf 74' lang='lat' dir='ltr'><em>consummationem</em></span> 
     </span>
     <span class='ocr_line' id='line_1_5' title="bbox 146 639 2265 707; baseline -0.005 -15"><span class='ocrx_word' id='word_1_39' title='bbox 146 650 407 694; x_wconf 79' lang='lat' dir='ltr'><em>Sanctorum</em></span> <span class='ocrx_word' id='word_1_40' title='bbox 435 649 481 692; x_wconf 81' lang='lat' dir='ltr'><em>z&#39;n</em></span> <span class='ocrx_word' id='word_1_41' title='bbox 501 663 605 707; x_wconf 73' lang='lat' dir='ltr'><em>opus</em></span> <span class='ocrx_word' id='word_1_42' title='bbox 632 645 891 698; x_wconf 71' lang='lat' dir='ltr'><em>ministerii,</em></span> <span class='ocrx_word' id='word_1_43' title='bbox 926 645 974 687; x_wconf 81' lang='lat' dir='ltr'><em>in</em></span> <span class='ocrx_word' id='word_1_44' title='bbox 995 643 1338 702; x_wconf 71' lang='lat' dir='ltr'><em>(edificationem</em></span> <span class='ocrx_word' id='word_1_45' title='bbox 1366 641 1554 700; x_wconf 75' lang='lat' dir='ltr'><em>corporis</em></span> <span class='ocrx_word' id='word_1_46' title='bbox 1588 641 1766 684; x_wconf 75' lang='lat' dir='ltr'><em>Christi.</em></span> <span class='ocrx_word' id='word_1_47' title='bbox 1794 641 1851 683; x_wconf 89' lang='lat' dir='ltr'><em>Hi</em></span> <span class='ocrx_word' id='word_1_48' title='bbox 1873 645 1998 695; x_wconf 90' lang='lat' dir='ltr'><em>sunt,</em></span> <span class='ocrx_word' id='word_1_49' title='bbox 2029 639 2080 683; x_wconf 89' lang='lat' dir='ltr'><em>de</em></span> <span class='ocrx_word' id='word_1_50' title='bbox 2104 639 2265 698; x_wconf 85' lang='lat' dir='ltr'><em>quibus</em></span> 
     </span>
     <span class='ocr_line' id='line_1_6' title="bbox 147 729 2266 798; baseline -0.006 -15"><span class='ocrx_word' id='word_1_51' title='bbox 147 739 296 783; x_wconf 89' lang='lat' dir='ltr'><em>divina</em></span> <span class='ocrx_word' id='word_1_52' title='bbox 316 737 534 798; x_wconf 77' lang='lat' dir='ltr'>Sapientia</span> <span class='ocrx_word' id='word_1_53' title='bbox 552 737 708 780; x_wconf 85' lang='lat' dir='ltr'><em>clamat</em></span> <span class='ocrx_word' id='word_1_54' title='bbox 726 753 734 779; x_wconf 92' lang='lat'>:</span> <span class='ocrx_word' id='word_1_55' title='bbox 767 735 852 789; x_wconf 70' lang='lat' dir='ltr'><em>Qui</em></span> <span class='ocrx_word' id='word_1_56' title='bbox 872 732 1095 777; x_wconf 71' lang='lat' dir='ltr'><em>elucidant</em></span> <span class='ocrx_word' id='word_1_57' title='bbox 1115 748 1204 785; x_wconf 88' lang='lat' dir='ltr'><em>me,</em></span> <span class='ocrx_word' id='word_1_58' title='bbox 1236 732 1377 775; x_wconf 74' lang='lat' dir='ltr'><em>vitam</em></span> <span class='ocrx_word' id='word_1_59' title='bbox 1399 739 1611 774; x_wconf 73' lang='lat' dir='ltr'><em>(eternam</em></span> <span class='ocrx_word' id='word_1_60' title='bbox 1632 730 1862 775; x_wconf 73' lang='lat' dir='ltr'><em>habebunt.</em></span> <span class='ocrx_word' id='word_1_61' title='bbox 1899 730 1959 772; x_wconf 91' lang='lat' dir='ltr'><em>De</em></span> <span class='ocrx_word' id='word_1_62' title='bbox 1979 729 2046 772; x_wconf 89' lang='lat' dir='ltr'><em>his</em></span> <span class='ocrx_word' id='word_1_63' title='bbox 2069 729 2266 786; x_wconf 82' lang='lat' dir='ltr'>Angelus</span> 
     </span>
     <span class='ocr_line' id='line_1_7' title="bbox 147 809 2262 889; baseline -0.006 -15"><span class='ocrx_word' id='word_1_64' title='bbox 147 830 262 889; x_wconf 87' lang='lat' dir='ltr'><em>apud</em></span> <span class='ocrx_word' id='word_1_65' title='bbox 281 809 503 872; x_wconf 80' lang='lat' dir='ltr'>Danielem</span> <span class='ocrx_word' id='word_1_66' title='bbox 524 826 722 886; x_wconf 85' lang='lat' dir='ltr'><em>loquitur</em></span> <span class='ocrx_word' id='word_1_67' title='bbox 739 842 748 868; x_wconf 90' lang='lat'>:</span> <span class='ocrx_word' id='word_1_68' title='bbox 779 825 864 878; x_wconf 74' lang='lat' dir='ltr'><em>Qui</em></span> <span class='ocrx_word' id='word_1_69' title='bbox 879 832 1026 867; x_wconf 83' lang='lat' dir='ltr'><em>autem</em></span> <span class='ocrx_word' id='word_1_70' title='bbox 1041 822 1159 866; x_wconf 72' lang='lat' dir='ltr'><em>docti</em></span> <span class='ocrx_word' id='word_1_71' title='bbox 1170 823 1355 881; x_wconf 77' lang='lat' dir='ltr'><em>fuerint,</em></span> <span class='ocrx_word' id='word_1_72' title='bbox 1368 822 1599 881; x_wconf 72' lang='lat' dir='ltr'><em>fulqebunt</em></span> <span class='ocrx_word' id='word_1_73' title='bbox 1613 821 1738 879; x_wconf 76' lang='lat' dir='ltr'><em>quasi</em></span> <span class='ocrx_word' id='word_1_74' title='bbox 1750 818 1953 879; x_wconf 73' lang='lat' dir='ltr'><em>splendor</em></span> <span class='ocrx_word' id='word_1_75' title='bbox 1968 819 2262 878; x_wconf 73' lang='lat' dir='ltr'><em>firmamenti,</em></span> 
     </span>
     <span class='ocr_line' id='line_1_8' title="bbox 148 908 2268 977; baseline -0.005 -15"><span class='ocrx_word' id='word_1_76' title='bbox 148 926 189 962; x_wconf 86' lang='lat' dir='ltr'><em>et</em></span> <span class='ocrx_word' id='word_1_77' title='bbox 207 918 281 977; x_wconf 74' lang='lat' dir='ltr'><em>qui</em></span> <span class='ocrx_word' id='word_1_78' title='bbox 302 915 600 975; x_wconf 74' lang='lat' dir='ltr'><em>adjustitiam</em></span> <span class='ocrx_word' id='word_1_79' title='bbox 622 915 827 960; x_wconf 70' lang='lat' dir='ltr'><em>erudiunt</em></span> <span class='ocrx_word' id='word_1_80' title='bbox 845 915 1021 967; x_wconf 83' lang='lat' dir='ltr'><em>multos,</em></span> <span class='ocrx_word' id='word_1_81' title='bbox 1046 913 1171 972; x_wconf 73' lang='lat' dir='ltr'><em>quasi</em></span> <span class='ocrx_word' id='word_1_82' title='bbox 1190 913 1326 957; x_wconf 76' lang='lat' dir='ltr'><em>stellae</em></span> <span class='ocrx_word' id='word_1_83' title='bbox 1350 912 1398 955; x_wconf 78' lang='lat' dir='ltr'><em>in</em></span> <span class='ocrx_word' id='word_1_84' title='bbox 1407 919 1646 971; x_wconf 72' lang='lat' dir='ltr'><em>perpetuas</em></span> <span class='ocrx_word' id='word_1_85' title='bbox 1668 911 1938 953; x_wconf 76' lang='lat' dir='ltr'><em>aeternitates</em></span> <span class='ocrx_word' id='word_1_86' title='bbox 1956 927 1968 951; x_wconf 92' lang='grc'><em>.·</em></span> <span class='ocrx_word' id='word_1_87' title='bbox 1990 924 2060 953; x_wconf 89' lang='lat' dir='ltr'><em>eos</em></span> <span class='ocrx_word' id='word_1_88' title='bbox 2079 908 2268 968; x_wconf 76' lang='lat' dir='ltr'><em>denique</em></span> 
     </span>
     <span class='ocr_line' id='line_1_9' title="bbox 147 997 2269 1065; baseline -0.005 -14"><span class='ocrx_word' id='word_1_89' title='bbox 147 1007 341 1051; x_wconf 76' lang='lat' dir='ltr'><em>Salvator</em></span> <span class='ocrx_word' id='word_1_90' title='bbox 359 1006 448 1065; x_wconf 91' lang='lat' dir='ltr'><em>ipse</em></span> <span class='ocrx_word' id='word_1_91' title='bbox 468 1006 664 1050; x_wconf 88' lang='lat' dir='ltr'><em>Christus</em></span> <span class='ocrx_word' id='word_1_92' title='bbox 688 1005 900 1049; x_wconf 84' lang='lat' dir='ltr'><em>Dominus</em></span> <span class='ocrx_word' id='word_1_93' title='bbox 919 1003 1082 1061; x_wconf 81' lang='lat' dir='ltr'><em>insigni</em></span> <span class='ocrx_word' id='word_1_94' title='bbox 1102 1003 1178 1046; x_wconf 90' lang='lat' dir='ltr'><em>illo</em></span> <span class='ocrx_word' id='word_1_95' title='bbox 1198 1000 1338 1059; x_wconf 88' lang='lat' dir='ltr'><em>elogio</em></span> <span class='ocrx_word' id='word_1_96' title='bbox 1358 1000 1530 1045; x_wconf 88' lang='lat' dir='ltr'><em>ornavit</em></span> <span class='ocrx_word' id='word_1_97' title='bbox 1554 1016 1562 1042; x_wconf 91' lang='lat'>:</span> <span class='ocrx_word' id='word_1_98' title='bbox 1591 999 1676 1053; x_wconf 78' lang='lat' dir='ltr'><em>Qui</em></span> <span class='ocrx_word' id='word_1_99' title='bbox 1690 999 1868 1058; x_wconf 75' lang='lat' dir='ltr'><em>fecerit,</em></span> <span class='ocrx_word' id='word_1_100' title='bbox 1894 1007 1935 1041; x_wconf 91' lang='lat' dir='ltr'><em>et</em></span> <span class='ocrx_word' id='word_1_101' title='bbox 1956 998 2175 1051; x_wconf 74' lang='lat' dir='ltr'><em>docuerit,</em></span> <span class='ocrx_word' id='word_1_102' title='bbox 2198 997 2269 1041; x_wconf 79' lang='lat' dir='ltr'><em>lu&#39;c</em></span> 
     </span>
     <span class='ocr_line' id='line_1_10' title="bbox 147 1088 2269 1156; baseline -0.005 -14"><span class='ocrx_word' id='word_1_103' title='bbox 147 1112 332 1156; x_wconf 68' lang='lat' dir='ltr'><em>maynus</em></span> <span class='ocrx_word' id='word_1_104' title='bbox 353 1096 578 1140; x_wconf 76' lang='lat' dir='ltr'><em>vocabitur</em></span> <span class='ocrx_word' id='word_1_105' title='bbox 603 1096 650 1139; x_wconf 75' lang='lat' dir='ltr'><em>in</em></span> <span class='ocrx_word' id='word_1_106' title='bbox 671 1111 802 1155; x_wconf 73' lang='lat' dir='ltr'><em>reqno</em></span> <span class='ocrx_word' id='word_1_107' title='bbox 823 1094 1044 1139; x_wconf 78' lang='lat' dir='ltr'><em>coelorum.</em></span> <span class='ocrx_word' id='word_1_108' title='bbox 1079 1093 1190 1137; x_wconf 88' lang='lat' dir='ltr'><em>Cum</em></span> <span class='ocrx_word' id='word_1_109' title='bbox 1211 1096 1356 1136; x_wconf 86' lang='lat' dir='ltr'><em>autem</em></span> <span class='ocrx_word' id='word_1_110' title='bbox 1383 1090 1588 1135; x_wconf 86' lang='lat' dir='ltr'><em>omnibus</em></span> <span class='ocrx_word' id='word_1_111' title='bbox 1612 1090 1881 1149; x_wconf 78' lang='lat' dir='ltr'><em>temporibus</em></span> <span class='ocrx_word' id='word_1_112' title='bbox 1910 1104 2132 1132; x_wconf 88' lang='lat' dir='ltr'><em>sacrorum</em></span> <span class='ocrx_word' id='word_1_113' title='bbox 2160 1088 2269 1131; x_wconf 92' lang='lat' dir='ltr'><em>Doc-</em></span> 
     </span>
     <span class='ocr_line' id='line_1_11' title="bbox 148 1178 2270 1242; baseline -0.005 -11"><span class='ocrx_word' id='word_1_114' title='bbox 148 1192 292 1231; x_wconf 88' lang='lat' dir='ltr'><em>torum</em></span> <span class='ocrx_word' id='word_1_115' title='bbox 309 1186 504 1230; x_wconf 88' lang='lat' dir='ltr'><em>studium</em></span> <span class='ocrx_word' id='word_1_116' title='bbox 519 1221 530 1242; x_wconf 93' lang='lat'><em>,</em></span> <span class='ocrx_word' id='word_1_117' title='bbox 558 1190 598 1229; x_wconf 88' lang='lat' dir='ltr'><em>et</em></span> <span class='ocrx_word' id='word_1_118' title='bbox 618 1184 814 1229; x_wconf 87' lang='lat' dir='ltr'><em>doctrina</em></span> <span class='ocrx_word' id='word_1_119' title='bbox 838 1184 885 1227; x_wconf 92' lang='lat' dir='ltr'><em>in</em></span> <span class='ocrx_word' id='word_1_120' title='bbox 908 1183 1096 1227; x_wconf 80' lang='lat' dir='ltr'><em>Ecclesia</em></span> <span class='ocrx_word' id='word_1_121' title='bbox 1122 1182 1202 1226; x_wconf 88' lang='lat' dir='ltr'><em>Dei</em></span> <span class='ocrx_word' id='word_1_122' title='bbox 1223 1181 1366 1237; x_wconf 88' lang='lat' dir='ltr'><em>utilis,</em></span> <span class='ocrx_word' id='word_1_123' title='bbox 1404 1185 1445 1224; x_wconf 88' lang='lat' dir='ltr'><em>et</em></span> <span class='ocrx_word' id='word_1_124' title='bbox 1466 1179 1668 1224; x_wconf 86' lang='lat' dir='ltr'><em>salutaris</em></span> <span class='ocrx_word' id='word_1_125' title='bbox 1687 1179 1798 1233; x_wconf 87' lang='lat' dir='ltr'><em>fuit,</em></span> <span class='ocrx_word' id='word_1_126' title='bbox 1828 1183 1922 1222; x_wconf 91' lang='lat' dir='ltr'><em>tum</em></span> <span class='ocrx_word' id='word_1_127' title='bbox 1946 1178 2135 1222; x_wconf 79' lang='lat' dir='ltr'><em>maxime</em></span> <span class='ocrx_word' id='word_1_128' title='bbox 2155 1178 2270 1222; x_wconf 87' lang='lat' dir='ltr'><em>fruc-</em></span> 
     </span>
     <span class='ocr_line' id='line_1_12' title="bbox 148 1268 2269 1336; baseline -0.004 -16"><span class='ocrx_word' id='word_1_129' title='bbox 148 1280 338 1332; x_wconf 88' lang='lat' dir='ltr'><em>tuosam,</em></span> <span class='ocrx_word' id='word_1_130' title='bbox 364 1280 406 1320; x_wconf 85' lang='lat' dir='ltr'><em>et</em></span> <span class='ocrx_word' id='word_1_131' title='bbox 424 1277 551 1336; x_wconf 88' lang='lat' dir='ltr'><em>plane</em></span> <span class='ocrx_word' id='word_1_132' title='bbox 577 1275 861 1319; x_wconf 83' lang='lat' dir='ltr'><em>necessariam</em></span> <span class='ocrx_word' id='word_1_133' title='bbox 882 1289 970 1318; x_wconf 92' lang='lat' dir='ltr'><em>esse</em></span> <span class='ocrx_word' id='word_1_134' title='bbox 998 1289 1066 1317; x_wconf 89' lang='lat' dir='ltr'><em>res</em></span> <span class='ocrx_word' id='word_1_135' title='bbox 1086 1273 1179 1332; x_wconf 89' lang='lat' dir='ltr'><em>ipsa</em></span> <span class='ocrx_word' id='word_1_136' title='bbox 1199 1271 1540 1326; x_wconf 88' lang='lat' dir='ltr'><em>demonstravit,</em></span> <span class='ocrx_word' id='word_1_137' title='bbox 1567 1285 1667 1313; x_wconf 90' lang='lat' dir='ltr'><em>cum</em></span> <span class='ocrx_word' id='word_1_138' title='bbox 1694 1273 2023 1328; x_wconf 82' lang='lat' dir='ltr'><em>persecutorum</em></span> <span class='ocrx_word' id='word_1_139' title='bbox 2043 1268 2269 1312; x_wconf 84' lang='lat' dir='ltr'><em>christiani</em></span> 
     </span>
     <span class='ocr_line' id='line_1_13' title="bbox 147 1360 2269 1424; baseline -0.002 -15"><span class='ocrx_word' id='word_1_140' title='bbox 147 1364 336 1409; x_wconf 85' lang='lat' dir='ltr'><em>nominis</em></span> <span class='ocrx_word' id='word_1_141' title='bbox 354 1364 556 1408; x_wconf 86' lang='lat' dir='ltr'><em>horribili</em></span> <span class='ocrx_word' id='word_1_142' title='bbox 577 1365 723 1409; x_wconf 82' lang='lat' dir='ltr'><em>furore</em></span> <span class='ocrx_word' id='word_1_143' title='bbox 743 1380 952 1424; x_wconf 86' lang='lat' dir='ltr'><em>represso,</em></span> <span class='ocrx_word' id='word_1_144' title='bbox 976 1364 1022 1406; x_wconf 91' lang='lat' dir='ltr'><em>in</em></span> <span class='ocrx_word' id='word_1_145' title='bbox 1042 1363 1134 1421; x_wconf 85' lang='lat' dir='ltr'><em>ipsa</em></span> <span class='ocrx_word' id='word_1_146' title='bbox 1156 1362 1356 1406; x_wconf 71' lang='lat' dir='ltr'><em>Ecclesiee</em></span> <span class='ocrx_word' id='word_1_147' title='bbox 1378 1377 1494 1420; x_wconf 86' lang='lat' dir='ltr'><em>pace,</em></span> <span class='ocrx_word' id='word_1_148' title='bbox 1518 1361 1743 1404; x_wconf 85' lang='lat' dir='ltr'><em>teterrima</em></span> <span class='ocrx_word' id='word_1_149' title='bbox 1762 1360 1981 1404; x_wconf 82' lang='lat' dir='ltr'><em>haeresum</em></span> <span class='ocrx_word' id='word_1_150' title='bbox 2003 1360 2119 1404; x_wconf 90' lang='lat' dir='ltr'><em>bella</em></span> <span class='ocrx_word' id='word_1_151' title='bbox 2140 1360 2269 1405; x_wconf 90' lang='lat' dir='ltr'><em>vehe-</em></span> 
     </span>
     <span class='ocr_line' id='line_1_14' title="bbox 147 1449 2267 1509; baseline -0.002 -10"><span class='ocrx_word' id='word_1_152' title='bbox 147 1454 336 1499; x_wconf 78' lang='lat' dir='ltr'><em>mentius</em></span> <span class='ocrx_word' id='word_1_153' title='bbox 356 1455 538 1499; x_wconf 75' lang='lat' dir='ltr'><em>excit&#39;ata</em></span> <span class='ocrx_word' id='word_1_154' title='bbox 556 1461 672 1499; x_wconf 89' lang='lat' dir='ltr'><em>sunt.</em></span> <span class='ocrx_word' id='word_1_155' title='bbox 696 1455 820 1499; x_wconf 88' lang='lat' dir='ltr'><em>Tunc</em></span> <span class='ocrx_word' id='word_1_156' title='bbox 834 1454 950 1498; x_wconf 87' lang='lat' dir='ltr'><em>enim</em></span> <span class='ocrx_word' id='word_1_157' title='bbox 971 1452 1276 1497; x_wconf 66' lang='lat' dir='ltr'><em>haereticoram</em></span> <span class='ocrx_word' id='word_1_158' title='bbox 1298 1451 1403 1506; x_wconf 88' lang='lat' dir='ltr'><em>doli,</em></span> <span class='ocrx_word' id='word_1_159' title='bbox 1427 1456 1468 1494; x_wconf 92' lang='lat' dir='ltr'><em>et</em></span> <span class='ocrx_word' id='word_1_160' title='bbox 1488 1450 1686 1504; x_wconf 61' lang='lat' dir='ltr'><em>fallaciae,</em></span> <span class='ocrx_word' id='word_1_161' title='bbox 1705 1450 1798 1509; x_wconf 84' lang='lat' dir='ltr'><em>qui,</em></span> <span class='ocrx_word' id='word_1_162' title='bbox 1822 1450 1996 1493; x_wconf 87' lang='lat' dir='ltr'><em>diabolo</em></span> <span class='ocrx_word' id='word_1_163' title='bbox 2016 1449 2267 1508; x_wconf 78' lang='lat' dir='ltr'><em>instigante,</em></span> 
     </span>
     <span class='ocr_line' id='line_1_15' title="bbox 146 1539 2271 1604; baseline -0.002 -16"><span class='ocrx_word' id='word_1_164' title='bbox 146 1544 193 1588; x_wconf 88' lang='lat' dir='ltr'><em>in</em></span> <span class='ocrx_word' id='word_1_165' title='bbox 213 1559 316 1602; x_wconf 87' lang='lat' dir='ltr'><em>agro</em></span> <span class='ocrx_word' id='word_1_166' title='bbox 337 1544 512 1588; x_wconf 88' lang='lat' dir='ltr'><em>Domini</em></span> <span class='ocrx_word' id='word_1_167' title='bbox 533 1545 698 1589; x_wconf 89' lang='lat' dir='ltr'><em>zizania</em></span> <span class='ocrx_word' id='word_1_168' title='bbox 721 1543 1065 1604; x_wconf 80' lang='lat' dir='ltr'><em>superseminare</em></span> <span class='ocrx_word' id='word_1_169' title='bbox 1085 1558 1173 1586; x_wconf 90' lang='lat' dir='ltr'><em>non</em></span> <span class='ocrx_word' id='word_1_170' title='bbox 1194 1541 1518 1595; x_wconf 87' lang='lat' dir='ltr'><em>intermittunt,</em></span> <span class='ocrx_word' id='word_1_171' title='bbox 1554 1540 1791 1583; x_wconf 86' lang='lat' dir='ltr'><em>Doctorum</em></span> <span class='ocrx_word' id='word_1_172' title='bbox 1810 1555 1914 1583; x_wconf 86' lang='lat' dir='ltr'><em>cura</em></span> <span class='ocrx_word' id='word_1_173' title='bbox 1929 1575 1940 1596; x_wconf 94' lang='lat'><em>,</em></span> <span class='ocrx_word' id='word_1_174' title='bbox 1970 1546 2011 1583; x_wconf 88' lang='lat' dir='ltr'><em>et</em></span> <span class='ocrx_word' id='word_1_175' title='bbox 2042 1539 2271 1597; x_wconf 78' lang='lat' dir='ltr'><em>diligentia</em></span> 
     </span>
     <span class='ocr_line' id='line_1_16' title="bbox 146 1628 2269 1693; baseline -0.002 -17"><span class='ocrx_word' id='word_1_176' title='bbox 146 1633 348 1688; x_wconf 85' lang='lat' dir='ltr'><em>detectae3</em></span> <span class='ocrx_word' id='word_1_177' title='bbox 373 1638 414 1677; x_wconf 89' lang='lat' dir='ltr'><em>et</em></span> <span class='ocrx_word' id='word_1_178' title='bbox 432 1634 647 1693; x_wconf 86' lang='lat' dir='ltr'><em>pestiferi,</em></span> <span class='ocrx_word' id='word_1_179' title='bbox 671 1650 719 1678; x_wconf 87' lang='lat' dir='ltr'><em>ac</em></span> <span class='ocrx_word' id='word_1_180' title='bbox 734 1634 1005 1678; x_wconf 81' lang='lat' dir='ltr'><em>detestabiles</em></span> <span class='ocrx_word' id='word_1_181' title='bbox 1026 1647 1191 1676; x_wconf 88' lang='lat' dir='ltr'><em>errores</em></span> <span class='ocrx_word' id='word_1_182' title='bbox 1212 1630 1356 1689; x_wconf 88' lang='lat' dir='ltr'><em>gladio</em></span> <span class='ocrx_word' id='word_1_183' title='bbox 1379 1629 1568 1689; x_wconf 83' lang='lat' dir='ltr'><em>Spiritus</em></span> <span class='ocrx_word' id='word_1_184' title='bbox 1588 1628 1828 1688; x_wconf 87' lang='lat' dir='ltr'><em>amputati,</em></span> <span class='ocrx_word' id='word_1_185' title='bbox 1852 1634 1892 1672; x_wconf 88' lang='lat' dir='ltr'><em>et</em></span> <span class='ocrx_word' id='word_1_186' title='bbox 1911 1628 2136 1672; x_wconf 84' lang='lat' dir='ltr'><em>catholicae</em></span> <span class='ocrx_word' id='word_1_187' title='bbox 2157 1629 2269 1673; x_wconf 88' lang='lat' dir='ltr'><em>veri-</em></span> 
     </span>
     <span class='ocr_line' id='line_1_17' title="bbox 147 1718 2270 1781; baseline -0.003 -12"><span class='ocrx_word' id='word_1_188' title='bbox 147 1725 245 1769; x_wconf 88' lang='lat' dir='ltr'><em>tatis</em></span> <span class='ocrx_word' id='word_1_189' title='bbox 275 1725 320 1768; x_wconf 84' lang='lat' dir='ltr'><em>vi</em></span> <span class='ocrx_word' id='word_1_190' title='bbox 334 1760 345 1781; x_wconf 92' lang='lat'><em>,</em></span> <span class='ocrx_word' id='word_1_191' title='bbox 377 1725 506 1768; x_wconf 89' lang='lat' dir='ltr'><em>sacris</em></span> <span class='ocrx_word' id='word_1_192' title='bbox 542 1724 799 1768; x_wconf 85' lang='lat' dir='ltr'><em>Doctoribus</em></span> <span class='ocrx_word' id='word_1_193' title='bbox 831 1722 1122 1778; x_wconf 88' lang='lat' dir='ltr'><em>administris,</em></span> <span class='ocrx_word' id='word_1_194' title='bbox 1165 1719 1442 1764; x_wconf 83' lang='lat' dir='ltr'><em>mendacium</em></span> <span class='ocrx_word' id='word_1_195' title='bbox 1479 1724 1760 1778; x_wconf 84' lang='lat' dir='ltr'><em>prostratum.</em></span> <span class='ocrx_word' id='word_1_196' title='bbox 1805 1718 1947 1770; x_wconf 87' lang='lat' dir='ltr'><em>Quare</em></span> <span class='ocrx_word' id='word_1_197' title='bbox 1976 1718 2076 1777; x_wconf 87' lang='lat' dir='ltr'><em>jure</em></span> <span class='ocrx_word' id='word_1_198' title='bbox 2106 1719 2270 1778; x_wconf 88' lang='lat' dir='ltr'><em>optimo</em></span> 
     </span>
     <span class='ocr_line' id='line_1_18' title="bbox 146 1808 2272 1875; baseline -0.004 -15"><span class='ocrx_word' id='word_1_199' title='bbox 146 1815 353 1875; x_wconf 89' lang='lat' dir='ltr'><em>Hyadum</em></span> <span class='ocrx_word' id='word_1_200' title='bbox 384 1816 609 1859; x_wconf 85' lang='lat' dir='ltr'><em>stellarum</em></span> <span class='ocrx_word' id='word_1_201' title='bbox 645 1815 821 1859; x_wconf 89' lang='lat' dir='ltr'><em>nomine</em></span> <span class='ocrx_word' id='word_1_202' title='bbox 853 1813 989 1858; x_wconf 87' lang='lat' dir='ltr'><em>sancti</em></span> <span class='ocrx_word' id='word_1_203' title='bbox 1026 1813 1230 1856; x_wconf 78' lang='lat' dir='ltr'><em>Doctores</em></span> <span class='ocrx_word' id='word_1_204' title='bbox 1268 1812 1314 1855; x_wconf 93' lang='lat' dir='ltr'><em>in</em></span> <span class='ocrx_word' id='word_1_205' title='bbox 1356 1810 1544 1854; x_wconf 78' lang='lat' dir='ltr'><em>Ecclesia</em></span> <span class='ocrx_word' id='word_1_206' title='bbox 1580 1809 1889 1867; x_wconf 77' lang='lat' dir='ltr'><em>designantur,</em></span> <span class='ocrx_word' id='word_1_207' title='bbox 1926 1808 2003 1868; x_wconf 86' lang='lat' dir='ltr'><em>qui</em></span> <span class='ocrx_word' id='word_1_208' title='bbox 2035 1808 2272 1867; x_wconf 78' lang='lat' dir='ltr'><em>perfrigida</em></span> 
     </span>
     <span class='ocr_line' id='line_1_19' title="bbox 147 1898 2272 1964; baseline -0.003 -16"><span class='ocrx_word' id='word_1_209' title='bbox 147 1904 327 1964; x_wconf 89' lang='lat' dir='ltr'><em>hyeme,</em></span> <span class='ocrx_word' id='word_1_210' title='bbox 351 1910 391 1949; x_wconf 87' lang='lat' dir='ltr'><em>et</em></span> <span class='ocrx_word' id='word_1_211' title='bbox 409 1905 551 1963; x_wconf 86' lang='lat' dir='ltr'><em>longis</em></span> <span class='ocrx_word' id='word_1_212' title='bbox 570 1904 841 1949; x_wconf 86' lang='lat' dir='ltr'><em>infidelitatis</em></span> <span class='ocrx_word' id='word_1_213' title='bbox 860 1904 1059 1947; x_wconf 86' lang='lat' dir='ltr'><em>noctibus</em></span> <span class='ocrx_word' id='word_1_214' title='bbox 1077 1902 1281 1961; x_wconf 74' lang='lat' dir='ltr'><em>expletis,</em></span> <span class='ocrx_word' id='word_1_215' title='bbox 1304 1906 1344 1945; x_wconf 92' lang='lat' dir='ltr'><em>et</em></span> <span class='ocrx_word' id='word_1_216' title='bbox 1366 1899 1676 1960; x_wconf 86' lang='lat' dir='ltr'><em>persecutionis</em></span> <span class='ocrx_word' id='word_1_217' title='bbox 1699 1903 1953 1958; x_wconf 87' lang='lat' dir='ltr'><em>tempestate</em></span> <span class='ocrx_word' id='word_1_218' title='bbox 1973 1898 2143 1953; x_wconf 87' lang='lat' dir='ltr'><em>sedata,</em></span> <span class='ocrx_word' id='word_1_219' title='bbox 2167 1903 2272 1941; x_wconf 88' lang='lat' dir='ltr'><em>tunc</em></span> 
     </span>
     <span class='ocr_line' id='line_1_20' title="bbox 147 1989 2273 2050; baseline -0.003 -11"><span class='ocrx_word' id='word_1_220' title='bbox 147 1995 349 2040; x_wconf 85' lang='lat' dir='ltr'><em>clariores</em></span> <span class='ocrx_word' id='word_1_221' title='bbox 367 1999 524 2039; x_wconf 82' lang='lat' dir='ltr'><em>sanctae</em></span> <span class='ocrx_word' id='word_1_222' title='bbox 544 1995 741 2038; x_wconf 81' lang='lat' dir='ltr'><em>Ecclesiae</em></span> <span class='ocrx_word' id='word_1_223' title='bbox 763 1994 902 2038; x_wconf 76' lang='lat' dir='ltr'><em>exorti</em></span> <span class='ocrx_word' id='word_1_224' title='bbox 919 2010 965 2037; x_wconf 88' lang='lat' dir='ltr'><em>su</em></span> <span class='ocrx_word' id='word_1_225' title='bbox 974 1999 1037 2049; x_wconf 90' lang='lat' dir='ltr'><em>nt,</em></span> <span class='ocrx_word' id='word_1_226' title='bbox 1058 2009 1159 2037; x_wconf 89' lang='lat' dir='ltr'><em>cum</em></span> <span class='ocrx_word' id='word_1_227' title='bbox 1181 1991 1373 2035; x_wconf 85' lang='lat' dir='ltr'><em>veritatis</em></span> <span class='ocrx_word' id='word_1_228' title='bbox 1393 1991 1456 2035; x_wconf 86' lang='lat' dir='ltr'><em>sol</em></span> <span class='ocrx_word' id='word_1_229' title='bbox 1477 2006 1552 2050; x_wconf 88' lang='lat' dir='ltr'><em>per</em></span> <span class='ocrx_word' id='word_1_230' title='bbox 1571 1990 1701 2034; x_wconf 87' lang='lat' dir='ltr'><em>corda</em></span> <span class='ocrx_word' id='word_1_231' title='bbox 1722 1989 1922 2033; x_wconf 85' lang='lat' dir='ltr'><em>fidelium</em></span> <span class='ocrx_word' id='word_1_232' title='bbox 1942 1989 2073 2033; x_wconf 86' lang='lat' dir='ltr'><em>altius</em></span> <span class='ocrx_word' id='word_1_233' title='bbox 2093 1989 2273 2033; x_wconf 87' lang='lat' dir='ltr'><em>calesce-</em></span> 
     </span>
     <span class='ocr_line' id='line_1_21' title="bbox 148 2079 2275 2144; baseline -0.003 -15"><span class='ocrx_word' id='word_1_234' title='bbox 148 2089 237 2140; x_wconf 85' lang='lat' dir='ltr'><em>ret,</em></span> <span class='ocrx_word' id='word_1_235' title='bbox 271 2089 312 2128; x_wconf 87' lang='lat' dir='ltr'><em>et</em></span> <span class='ocrx_word' id='word_1_236' title='bbox 344 2089 552 2144; x_wconf 85' lang='lat' dir='ltr'><em>tanquam</em></span> <span class='ocrx_word' id='word_1_237' title='bbox 581 2099 694 2129; x_wconf 86' lang='lat' dir='ltr'><em>novo</em></span> <span class='ocrx_word' id='word_1_238' title='bbox 720 2084 823 2127; x_wconf 87' lang='lat' dir='ltr'><em>fidei</em></span> <span class='ocrx_word' id='word_1_239' title='bbox 849 2098 947 2128; x_wconf 90' lang='lat' dir='ltr'><em>vere</em></span> <span class='ocrx_word' id='word_1_240' title='bbox 978 2082 1164 2126; x_wconf 84' lang='lat' dir='ltr'><em>lucidior</em></span> <span class='ocrx_word' id='word_1_241' title='bbox 1183 2096 1326 2125; x_wconf 85' lang='lat' dir='ltr'><em>annus</em></span> <span class='ocrx_word' id='word_1_242' title='bbox 1357 2080 1614 2140; x_wconf 87' lang='lat' dir='ltr'><em>aperiretur.</em></span> <span class='ocrx_word' id='word_1_243' title='bbox 1650 2079 1747 2123; x_wconf 87' lang='lat' dir='ltr'><em>Jam</em></span> <span class='ocrx_word' id='word_1_244' title='bbox 1767 2094 1870 2124; x_wconf 88' lang='lat' dir='ltr'><em>vero</em></span> <span class='ocrx_word' id='word_1_245' title='bbox 1900 2079 2014 2122; x_wconf 90' lang='lat' dir='ltr'><em>inter</em></span> <span class='ocrx_word' id='word_1_246' title='bbox 2033 2093 2130 2135; x_wconf 81' lang='lat' dir='ltr'><em>eOS,</em></span> <span class='ocrx_word' id='word_1_247' title='bbox 2165 2093 2275 2138; x_wconf 84' lang='lat' dir='ltr'><em>quos</em></span> 
     </span>
     <span class='ocr_line' id='line_1_22' title="bbox 148 2169 2275 2235; baseline -0.003 -16"><span class='ocrx_word' id='word_1_248' title='bbox 148 2174 361 2219; x_wconf 87' lang='lat' dir='ltr'><em>Dominus</em></span> <span class='ocrx_word' id='word_1_249' title='bbox 384 2190 570 2233; x_wconf 82' lang='lat' dir='ltr'><em>magnus</em></span> <span class='ocrx_word' id='word_1_250' title='bbox 588 2174 742 2235; x_wconf 89' lang='lat' dir='ltr'><em>spiritu</em></span> <span class='ocrx_word' id='word_1_251' title='bbox 770 2172 1072 2231; x_wconf 70' lang='lat' dir='ltr'><em>intelligentiae</em></span> <span class='ocrx_word' id='word_1_252' title='bbox 1101 2173 1268 2231; x_wconf 88' lang='lat' dir='ltr'><em>replere</em></span> <span class='ocrx_word' id='word_1_253' title='bbox 1288 2171 1457 2227; x_wconf 89' lang='lat' dir='ltr'><em>voluit,</em></span> <span class='ocrx_word' id='word_1_254' title='bbox 1492 2170 1658 2230; x_wconf 83' lang='lat' dir='ltr'><em>quique</em></span> <span class='ocrx_word' id='word_1_255' title='bbox 1690 2175 1899 2229; x_wconf 84' lang='lat' dir='ltr'><em>tanquam</em></span> <span class='ocrx_word' id='word_1_256' title='bbox 1918 2169 2079 2213; x_wconf 87' lang='lat' dir='ltr'><em>imbres</em></span> <span class='ocrx_word' id='word_1_257' title='bbox 2099 2169 2275 2229; x_wconf 85' lang='lat' dir='ltr'><em>eloquia</em></span> 
     </span>
     <span class='ocr_line' id='line_1_23' title="bbox 149 2259 2271 2324; baseline -0.003 -16"><span class='ocrx_word' id='word_1_258' title='bbox 149 2263 370 2324; x_wconf 69' lang='lat' dir='ltr'><em>sapientiae</em></span> <span class='ocrx_word' id='word_1_259' title='bbox 391 2279 481 2308; x_wconf 85' lang='lat' dir='ltr'><em>suae</em></span> <span class='ocrx_word' id='word_1_260' title='bbox 504 2264 550 2308; x_wconf 91' lang='lat' dir='ltr'><em>in</em></span> <span class='ocrx_word' id='word_1_261' title='bbox 569 2263 759 2308; x_wconf 87' lang='lat' dir='ltr'><em>Ecclesia</em></span> <span class='ocrx_word' id='word_1_262' title='bbox 777 2263 856 2306; x_wconf 90' lang='lat' dir='ltr'><em>Dei</em></span> <span class='ocrx_word' id='word_1_263' title='bbox 876 2262 1139 2317; x_wconf 84' lang='lat' dir='ltr'><em>emiserunt,</em></span> <span class='ocrx_word' id='word_1_264' title='bbox 1164 2261 1320 2305; x_wconf 87' lang='lat' dir='ltr'><em>merito</em></span> <span class='ocrx_word' id='word_1_265' title='bbox 1341 2266 1601 2304; x_wconf 89' lang='lat' dir='ltr'><em>numeratur</em></span> <span class='ocrx_word' id='word_1_266' title='bbox 1622 2260 1667 2304; x_wconf 91' lang='lat' dir='ltr'><em>S.</em></span> <span class='ocrx_word' id='word_1_267' title='bbox 1691 2260 2003 2305; x_wconf 88' lang='lat' dir='ltr'><em>Bonaventura</em></span> <span class='ocrx_word' id='word_1_268' title='bbox 2022 2259 2271 2314; x_wconf 86' lang='lat' dir='ltr'><em>Confessor,</em></span> 
     </span>
     <span class='ocr_line' id='line_1_24' title="bbox 150 2348 2275 2410; baseline -0.003 -12"><span class='ocrx_word' id='word_1_269' title='bbox 150 2359 190 2398; x_wconf 89' lang='lat' dir='ltr'><em>et</em></span> <span class='ocrx_word' id='word_1_270' title='bbox 207 2354 433 2410; x_wconf 77' lang='lat' dir='ltr'><em>Pontifex,</em></span> <span class='ocrx_word' id='word_1_271' title='bbox 461 2359 504 2398; x_wconf 88' lang='lat' dir='ltr'><em>et</em></span> <span class='ocrx_word' id='word_1_272' title='bbox 531 2355 578 2399; x_wconf 91' lang='lat' dir='ltr'><em>in</em></span> <span class='ocrx_word' id='word_1_273' title='bbox 599 2355 748 2398; x_wconf 89' lang='lat' dir='ltr'><em>eadem</em></span> <span class='ocrx_word' id='word_1_274' title='bbox 768 2354 988 2399; x_wconf 87' lang='lat' dir='ltr'><em>Catholica</em></span> <span class='ocrx_word' id='word_1_275' title='bbox 1009 2353 1198 2397; x_wconf 85' lang='lat' dir='ltr'><em>Ecclesia</em></span> <span class='ocrx_word' id='word_1_276' title='bbox 1228 2353 1385 2396; x_wconf 88' lang='lat' dir='ltr'><em>Doctor</em></span> <span class='ocrx_word' id='word_1_277' title='bbox 1405 2351 1618 2407; x_wconf 73' lang='lat' dir='ltr'><em>eximius,</em></span> <span class='ocrx_word' id='word_1_278' title='bbox 1650 2366 1782 2410; x_wconf 84' lang='lat' dir='ltr'><em>quem</em></span> <span class='ocrx_word' id='word_1_279' title='bbox 1808 2349 1945 2394; x_wconf 82' lang='lat' dir='ltr'><em>felicis</em></span> <span class='ocrx_word' id='word_1_280' title='bbox 1966 2348 2275 2393; x_wconf 86' lang='lat' dir='ltr'><em>recordationis</em></span> 
     </span>
     <span class='ocr_line' id='line_1_25' title="bbox 150 2439 2272 2507; baseline -0.003 -17"><span class='ocrx_word' id='word_1_281' title='bbox 150 2445 299 2490; x_wconf 79' lang='lat' dir='ltr'><em>Sixtus</em></span> <span class='ocrx_word' id='word_1_282' title='bbox 318 2447 436 2507; x_wconf 90' lang='lat' dir='ltr'><em>Papa</em></span> <span class='ocrx_word' id='word_1_283' title='bbox 453 2446 536 2503; x_wconf 87' lang='lat' dir='ltr'><em>IV,</em></span> <span class='ocrx_word' id='word_1_284' title='bbox 560 2446 845 2506; x_wconf 81' lang='lat' dir='ltr'><em>praedecessor</em></span> <span class='ocrx_word' id='word_1_285' title='bbox 861 2449 1028 2501; x_wconf 88' lang='lat' dir='ltr'><em>noster,</em></span> <span class='ocrx_word' id='word_1_286' title='bbox 1051 2444 1105 2489; x_wconf 88' lang='lat' dir='ltr'><em>ob</em></span> <span class='ocrx_word' id='word_1_287' title='bbox 1124 2442 1426 2488; x_wconf 88' lang='lat' dir='ltr'><em>admirabilem</em></span> <span class='ocrx_word' id='word_1_288' title='bbox 1448 2442 1550 2487; x_wconf 77' lang='lat' dir='ltr'><em>vitae</em></span> <span class='ocrx_word' id='word_1_289' title='bbox 1574 2441 1870 2497; x_wconf 88' lang='lat' dir='ltr'><em>sanctitatem,</em></span> <span class='ocrx_word' id='word_1_290' title='bbox 1893 2445 1934 2484; x_wconf 92' lang='lat' dir='ltr'><em>et</em></span> <span class='ocrx_word' id='word_1_291' title='bbox 1953 2439 2272 2500; x_wconf 84' lang='lat' dir='ltr'><em>praecellentem</em></span> 
     </span>
     <span class='ocr_line' id='line_1_26' title="bbox 151 2530 2274 2592; baseline -0.004 -11"><span class='ocrx_word' id='word_1_292' title='bbox 151 2536 393 2582; x_wconf 87' lang='lat' dir='ltr'><em>doctrinam</em></span> <span class='ocrx_word' id='word_1_293' title='bbox 417 2536 464 2580; x_wconf 92' lang='lat' dir='ltr'><em>in</em></span> <span class='ocrx_word' id='word_1_294' title='bbox 484 2536 742 2580; x_wconf 91' lang='lat' dir='ltr'><em>Sanctorum</em></span> <span class='ocrx_word' id='word_1_295' title='bbox 762 2550 999 2579; x_wconf 89' lang='lat' dir='ltr'><em>numerum</em></span> <span class='ocrx_word' id='word_1_296' title='bbox 1019 2533 1258 2592; x_wconf 87' lang='lat' dir='ltr'><em>adscripsit.</em></span> <span class='ocrx_word' id='word_1_297' title='bbox 1281 2533 1321 2575; x_wconf 88' lang='lat' dir='ltr'><em>Is</em></span> <span class='ocrx_word' id='word_1_298' title='bbox 1339 2533 1455 2576; x_wconf 90' lang='lat' dir='ltr'><em>enim</em></span> <span class='ocrx_word' id='word_1_299' title='bbox 1483 2531 1760 2589; x_wconf 81' lang='lat' dir='ltr'><em>Balneoregii</em></span> <span class='ocrx_word' id='word_1_300' title='bbox 1782 2531 1828 2575; x_wconf 91' lang='lat' dir='ltr'><em>in</em></span> <span class='ocrx_word' id='word_1_301' title='bbox 1851 2530 2028 2575; x_wconf 87' lang='lat' dir='ltr'><em>Etruria</em></span> <span class='ocrx_word' id='word_1_302' title='bbox 2048 2534 2176 2574; x_wconf 87' lang='lat' dir='ltr'><em>natus</em></span> <span class='ocrx_word' id='word_1_303' title='bbox 2191 2564 2202 2586; x_wconf 94' lang='lat'><em>,</em></span> <span class='ocrx_word' id='word_1_304' title='bbox 2224 2533 2274 2573; x_wconf 91' lang='lat' dir='ltr'><em>ut</em></span> 
     </span>
     <span class='ocr_line' id='line_1_27' title="bbox 150 2621 2275 2686; baseline -0.003 -15"><span class='ocrx_word' id='word_1_305' title='bbox 150 2626 234 2686; x_wconf 83' lang='lat' dir='ltr'><em>piae</em></span> <span class='ocrx_word' id='word_1_306' title='bbox 253 2626 402 2671; x_wconf 87' lang='lat' dir='ltr'><em>matris</em></span> <span class='ocrx_word' id='word_1_307' title='bbox 420 2631 521 2670; x_wconf 85' lang='lat' dir='ltr'><em>voto</em></span> <span class='ocrx_word' id='word_1_308' title='bbox 542 2626 828 2681; x_wconf 85' lang='lat' dir='ltr'><em>satisfaceret,</em></span> <span class='ocrx_word' id='word_1_309' title='bbox 851 2625 1097 2669; x_wconf 81' lang='lat' dir='ltr'><em>adolescens</em></span> <span class='ocrx_word' id='word_1_310' title='bbox 1116 2624 1383 2683; x_wconf 72' lang='lat' dir='ltr'><em>seraphicum</em></span> <span class='ocrx_word' id='word_1_311' title='bbox 1412 2623 1557 2667; x_wconf 82' lang='lat' dir='ltr'><em>Sancti</em></span> <span class='ocrx_word' id='word_1_312' title='bbox 1582 2622 1801 2666; x_wconf 87' lang='lat' dir='ltr'><em>Francisci</em></span> <span class='ocrx_word' id='word_1_313' title='bbox 1819 2622 2096 2680; x_wconf 86' lang='lat' dir='ltr'><em>Religionem</em></span> <span class='ocrx_word' id='word_1_314' title='bbox 2117 2627 2179 2666; x_wconf 88' lang='lat' dir='ltr'><em>est</em></span> <span class='ocrx_word' id='word_1_315' title='bbox 2206 2621 2275 2665; x_wconf 92' lang='lat' dir='ltr'><em>in-</em></span> 
     </span>
     <span class='ocr_line' id='line_1_28' title="bbox 152 2712 2276 2776; baseline -0.002 -16"><span class='ocrx_word' id='word_1_316' title='bbox 152 2730 324 2774; x_wconf 80' lang='lat' dir='ltr'><em>gressus</em></span> <span class='ocrx_word' id='word_1_317' title='bbox 347 2732 356 2759; x_wconf 90' lang='lat'>:</span> <span class='ocrx_word' id='word_1_318' title='bbox 392 2731 469 2776; x_wconf 90' lang='lat' dir='ltr'><em>per</em></span> <span class='ocrx_word' id='word_1_319' title='bbox 488 2716 613 2776; x_wconf 87' lang='lat' dir='ltr'><em>cujus</em></span> <span class='ocrx_word' id='word_1_320' title='bbox 631 2716 813 2774; x_wconf 82' lang='lat' dir='ltr'><em>vestigia</em></span> <span class='ocrx_word' id='word_1_321' title='bbox 832 2715 1020 2760; x_wconf 88' lang='lat' dir='ltr'><em>recentia</em></span> <span class='ocrx_word' id='word_1_322' title='bbox 1047 2715 1188 2758; x_wconf 87' lang='lat' dir='ltr'><em>adhuc</em></span> <span class='ocrx_word' id='word_1_323' title='bbox 1207 2729 1348 2759; x_wconf 88' lang='lat' dir='ltr'><em>novus</em></span> <span class='ocrx_word' id='word_1_324' title='bbox 1376 2714 1536 2758; x_wconf 86' lang='lat' dir='ltr'><em>Christi</em></span> <span class='ocrx_word' id='word_1_325' title='bbox 1565 2713 1690 2757; x_wconf 87' lang='lat' dir='ltr'><em>miles</em></span> <span class='ocrx_word' id='word_1_326' title='bbox 1721 2712 1949 2757; x_wconf 86' lang='lat' dir='ltr'><em>humiliter</em></span> <span class='ocrx_word' id='word_1_327' title='bbox 1969 2717 2009 2756; x_wconf 88' lang='lat' dir='ltr'><em>et</em></span> <span class='ocrx_word' id='word_1_328' title='bbox 2028 2716 2276 2757; x_wconf 87' lang='lat' dir='ltr'><em>constanter</em></span> 
     </span>
     <span class='ocr_line' id='line_1_29' title="bbox 152 2802 2276 2864; baseline -0.002 -14"><span class='ocrx_word' id='word_1_329' title='bbox 152 2806 353 2850; x_wconf 88' lang='lat' dir='ltr'><em>incedens</em></span> <span class='ocrx_word' id='word_1_330' title='bbox 372 2806 704 2850; x_wconf 86' lang='lat' dir='ltr'><em>saluberrimam</em></span> <span class='ocrx_word' id='word_1_331' title='bbox 723 2805 996 2864; x_wconf 85' lang='lat' dir='ltr'><em>regularium</em></span> <span class='ocrx_word' id='word_1_332' title='bbox 1014 2805 1316 2848; x_wconf 89' lang='lat' dir='ltr'><em>institutorum</em></span> <span class='ocrx_word' id='word_1_333' title='bbox 1337 2805 1657 2849; x_wconf 86' lang='lat' dir='ltr'><em>observantiam</em></span> <span class='ocrx_word' id='word_1_334' title='bbox 1678 2808 1797 2847; x_wconf 87' lang='lat' dir='ltr'><em>tanto</em></span> <span class='ocrx_word' id='word_1_335' title='bbox 1818 2803 1954 2847; x_wconf 86' lang='lat' dir='ltr'><em>animi</em></span> <span class='ocrx_word' id='word_1_336' title='bbox 1974 2802 2126 2847; x_wconf 87' lang='lat' dir='ltr'><em>ardore</em></span> <span class='ocrx_word' id='word_1_337' title='bbox 2143 2838 2154 2859; x_wconf 94' lang='lat'><em>,</em></span> <span class='ocrx_word' id='word_1_338' title='bbox 2177 2807 2276 2847; x_wconf 88' lang='lat' dir='ltr'><em>tan-</em></span> 
     </span>
     <span class='ocr_line' id='line_1_30' title="bbox 153 2893 2274 2956; baseline -0.001 -17"><span class='ocrx_word' id='word_1_339' title='bbox 153 2900 282 2956; x_wconf 85' lang='lat' dir='ltr'><em>taque</em></span> <span class='ocrx_word' id='word_1_340' title='bbox 299 2895 438 2941; x_wconf 87' lang='lat' dir='ltr'><em>cordis</em></span> <span class='ocrx_word' id='word_1_341' title='bbox 457 2896 662 2942; x_wconf 87' lang='lat' dir='ltr'><em>aviditate</em></span> <span class='ocrx_word' id='word_1_342' title='bbox 681 2896 848 2952; x_wconf 88' lang='lat' dir='ltr'><em>hausit,</em></span> <span class='ocrx_word' id='word_1_343' title='bbox 870 2900 920 2940; x_wconf 90' lang='lat' dir='ltr'><em>ut</em></span> <span class='ocrx_word' id='word_1_344' title='bbox 938 2911 1111 2940; x_wconf 88' lang='lat' dir='ltr'><em>summa</em></span> <span class='ocrx_word' id='word_1_345' title='bbox 1129 2895 1176 2939; x_wconf 92' lang='lat' dir='ltr'><em>in</em></span> <span class='ocrx_word' id='word_1_346' title='bbox 1193 2910 1242 2939; x_wconf 90' lang='grc'><em>60</em></span> <span class='ocrx_word' id='word_1_347' title='bbox 1262 2894 1465 2938; x_wconf 88' lang='lat' dir='ltr'><em>sanctitas</em></span> <span class='ocrx_word' id='word_1_348' title='bbox 1484 2899 1728 2954; x_wconf 87' lang='lat' dir='ltr'><em>appareret,</em></span> <span class='ocrx_word' id='word_1_349' title='bbox 1753 2909 1802 2938; x_wconf 87' lang='lat' dir='ltr'><em>ac</em></span> <span class='ocrx_word' id='word_1_350' title='bbox 1821 2894 1920 2939; x_wconf 84' lang='lat' dir='ltr'><em>vitae</em></span> <span class='ocrx_word' id='word_1_351' title='bbox 1941 2893 2205 2950; x_wconf 88' lang='lat' dir='ltr'><em>innocentia,</em></span> <span class='ocrx_word' id='word_1_352' title='bbox 2232 2898 2274 2938; x_wconf 92' lang='lat' dir='ltr'><em>et</em></span> 
     </span>
     <span class='ocr_line' id='line_1_31' title="bbox 152 2983 2270 3050; baseline -0.001 -20"><span class='ocrx_word' id='word_1_353' title='bbox 152 2985 364 3050; x_wconf 84' lang='lat' dir='ltr'><em>castitate,</em></span> <span class='ocrx_word' id='word_1_354' title='bbox 392 2991 538 3030; x_wconf 90' lang='lat' dir='ltr'><em>sancta</em></span> <span class='ocrx_word' id='word_1_355' title='bbox 556 2985 824 3042; x_wconf 90' lang='lat' dir='ltr'><em>humilitate,</em></span> <span class='ocrx_word' id='word_1_356' title='bbox 846 2985 1076 3045; x_wconf 89' lang='lat' dir='ltr'><em>patientia,</em></span> <span class='ocrx_word' id='word_1_357' title='bbox 1100 2985 1459 3040; x_wconf 85' lang='lat' dir='ltr'><em>mansuetudine,</em></span> <span class='ocrx_word' id='word_1_358' title='bbox 1492 2990 1767 3028; x_wconf 89' lang='lat' dir='ltr'><em>terrenarum</em></span> <span class='ocrx_word' id='word_1_359' title='bbox 1789 2999 1938 3027; x_wconf 89' lang='lat' dir='ltr'><em>rerum</em></span> <span class='ocrx_word' id='word_1_360' title='bbox 1967 2983 2270 3043; x_wconf 87' lang='lat' dir='ltr'><em>despicientia,</em></span> 
     </span>
     <span class='ocr_line' id='line_1_32' title="bbox 151 3073 2273 3135; baseline -0.001 -15"><span class='ocrx_word' id='word_1_361' title='bbox 151 3076 390 3122; x_wconf 85' lang='lat' dir='ltr'><em>coelestium</em></span> <span class='ocrx_word' id='word_1_362' title='bbox 416 3076 628 3121; x_wconf 88' lang='lat' dir='ltr'><em>desiderio</em></span> <span class='ocrx_word' id='word_1_363' title='bbox 656 3076 860 3120; x_wconf 89' lang='lat' dir='ltr'><em>omnibus</em></span> <span class='ocrx_word' id='word_1_364' title='bbox 884 3081 926 3120; x_wconf 85' lang='lat' dir='ltr'><em>et</em></span> <span class='ocrx_word' id='word_1_365' title='bbox 944 3076 1166 3135; x_wconf 78' lang='lat' dir='ltr'><em>exemplo,</em></span> <span class='ocrx_word' id='word_1_366' title='bbox 1201 3080 1242 3119; x_wconf 85' lang='lat' dir='ltr'><em>et</em></span> <span class='ocrx_word' id='word_1_367' title='bbox 1267 3074 1548 3120; x_wconf 87' lang='lat' dir='ltr'><em>admirationi</em></span> <span class='ocrx_word' id='word_1_368' title='bbox 1569 3079 1677 3118; x_wconf 87' lang='lat' dir='ltr'><em>esset</em></span> <span class='ocrx_word' id='word_1_369' title='bbox 1701 3090 1709 3117; x_wconf 76' lang='grc' dir='ltr'>ε</span> <span class='ocrx_word' id='word_1_370' title='bbox 1744 3078 1865 3117; x_wconf 85' lang='lat' dir='ltr'><em>tanta</em></span> <span class='ocrx_word' id='word_1_371' title='bbox 1889 3089 2066 3134; x_wconf 85' lang='lat' dir='ltr'><em>quoque</em></span> <span class='ocrx_word' id='word_1_372' title='bbox 2094 3073 2273 3133; x_wconf 89' lang='lat' dir='ltr'><em>spiritus</em></span> 
     </span>
     <span class='ocr_line' id='line_1_33' title="bbox 152 3162 2272 3223; baseline -0.002 -13"><span class='ocrx_word' id='word_1_373' title='bbox 152 3164 403 3223; x_wconf 85' lang='lat' dir='ltr'><em>dulcedine,</em></span> <span class='ocrx_word' id='word_1_374' title='bbox 426 3171 468 3210; x_wconf 88' lang='lat' dir='ltr'><em>et</em></span> <span class='ocrx_word' id='word_1_375' title='bbox 487 3166 626 3210; x_wconf 90' lang='lat' dir='ltr'><em>divini</em></span> <span class='ocrx_word' id='word_1_376' title='bbox 645 3165 804 3210; x_wconf 87' lang='lat' dir='ltr'><em>amoris</em></span> <span class='ocrx_word' id='word_1_377' title='bbox 823 3166 993 3211; x_wconf 90' lang='lat' dir='ltr'><em>fervore</em></span> <span class='ocrx_word' id='word_1_378' title='bbox 1010 3165 1308 3209; x_wconf 87' lang='lat' dir='ltr'><em>inflammatus</em></span> <span class='ocrx_word' id='word_1_379' title='bbox 1332 3164 1379 3208; x_wconf 90' lang='lat' dir='ltr'><em>in</em></span> <span class='ocrx_word' id='word_1_380' title='bbox 1401 3164 1542 3208; x_wconf 92' lang='lat' dir='ltr'><em>Deum</em></span> <span class='ocrx_word' id='word_1_381' title='bbox 1568 3163 1840 3223; x_wconf 86' lang='lat' dir='ltr'><em>rapiebatur,</em></span> <span class='ocrx_word' id='word_1_382' title='bbox 1864 3168 1914 3206; x_wconf 89' lang='lat' dir='ltr'><em>ut</em></span> <span class='ocrx_word' id='word_1_383' title='bbox 1930 3163 2023 3222; x_wconf 87' lang='lat' dir='ltr'><em>jam</em></span> <span class='ocrx_word' id='word_1_384' title='bbox 2050 3162 2097 3206; x_wconf 90' lang='lat' dir='ltr'><em>in</em></span> <span class='ocrx_word' id='word_1_385' title='bbox 2117 3162 2272 3207; x_wconf 88' lang='lat' dir='ltr'><em>cellam</em></span> 
     </span>
     <span class='ocr_line' id='line_1_34' title="bbox 152 3251 2270 3316; baseline -0.002 -17"><span class='ocrx_word' id='word_1_386' title='bbox 152 3254 366 3300; x_wconf 82' lang='lat' dir='ltr'><em>vinariam</em></span> <span class='ocrx_word' id='word_1_387' title='bbox 396 3255 552 3316; x_wconf 90' lang='lat' dir='ltr'><em>Sponsi</em></span> <span class='ocrx_word' id='word_1_388' title='bbox 580 3255 854 3300; x_wconf 86' lang='lat' dir='ltr'><em>introductus</em></span> <span class='ocrx_word' id='word_1_389' title='bbox 869 3291 880 3312; x_wconf 90' lang='lat'><em>,</em></span> <span class='ocrx_word' id='word_1_390' title='bbox 904 3261 945 3299; x_wconf 89' lang='lat' dir='ltr'><em>et</em></span> <span class='ocrx_word' id='word_1_391' title='bbox 966 3255 1067 3301; x_wconf 91' lang='lat' dir='ltr'><em>vino</em></span> <span class='ocrx_word' id='word_1_392' title='bbox 1087 3255 1250 3315; x_wconf 90' lang='lat' dir='ltr'><em>optimo</em></span> <span class='ocrx_word' id='word_1_393' title='bbox 1269 3253 1489 3298; x_wconf 88' lang='lat' dir='ltr'><em>charitatis</em></span> <span class='ocrx_word' id='word_1_394' title='bbox 1510 3253 1680 3308; x_wconf 88' lang='lat' dir='ltr'><em>ebrius,</em></span> <span class='ocrx_word' id='word_1_395' title='bbox 1709 3252 1859 3296; x_wconf 88' lang='lat' dir='ltr'><em>Jesum</em></span> <span class='ocrx_word' id='word_1_396' title='bbox 1889 3252 2112 3296; x_wconf 88' lang='lat' dir='ltr'><em>Christum</em></span> <span class='ocrx_word' id='word_1_397' title='bbox 2132 3251 2270 3295; x_wconf 90' lang='lat' dir='ltr'><em>cruci-</em></span> 
     </span>
     <span class='ocr_line' id='line_1_35' title="bbox 152 3342 2270 3406; baseline -0.002 -18"><span class='ocrx_word' id='word_1_398' title='bbox 152 3342 313 3402; x_wconf 83' lang='lat' dir='ltr'><em>fixum,</em></span> <span class='ocrx_word' id='word_1_399' title='bbox 335 3350 377 3389; x_wconf 89' lang='lat' dir='ltr'><em>et</em></span> <span class='ocrx_word' id='word_1_400' title='bbox 393 3346 628 3405; x_wconf 87' lang='lat' dir='ltr'><em>patientem</em></span> <span class='ocrx_word' id='word_1_401' title='bbox 647 3346 812 3406; x_wconf 87' lang='lat' dir='ltr'><em>ubique</em></span> <span class='ocrx_word' id='word_1_402' title='bbox 838 3345 1024 3402; x_wconf 90' lang='lat' dir='ltr'><em>intueri,</em></span> <span class='ocrx_word' id='word_1_403' title='bbox 1057 3352 1098 3390; x_wconf 86' lang='lat' dir='ltr'><em>et</em></span> <span class='ocrx_word' id='word_1_404' title='bbox 1119 3345 1166 3388; x_wconf 88' lang='lat' dir='ltr'><em>in</em></span> <span class='ocrx_word' id='word_1_405' title='bbox 1186 3345 1279 3404; x_wconf 88' lang='lat' dir='ltr'><em>ejus</em></span> <span class='ocrx_word' id='word_1_406' title='bbox 1297 3344 1556 3390; x_wconf 85' lang='lat' dir='ltr'><em>vulneribus</em></span> <span class='ocrx_word' id='word_1_407' title='bbox 1581 3343 1777 3387; x_wconf 85' lang='lat' dir='ltr'><em>habitare</em></span> <span class='ocrx_word' id='word_1_408' title='bbox 1797 3343 2033 3388; x_wconf 86' lang='lat' dir='ltr'><em>videretur.</em></span> <span class='ocrx_word' id='word_1_409' title='bbox 2065 3342 2132 3386; x_wconf 88' lang='lat' dir='ltr'><em>Ad</em></span> <span class='ocrx_word' id='word_1_410' title='bbox 2159 3342 2270 3385; x_wconf 85' lang='lat' dir='ltr'><em>hanc</em></span> 
     </span>
     <span class='ocr_line' id='line_1_36' title="bbox 153 3429 2266 3494; baseline -0.003 -15"><span class='ocrx_word' id='word_1_411' title='bbox 153 3449 257 3479; x_wconf 88' lang='lat' dir='ltr'><em>vero</em></span> <span class='ocrx_word' id='word_1_412' title='bbox 276 3434 480 3479; x_wconf 80' lang='lat' dir='ltr'><em>eximiam</em></span> <span class='ocrx_word' id='word_1_413' title='bbox 497 3435 600 3480; x_wconf 75' lang='lat' dir='ltr'><em>vitae</em></span> <span class='ocrx_word' id='word_1_414' title='bbox 620 3435 889 3479; x_wconf 85' lang='lat' dir='ltr'><em>sanctitatem</em></span> <span class='ocrx_word' id='word_1_415' title='bbox 908 3435 976 3480; x_wconf 84' lang='lat' dir='ltr'><em>vir</em></span> <span class='ocrx_word' id='word_1_416' title='bbox 1000 3435 1080 3479; x_wconf 89' lang='lat' dir='ltr'><em>Dei</em></span> <span class='ocrx_word' id='word_1_417' title='bbox 1105 3450 1309 3493; x_wconf 83' lang='lat' dir='ltr'><em>magnam</em></span> <span class='ocrx_word' id='word_1_418' title='bbox 1335 3432 1578 3494; x_wconf 83' lang='lat' dir='ltr'><em>praestantis</em></span> <span class='ocrx_word' id='word_1_419' title='bbox 1597 3432 1805 3476; x_wconf 79' lang='lat' dir='ltr'><em>doctrinae</em></span> <span class='ocrx_word' id='word_1_420' title='bbox 1834 3431 2011 3475; x_wconf 86' lang='lat' dir='ltr'><em>laudem</em></span> <span class='ocrx_word' id='word_1_421' title='bbox 2038 3429 2266 3490; x_wconf 82' lang='lat' dir='ltr'><em>adjunxit,</em></span> 
     </span>
     <span class='ocr_line' id='line_1_37' title="bbox 151 3518 2267 3585; baseline -0.003 -17"><span class='ocrx_word' id='word_1_422' title='bbox 151 3523 241 3569; x_wconf 89' lang='lat' dir='ltr'><em>Deo</em></span> <span class='ocrx_word' id='word_1_423' title='bbox 259 3523 320 3568; x_wconf 86' lang='lat' dir='ltr'><em>ita</em></span> <span class='ocrx_word' id='word_1_424' title='bbox 338 3523 611 3584; x_wconf 87' lang='lat' dir='ltr'><em>disponente,</em></span> <span class='ocrx_word' id='word_1_425' title='bbox 633 3529 683 3569; x_wconf 90' lang='lat' dir='ltr'><em>ut</em></span> <span class='ocrx_word' id='word_1_426' title='bbox 701 3525 756 3569; x_wconf 91' lang='lat' dir='ltr'><em>ad</em></span> <span class='ocrx_word' id='word_1_427' title='bbox 773 3525 866 3585; x_wconf 86' lang='lat' dir='ltr'><em>ejus</em></span> <span class='ocrx_word' id='word_1_428' title='bbox 883 3525 1093 3583; x_wconf 82' lang='lat' dir='ltr'><em>gloriam,</em></span> <span class='ocrx_word' id='word_1_429' title='bbox 1116 3530 1157 3570; x_wconf 88' lang='grc'><em>61</em></span> <span class='ocrx_word' id='word_1_430' title='bbox 1174 3523 1374 3569; x_wconf 73' lang='lat' dir='ltr'><em>Ecclesiae</em></span> <span class='ocrx_word' id='word_1_431' title='bbox 1393 3522 1627 3567; x_wconf 87' lang='lat' dir='ltr'><em>utilitatem</em></span> <span class='ocrx_word' id='word_1_432' title='bbox 1642 3557 1653 3579; x_wconf 96' lang='lat'><em>,</em></span> <span class='ocrx_word' id='word_1_433' title='bbox 1676 3537 1765 3566; x_wconf 91' lang='lat' dir='ltr'><em>non</em></span> <span class='ocrx_word' id='word_1_434' title='bbox 1784 3521 1927 3566; x_wconf 89' lang='lat' dir='ltr'><em>solum</em></span> <span class='ocrx_word' id='word_1_435' title='bbox 1947 3519 2144 3579; x_wconf 77' lang='lat' dir='ltr'><em>exemplo</em></span> <span class='ocrx_word' id='word_1_436' title='bbox 2158 3553 2169 3575; x_wconf 91' lang='lat'><em>,</em></span> <span class='ocrx_word' id='word_1_437' title='bbox 2193 3518 2267 3562; x_wconf 90' lang='lat' dir='ltr'><em>sed</em></span> 
     </span>
    </p>
   </div>
   <div class='ocr_carea' id='block_1_2' title="bbox 150 3608 2262 3676">
    <p class='ocr_par' dir='ltr' id='par_1_2' title="bbox 150 3608 2262 3676">
     <span class='ocr_line' id='line_1_38' title="bbox 150 3608 2262 3676; baseline -0.003 -17"><span class='ocrx_word' id='word_1_438' title='bbox 150 3613 305 3672; x_wconf 89' lang='lat' dir='ltr'><em>verbo,</em></span> <span class='ocrx_word' id='word_1_439' title='bbox 325 3620 368 3659; x_wconf 87' lang='lat' dir='ltr'><em>et</em></span> <span class='ocrx_word' id='word_1_440' title='bbox 386 3614 628 3661; x_wconf 86' lang='lat' dir='ltr'><em>eruditione</em></span> <span class='ocrx_word' id='word_1_441' title='bbox 646 3630 908 3676; x_wconf 81' lang='lat' dir='ltr'><em>magnopere</em></span> <span class='ocrx_word' id='word_1_442' title='bbox 926 3616 1168 3676; x_wconf 88' lang='lat' dir='ltr'><em>proficeret.</em></span> <span class='ocrx_word' id='word_1_443' title='bbox 1202 3615 1352 3675; x_wconf 80' lang='lat' dir='ltr'><em>Itaque</em></span> <span class='ocrx_word' id='word_1_444' title='bbox 1381 3627 1481 3658; x_wconf 89' lang='lat' dir='ltr'><em>cum</em></span> <span class='ocrx_word' id='word_1_445' title='bbox 1502 3612 1550 3656; x_wconf 92' lang='lat' dir='ltr'><em>in</em></span> <span class='ocrx_word' id='word_1_446' title='bbox 1569 3626 1790 3656; x_wconf 87' lang='lat' dir='ltr'><em>sacrarum</em></span> <span class='ocrx_word' id='word_1_447' title='bbox 1809 3609 2075 3654; x_wconf 85' lang='lat' dir='ltr'><em>Litterarum</em></span> <span class='ocrx_word' id='word_1_448' title='bbox 2095 3608 2262 3664; x_wconf 86' lang='lat' dir='ltr'><em>studio,</em></span> 
     </span>
    </p>
   </div>
  </div>
 </body>
</html>
