2570 3986
353 280 406 307 Lx
824 267 888 308 DE
918 266 1150 308 SCRIPTIS
1181 266 1221 307 S.
1254 265 1658 309 BONAVENTURAE
1685 268 2012 310 ATTRIBUTIS.

353 357 493 398 seculo
509 389 519 406 ‚
547 357 599 397 ad
629 357 843 397 Minoi-um
865 356 1061 397 Ordinem
1082 355 1259 396 contulit
1278 367 1335 396 se.
1363 355 1454 405 Quo
1471 358 1529 397 ita
1546 358 1726 398 stabilito
1744 390 1753 407 ‚
1779 359 1875 411 quis
1897 359 2067 411 penitus
2084 361 2231 412 probet
2249 360 2475 403 Bonaven-

352 431 491 468 turam
517 429 647 469 unius
666 428 765 468 anni
795 428 1008 467 curriculo
1036 430 1095 467 tot
1130 427 1302 467 l‘atrum
1327 428 1549 468 volumina
1575 428 1781 469 evolvisse
1797 461 1807 479 ,
1840 433 1943 482 quot
1967 429 2011 469 in
2036 428 2236 472 Pharetra
2267 434 2476 486 complec-

350 500 533 539 tuntur?
555 498 771 552 Siquidem
793 499 1031 550 originalia,
1055 510 1153 551 quse
1174 498 1216 537 in
1235 497 1315 537 hoc
1335 498 1580 539 adornando
1597 500 1799 552 opusculo
1818 500 2011 541 adhibuit
2026 505 2188 552 auctor,
2209 506 2379 544 centum
2397 517 2476 545 nu-

351 583 468 611 mero
487 574 609 618 sunt,
630 583 763 623 coque
780 570 975 623 amplius,
1000 569 1132 610 Nemo
1149 574 1206 609 cst
1230 581 1355 621 porro
1371 603 1380 619 ‚
1403 571 1472 623 qui
1490 603 1499 619 ,
1522 571 1799 623 quantumvis
1818 572 1863 611 iu
1882 572 2084 613 diuturna
2108 573 2277 614 Patrum
2298 575 2476 617 lectione

351 646 545 683 versatus
572 643 650 692 sit,
683 646 768 681 tam
799 642 1005 694 stupenda
1036 654 1163 693 opera
1196 640 1325 680 unius
1357 640 1457 679 anui
1488 640 1621 691 spatio
1655 640 1794 691 legat,
1828 640 1983 693 quique
2011 644 2210 693 corrupta
2239 642 2478 684 testimouIa

351 715 533 765 corrigat
552 746 561 763 ,
587 726 721 766 eaque
742 713 791 753 ad
813 713 1089 765 originalium
1115 712 1241 753 iidem
1261 711 1469 751 restituat.
1493 710 1699 762 Magnum
1718 711 1798 751 hoc
1820 715 1880 752 est
1899 715 2007 752 certe
2029 725 2135 765 opus
2150 745 2160 762 ,
2187 713 2402 753 maximus
2421 714 2478 754 la-

349 785 440 834 bor,
466 786 583 837 isque
603 797 688 824 non
709 786 798 836 J'am
819 783 1128 823 adolescentulo
1146 816 1156 834 ,
1185 783 1255 822 sed
1281 782 1373 821 viro
1394 784 1517 821 aetate
1538 785 1578 821 et
1598 782 1734 822 studio
1755 786 1952 835 provecto
1973 783 2144 835 dignus,
2173 782 2227 823 Ut
2253 783 2473 833 sileamus,

351 856 592 896 incredibile
619 868 706 895 esse
732 856 905 896 omniuo
920 888 929 905 ,
962 855 1328 902 11011011011101001,
1353 853 1611 905 probationis
1628 866 1762 904 anno,
1783 857 1843 894 tot
1863 855 1941 895 sub
1960 867 2091 895 manu
2113 855 2310 896 habuisse
2335 855 2473 897 chiro-

350 927 512 979 grapha
528 959 537 976 ,
560 930 661 978 quot.
677 928 768 978 jam
789 927 1072 967 laudavimus,

406 998 562 1038 Prodiit
582 998 750 1038 Parisiis
769 998 882 1050 apud
903 996 957 1038 M.
982 998 1224 1038 Bertoldum
1246 1010 1315 1037 011.
1338 999 1456 1047 «1518,
1477 996 1543 1036 die
1561 1000 1605 1037 11
1628 997 1813 1037 decemb.
1836 1010 1934 1038 cum
1951 998 2032 1038 hoc
2050 998 2198 1038 titulo:
2221 998 2346 1040 Liber
2361 997 2478 1040 salu-

351 1073 459 1113 taris
490 1073 535 1112 B.
570 1072 875 1112 Bonarentmw
907 1069 1157 1111 Carslz'nale’s
1193 1068 1290 1110 Ord.
1322 1069 1441 1110 Frat.
1474 1069 1582 1109 Μῖνι.
1615 1068 1816 1110 Plzarelra
1845 1073 2017 1111 vocatus
2033 1085 2049 1116 ,·
2078 1072 2180 1110 teste
2210 1069 2278 1110 Fr.
2304 1069 2425 1110 Joan.
2455 1082 2481 1110 a

350 1141 389 1182 S.
414 1142 596 1182 Antonio
613 1144 639 1189 ¹,
663 1142 737 1193 qui
761 1141 834 1181 Ms.
859 1141 901 1180 in
921 1141 1139 1181 Conventu
1163 1140 1425 1180 Salmantino
1449 1140 1609 1180 servari
1629 1143 1901 1181 contestatur.

406 1213 502 1253 (lod.
526 1213 729 1254 MDCCLX
750 1213 792 1252 iu
812 1213 937 1251 domo
957 1211 999 1252 S.
1023 1211 1135 1252 Petri
1154 1211 1266 1264 apud
1290 1210 1603 1262 Cantabrigiam
1621 1224 1630 1261 3
1654 1214 1701 1251 ut.
1720 1212 1853 1264 liquet
1873 1224 1926 1251 ex
1946 1211 2142 1263 Catalogo
2164 1211 2260 1251 Mss.
2281 1211 2450 1263 Angliae
2467 1243 2477 1262 ,

350 1289 452 1325 tom.
477 1290 514 1336 «1,
537 1289 643 1338 part.
667 1285 748 1335 111,
774 1297 874 1338 pag.
897 1287 989 1325 1150.

1282 1346 1549 1373 orsanvnion.

399 1423 573 1459 L'auteur
594 1421 642 1458 de
661 1421 877 1469 l’opuscule
898 1433 945 1457 en
963 1421 1143 1469 question
1164 1432 1212 1457 ne
1233 1421 1289 1457 dit
1307 1420 1523 1456 nullement
1544 1419 1637 1468 qu’il
1659 1420 1711 1455 ait
1734 1419 1879 1456 acheve
1899 1430 1972 1456 son
1990 1420 2127 1456 travail
2149 1420 2246 1457 dans
2265 1419 2416 1456 l'annee
2434 1420 2482 1456 de

350 1499 393 1524 sa
411 1488 623 1535 probation
635 1500 645 1534 3
669 1488 768 1524 mais
788 1487 1001 1524 seulement
1027 1487 1121 1535 qu'il
1151 1487 1283 1523 l’avait
1302 1486 1489 1533 entrepris
1511 1486 1580 1522 des
1605 1486 1641 1521 le
1663 1489 1998 1522 commencement
2024 1486 2072 1522 de
2092 1497 2135 1522 sa
2154 1486 2410 1531 conversion‚
2441 1497 2483 1522 ce

353 1554 420 1601 qui
439 1557 531 1601 peut
551 1555 656 1589 aussi
681 1554 773 1590 bien
793 1554 965 1600 signifier
990 1554 1045 1590 Ies
1063 1553 1276 1601 premieres
1293 1554 1437 1589 annees
1459 1551 1508 1587 cle
1529 1562 1573 1588 sa
1588 1551 1651 1587 vic
1666 1551 1885 1598 religieuse.
1917 1554 1981 1589 Cet
2001 1562 2173 1598 ouvrage
2200 1552 2269 1588 fait
2286 1552 2409 1600 partie
2430 1551 2484 1588 du

351 1623 455 1657 tome
475 1622 518 1657 VI
543 1620 591 1656 de
612 1620 788 1657 l'edition
804 1620 995 1657 romaine.

917 1758 987 1799 VI.
1021 1758 1248 1801 Sententiae
1268 1757 1603 1799 Sententiarum.
1626 1754 1889 1797 Prooemium
1910 1771 1918 1796 :

736 1896 753 1917 «
775 1885 803 1920 O
822 1885 917 1920 Fons
937 1884 1161 1930 splendoris,
1183 1895 1246 1919 vas
1264 1883 1442 1928 dulcoris,
1463 1883 1527 1918 sed
1549 1884 1684 1918 amoris

740 1945 880 1989 Nexus,
904 1955 987 1991 spes
1009 1944 1127 1989 floris,
1150 1944 1215 1979 dos
1232 1944 1345 1987 roris,
1368 1943 1504 1989 dogma
1525 1944 1666 1989 saporis

734 2005 894 2049 Verum,
913 2005 989 2039 vita
1007 2004 1086 2049 via,
1108 2004 1201 2039 mibi
1223 2003 1269 2038 da
1291 2003 1392 2049 quod
1411 2003 1646 2049 philosophia

735 2063 877 2106 Tradit,
900 2066 1113 2099 sanctorum
1133 2063 1226 2098 votis
1245 2066 1424 2110 praestare
1445 2066 1610 2099 tuorum.
1629 2075 1648 2096 »

408 2172 616 2213 Mellitum
633 2184 800 2225 semper
813 2172 1005 2225 ι0101υο111
1023 2172 1384 2222 Bonaventuram⁷
1406 2184 1492 2212 non
1507 2173 1597 2224 jam
1617 2173 1828 2223 agrestem
1848 2174 1889 2210 et
1908 2170 2146 2212 insuavem.
2168 2170 2372 2211 Miramur
2388 2170 2488 2210 hinc

355 2244 455 2284 artis
483 2244 656 2296 poeticae
675 2246 831 2296 peritos
847 2276 857 2295 ,
886 2245 961 2297 qui
987 2257 1139 2297 puram
1165 2247 1397 2297 putamque
1422 2245 1532 2283 hanc
1559 2255 1741 2296 vappam
1768 2241 2081 2283 Bonaventurae
2107 2255 2196 2283 esse
2222 2242 2486 2283 crediderint.

356 2315 451 2355 Mss.
475 2318 642 2356 exstant
661 2315 705 2355 in
726 2315 823 2357 Cod.
845 2328 1038 2369 pergam.
1059 2316 1104 2355 in
1123 2315 1231 2356 Bibl.
1254 2315 1513 2368 Hispalensis
1533 2315 1744 2356 Ecclesiae.
1768 2314 1828 2355 Ita
1843 2315 1965 2356 Joan.
1988 2327 2012 2354 a
2034 2313 2076 2355 S.
2099 2313 2324 2354 Antonio2.

521 2458 608 2501 VII.
641 2460 696 2502 De
717 2459 852 2502 tribus
873 2460 1076 2502 ternariis
1093 2463 1360 2512 peccatorum
1379 2460 1633 2511 infamibus.
1657 2459 1743 2500 Inc.
1771 2459 1869 2501 Tres
1889 2461 1991 2500 sunt
2009 2457 2219 2508 ternarii,
2243 2459 2320 2498 etc.

408 2586 483 2627 Vel
503 2598 556 2627 ex
574 2586 664 2639 ipso
682 2586 876 2640 opusculi
896 2586 1017 2627 titulo
1034 2598 1122 2627 non
1140 2586 1281 2627 levem
1302 2586 1540 2640 suspicandi
1561 2598 1709 2626 ansam
1730 2585 1983 2638 accipimus,
2006 2584 2279 2637 negandique
2296 2583 2490 2624 lucubra-

352 2658 590 2698 tiunculam
607 2659 717 2699 banc
734 2671 758 2698 a
778 2658 1076 2699 Bonaventura
1096 2659 1355 2699 elaboratam
1382 2658 1526 2698 fuisse.
1556 2658 1604 2698 ln
1630 2670 1715 2711 qua
1735 2657 1908 2710 quidem
1933 2657 2140 2697 sententia
2159 2668 2207 2696 eo
2230 2655 2367 2707 magis
2388 2667 2487 2708 per—

354 2730 542 2770 sistimus
555 2763 564 2780 ,
588 2731 701 2783 quod
721 2731 857 2770 multa
877 2731 982 2781 siut,
1005 2743 1101 2783 quae
1124 2730 1438 2771 Bonaventurae
1457 2730 1712 2781 gravitatem
1733 2741 1818 2769 000
1838 2740 1925 2781 prae
1950 2740 1992 2768 se
2012 2728 2160 2768 ferant.
2184 2727 2301 2767 Hanc
2320 2727 2488 2780 potissi-

355 2814 475 2841 mum
495 2802 781 2854 decerpsimus
801 2814 855 2842 ex
875 2815 964 2855 cap.
989 2806 1007 2842 1
1033 2817 1042 2843 ε
1068 2818 1086 2841 <‹
1108 2801 1332 2842 Peccatum
1358 2802 1523 2842 veniale
1549 2804 1609 2841 est
1637 2801 1682 2840 in
1711 2800 1876 2850 001100,
1903 2799 2012 2840 sicut
2037 2802 2248 2852 punctura
2273 2799 2423 2852 pulicis
2442 2799 2487 2839 in

356 2886 552 2926 corpore,
584 2886 682 2927 quae
703 2874 918 2914 modicum
939 2874 1067 2914 laedit.
1091 2889 1109 2911 n
1131 2873 1239 2914 Tum
1269 2886 1360 2926 cap.
1392 2886 1436 2913 111
1461 2888 1468 2914 :
1495 2889 1513 2911 «
1533 2872 1877 2925 Con-upiseentia
1904 2875 1965 2912 est
1983 2872 2104 2924 quasi
2132 2871 2292 2911 vulnus
2314 2871 2486 2911 insana—

356 2945 463 2993 bile7
487 2946 599 2985 unde
622 2946 731 2986 miro
754 2945 880 2986 modo
900 2945 1146 2985 inimicatur
1167 2945 1322 2986 anima).
1343 2960 1351 2985 :
1375 2945 1468 2986 ideo
1486 2945 1746 2985 assimilatur
1765 2944 1933 2984 cuidam
1957 2943 2155 2992 animali,
2178 2942 2291 2995 quod
2310 2944 2488 2982 vocatur

357 3017 596 3069 culn-drus,
629 3017 742 3070 quod
768 3017 1017 3057 mirabiliter
1045 3018 1289 3057 inimicatur
1319 3017 1547 3067 crocodilo7
1571 3019 1648 3056 etc.
1675 3030 1694 3052 >³
1715 3014 1809 3055 ‚lam
1835 3016 1997 3068 reliqua
2022 3027 2150 3068 penes
2180 3017 2396 3055 auctorem
2427 3014 2486 3054 le-

358 3100 459 3139 gere
480 3090 646 3140 poteris,
668 3089 845 3130 Videant
865 3090 990 3130 modo
1016 3089 1193 3140 eruditi,
1220 3101 1326 3129 num
1356 3092 1468 3130 recte
1495 3088 1731 3129 dixerimus
1747 3118 1756 3136 ‚
1785 3088 1898 3128 leves
1924 3087 2001 3128 has
2025 3085 2324 3126 similitudines
2348 3084 2487 3126 Bona-

359 3162 552 3200 venturae
574 3161 781 3211 gravitate
801 3161 1001 3213 indignas
1020 3172 1124 3201 esse.

852 3321 960 3364 VIII.
986 3323 1308 3376 Confessionale.
1334 3323 1417 3364 Ine.
1440 3324 1491 3364 Ιη
1511 3324 1588 3364 Dei
1609 3322 1896 3373 tabernaculo,
1918 3324 1995 3362 etc.

418 3447 506 3487 Mos
535 3460 754 3500 uunquam
776 3447 1037 3501 Scriptorum
1058 3450 1134 3489 fuit
1161 3450 1291 3490 seculi
1310 3449 1400 3490 XIII
1416 3482 1425 3500 ,
1454 3452 1502 3489 ut
1523 3450 1588 3489 vel
1610 3449 1653 3490 in
1674 3450 1761 3490 suis
1787 3447 2024 3498 firmandis,
2054 3450 2129 3488 aut
2152 3447 2195 3486 in
2215 3445 2364 3487 alienis
2383 3445 2491 3497 dog-

364 3520 551 3559 matibus
579 3519 842 3568 evertendis,
865 3519 916 3559 ad
946 3520 1039 3560 illos
1060 3522 1360 3573 confugerent,
1383 3521 1640 3573 quibuscum
1669 3533 1755 3561 una
1773 3520 1992 3561 vixissent.
2024 3518 2069 3559 Id
2089 3517 2365 3571 comprobare
2393 3516 2491 3557 licet

410 3603 470 3634 'lu
492 3602 579 3635 Βῑὸι,
602 3603 737 3642 manc„
756 3605 839 3634 tom.
859 3604 888 3642 1,
912 3605 1084 3643 p.160.—
1102 3604 1210 3635 2'r0m
1244 3605 1273 3644 1,
1293 3614 1326 3644 p.
1350 3606 1418 3636 164.
1539 3587 1541 3590 ’
