2613 3990
1016 338 1266 381 DISTINCT.
1300 338 1406 380 VIII.
2204 338 2281 376 139

173 433 290 492 quod
321 432 475 476 existat
507 432 757 491 simpliciter
786 431 877 474 sine
910 430 1058 489 aliquo
1085 429 1313 488 temporali
1346 432 1484 473 motu.
1505 427 1623 471 Licet
1641 428 1757 471 enim
1776 426 1908 471 verba
1933 425 2201 470 substantiva
2221 424 2285 468 di-

170 525 396 555 versorum
415 514 660 569 temporum
691 509 743 552 de
774 508 862 551 Deo
892 507 1109 562 dicantur,
1144 511 1192 549 111
1219 506 1336 565 fulc,
1361 505 1467 559 erit,
1492 513 1576 558 cst,
1602 514 1723 559 crat,
1750 519 1839 548 non
1858 508 2003 547 tamen
2031 502 2286 561 temporales

170 592 314 632 motus
333 602 418 631 esse
442 586 744 644 distinguunt,
773 584 864 628 scil.
899 584 1167 642 praeteritum
1187 618 1197 639 ,
1220 584 1290 627 vel
1319 584 1546 638 futurum,
1569 583 1637 626 vel
1665 581 1935 641 praeteritum
1964 579 2281 639 imperfectum,

169 664 238 710 vel
268 664 535 724 praeteritum
566 662 802 722 perfectum
820 697 830 716 ,
853 661 922 704 vel
955 661 1223 719 praeteritum
1252 661 1482 720 plusquam
1518 659 1786 718 perfectum3
1815 657 1888 702 sed
1917 657 2143 701 essentiam
2163 691 2173 711 ,
2196 656 2286 699 sive

169 742 455 797 existentiam,
477 754 567 784 suae
585 738 824 782 divinitatis
841 738 1093 797 simpliciter
1112 737 1351 781 insinuant.
1375 737 1490 780 Deus
1509 751 1611 793 ergo
1634 736 1750 779 solus
1770 734 1942 794 proprie
1968 733 2126 777 dicitur
2146 747 2288 776 essen-

169 819 245 875 tia,
267 819 337 864 vel
357 833 444 862 esse
466 834 476 861 :
498 816 614 861 unde
633 815 843 873 Hilarius,
867 816 913 858 in
934 815 1114 874 septimo
1135 814 1187 858 de
1209 817 1243 858 T
1239 815 1424 858 rz‘m'tate
1439 820 1467 867 ¹,
1491 814 1551 856 ait
1575 829 1584 856 :
1610 829 1632 854 «
1655 815 1754 856 Esse
1774 827 1861 855 non
1884 816 1946 855 est
1964 810 2159 855 accidens
2178 810 2282 865 Deo,

168 895 242 941 sed
260 895 494 940 subsistens
512 893 685 947 veritas,
708 898 749 936 et
765 907 944 937 manens
965 907 1108 947 causa,
1131 898 1171 935 et
1192 891 1403 935 naturalis
1423 890 1593 949 generis
1613 890 1869 949 proprietas.
1904 905 1926 930 »

228 973 306 1016 Dei
326 972 454 1016 etiam
474 970 609 1015 solius
632 970 815 1014 essentia
833 969 1203 1014 incommutabilis
1221 969 1379 1013 dicitur
1408 967 1608 1027 proprie,
1631 967 1736 1026 quia
1754 981 1832 1010 nec
1853 970 2070 1021 mutatur,
2092 980 2171 1009 nec
2189 981 2285 1009 mu-

169 1050 252 1094 tari
270 1053 422 1109 potest.
443 1048 569 1092 Unde
589 1047 892 1105 Augustinus,
916 1047 962 1090 in
982 1047 1137 1106 quinto
1156 1047 1269 1091 libro
1300 1046 1352 1090 (le
1375 1046 1590 1089 Trinitate
1608 1049 1621 1070 ²
1646 1061 1654 1087 :
1684 1062 1705 1085 1(
1726 1044 1860 1100 Aliae,
1882 1044 2048 1104 inquit,
2070 1044 2279 1097 essentiae,

168 1127 238 1171 vel
258 1125 532 1181 substantiae,
561 1124 739 1184 capiunt
767 1124 1018 1180 accidentia,
1041 1124 1202 1184 quibus
1232 1124 1278 1167 in
1303 1123 1364 1167 eis
1395 1123 1498 1179 fiat,
1532 1122 1601 1167 vel
1630 1137 1813 1180 magna,
1837 1122 1907 1166 vel
1931 1127 2285 1181 quantacumque

2343 973 2384 1001 De
2408 974 2447 1000 in-

2319 1024 2447 1042 commu-

2311 1056 2447 1084 tabilitate

2318 1101 2380 1128 Dei.

168 1203 351 1248 mutatio
368 1220 379 1260 3
401 1203 489 1247 Deo
509 1207 654 1246 autem
674 1202 842 1262 aliquid
862 1201 1116 1261 hujusmodi
1137 1201 1327 1245 accidere
1348 1216 1435 1245 non
1456 1205 1591 1260 potest
1617 1216 1624 1243 :
1649 1205 1689 1243 et
1711 1199 1806 1244 ideo
1828 1200 1918 1244 sola
1937 1199 2194 1254 substantia,
2217 1199 2287 1242 vel

167 1281 365 1338 essentia,
387 1295 486 1341 quae
506 1285 567 1325 est
587 1280 718 1336 Deus,
741 1279 1111 1323 incommutabilis
1130 1284 1213 1335 est,
1236 1278 1307 1322 cui
1328 1279 1516 1338 profecto
1538 1278 1747 1335 maxime,
1771 1293 1818 1321 ac
1838 1277 2059 1321 verissime
2086 1276 2290 1335 competit

164 1374 268 1404 esse.
291 1358 417 1411 Quod
433 1358 549 1420 enim
566 1362 776 1414 mutatur,
794 1373 882 1401 non
902 1362 1044 1402 servat
1066 1357 1209 1416 ipsum
1230 1371 1384 1401 verum
1405 1371 1494 1400 esse
1513 1373 1521 1399 ε
1544 1361 1585 1399 51
1604 1355 1721 1415 quod
1742 1355 1904 1399 mutari
1932 1359 2091 1414 potest,
2118 1354 2289 1398 etiamsi

164 1452 254 1481 non
284 1440 505 1491 mutetur,
527 1440 666 1495 potest
691 1435 809 1495 quod
841 1435 983 1479 fuerat
1003 1449 1089 1478 non
1111 1449 1214 1478 esse.
1238 1434 1427 1493 Ideoque
1447 1434 1558 1477 illud
1580 1434 1739 1488 solum,
1764 1432 1881 1492 quod
1900 1447 1988 1476 non
2008 1437 2180 1475 tantum
2199 1445 2288 1475 non

165 1518 376 1570 mutatur,
391 1529 545 1558 verum
566 1513 695 1557 etiam
709 1513 870 1557 mutari
884 1512 1065 1556 omnino
1080 1526 1166 1555 11011
1183 1516 1336 1571 potest,
1360 1511 1583 1556 verissime
1603 1511 1763 1554 dicitur
1777 1525 1883 1566 esse,
1897 1527 1918 1552 >)
1936 1509 1980 1553 id
1996 1514 2073 1565 est,
2091 1509 2288 1553 substan-

164 1591 224 1635 tia
238 1590 396 1647 Patris,
414 1596 455 1635 et
470 1591 589 1647 Filii,
607 1596 647 1634 et
660 1590 847 1650 Spiritus
859 1590 1010 1634 sancti.
1032 1590 1220 1648 Ideoque
1237 1589 1492 1648 ApostoluS,
1510 1589 1695 1648 loquens
1714 1588 1765 1631 de
1783 1587 1888 1642 Deo,
1915 1586 1975 1630 ait
1991 1589 2004 1611 ³
2025 1603 2038 1629 .·
2064 1586 2149 1640 Qui
2173 1587 2288 1630 solus

163 1668 292 1713 habet
310 1668 711 1713 inmortalitatem.
729 1668 786 1711 [t
800 1668 916 1711 enim
931 1667 990 1711 ait
1003 1666 1279 1724 Augustinus
1293 1666 1338 1709 in
1352 1666 1464 1709 libro
1481 1666 1619 1724 primo
1639 1664 1691 1709 cle
1709 1667 1743 1708 T
1740 1665 1924 1710 rinitate
1938 1672 1966 1707 ἠ
1986 1663 2132 1708 «Cum
2144 1664 2290 1708 anima

163 1746 353 1806 quodam
382 1746 510 1789 modo
538 1745 796 1790 immortalis
815 1760 903 1789 esse
924 1744 1092 1788 dicatur
1112 1749 1152 1787 ct
1173 1744 1248 1799 sit,
1270 1759 1359 1787 non
1391 1743 1550 1787 diceret
1578 1742 1814 1802 Apostolus
1838 1759 1846 1786 :
1867 1743 1992 1786 Solus
2022 1743 2134 1787 Deus
2160 1742 2290 1787 habet

160 1823 575 1877 immortalitatem,
598 1823 682 1866 nisi
709 1822 814 1882 quia
845 1837 948 1865 vera
979 1821 1283 1865 immortalitas
1316 1820 1733 1865 incommutabilitas
1752 1824 1830 1875 est,
1855 1835 1985 1879 quam
2009 1819 2134 1863 nulla
2152 1825 2291 1879 potest

162 1901 320 1945 habere
340 1907 552 1957 creatura,
570 1899 777 1960 quoniam
799 1899 934 1944 solius
953 1898 1170 1943 Creatoris
1191 1904 1267 1942 est.
1286 1915 1307 1941 >³
1332 1898 1458 1942 Unde
1471 1898 1656 1942 Jacobus
1676 1897 1736 1942 ait
1749 1901 1762 1923 ⁵
1781 1913 1789 1940 ε
1808 1897 1940 1957 Apud
1956 1899 2096 1941 Deum
2118 1913 2207 1942 non
2227 1906 2290 1942 est

164 1980 494 2033 transmutatio,
522 1994 598 2023 nec
619 1977 933 2022 vicissitudines
953 1977 1243 2021 obumbratio.
1275 1977 1329 2020 Et
1355 1975 1493 2020 David
1513 1976 1526 1997 ‘⁵
1551 1992 1559 2018 :
1583 1975 1776 2021 Matahz‘s
1797 1991 1846 2019 ea
1863 2012 1874 2029 ,
1903 1984 1943 2019 et
1963 1976 2253 2020 mutabuntur
2274 1993 2288 2019 :

164 2065 211 2100 tu
233 2065 381 2101 autem
400 2056 515 2101 idem
544 2058 634 2117 ipse
662 2072 717 2101 cs.
749 2056 850 2099 Ideo
881 2055 1182 2113 AugustinuS,
1204 2069 1330 2114 super-
1369 2053 1567 2098 Genesim
1585 2058 1615 2109 ⁷,
1655 2053 1775 2109 dicit,
1799 2053 1916 2112 quod
1943 2053 2100 2097 «Deus
2119 2069 2197 2098 nec
2213 2069 2290 2113 per

162 2135 277 2191 loca,
301 2149 378 2179 1155
404 2150 480 2194 per
512 2140 706 2194 tempora
738 2138 963 2189 movetur;
999 2138 1197 2176 creatura
1230 2146 1334 2177 vero
1354 2147 1430 2191 per
1447 2132 1556 2187 loca,
1581 2136 1622 2175 51
1643 2136 1851 2191 tempora.
1875 2147 1897 2172 ))
1923 2130 1978 2174 Ε1
2001 2146 2078 2191 per
2095 2136 2290 2191 tempora

162 2212 350 2271 moveri,
385 2218 448 2256 est
471 2227 548 2272 per
576 2211 821 2256 affectiones
841 2211 1123 2267 commutari3
1149 2211 1264 2255 Deus
1286 2215 1432 2254 autem
1452 2224 1530 2253 1155
1550 2209 1660 2265 1050,
1683 2224 1761 2252 1155
1782 2208 2006 2253 affectione
2033 2209 2195 2253 mutari
2215 2224 2289 2269 po-

161 2294 265 2346 test,
288 2289 365 2349 qui
392 2305 470 2350 per
487 2289 750 2349 Prophetam
773 2293 786 2315 s
807 2289 867 2333 ait
891 2305 899 2332 ι
922 2290 1018 2348 qu
1049 2290 1188 2342 Deus,
1223 2296 1264 2332 et
1296 2303 1385 2332 non
1420 2296 1567 2331 mutor
1582 2303 1599 2341 ,·
1630 2287 1707 2347 qui
1728 2291 1790 2330 est
1809 2293 1822 2315 ⁹
1842 2286 2128 2330 immutabilis
2152 2287 2285 2331 solus.

161 2367 287 2411 Unde
307 2372 419 2411 recte
438 2367 555 2411 solus
575 2367 734 2411 dicitur
753 2367 912 2410 habere
932 2366 1320 2410 immortalitatem.
1349 2383 1370 2409 1(
1389 2366 1439 2409 Ι11
1460 2365 1580 2409 0111111
1601 2364 1716 2409 5111111
1737 2364 1941 2408 mutabili
1960 2369 2138 2420 natura,
2163 2371 2212 2409 ut
2231 2365 2291 2409 ait

162 2444 478 2502 Augustinus¹⁰
497 2453 649 2488 contra
670 2444 994 2497 Maoez'mz'nmn,
1019 2444 1236 2487 nonnulla
1255 2458 1372 2487 mors
1392 2448 1454 2487 est
1474 2444 1566 2502 ipsa
1585 2442 1789 2498 mutatio,
1812 2441 1917 2500 quia
1936 2441 2038 2486 facit
2056 2442 2224 2502 aliquid
2243 2443 2289 2486 in

161 2537 212 2566 ea
230 2537 317 2566 non
338 2536 426 2565 esse
445 2521 563 2581 quod
583 2526 688 2564 erat.
709 2521 834 2564 Unde
854 2526 895 2564 et
915 2521 1008 2580 ipsa
1027 2521 1174 2564 anima
1193 2521 1403 2576 humana,
1431 2535 1530 2580 quae
1550 2520 1645 2564 ideo
1675 2520 1834 2563 dicitur
1873 2519 2149 2575 immortalis,
2184 2519 2290 2579 quia

161 2599 401 2644 secundum
434 2599 614 2643 modum
648 2613 778 2642 suum
810 2613 1039 2657 nunquam
1076 2598 1234 2641 desinit
1263 2599 1410 2643 vivere
1430 2633 1439 2653 ,
1474 2598 1603 2641 habet
1640 2602 1786 2641 tamen
1822 2597 2058 2656 quamdam
2104 2602 2288 2641 mortem

162 2691 283 2721 suam
306 2693 315 2719 :
339 2675 444 2736 quia
462 2711 472 2732 ,
495 2676 530 2720 si
546 2677 661 2735 juste
681 2675 855 2719 vivebat
875 2681 915 2718 et
934 2680 1095 2734 peccat,
1117 2675 1304 2719 moritur
1320 2675 1500 2734 justitiae
1513 2692 1523 2731 3
1550 2675 1586 2718 si
1605 2675 1818 2734 peccatrix
1838 2679 1929 2718 erat
1948 2679 1990 2718 et
2004 2674 2286 2733 justificatur,

161 2755 348 2800 moritur
366 2759 564 2813 peccato3
595 2759 646 2797 ut
672 2754 777 2798 alias
807 2753 900 2812 ejus
928 2754 1190 2798 mutationes
1221 2758 1415 2809 taceam,
1439 2753 1491 2797 de
1520 2753 1682 2813 quibus
1702 2752 1831 2797 modo
1850 2752 2035 2809 longum
2062 2756 2123 2795 est
2142 2751 2289 2810 dispu-

162 2838 268 2878 tare.
290 2833 344 2876 Et
365 2837 662 2877 creaturarum
693 2836 852 2875 natura
879 2831 1119 2875 coelestium
1141 2830 1253 2874 mori
1272 2831 1431 2889 potuit,
1454 2830 1558 2890 quia
1577 2845 1751 2890 peccare
1770 2829 1926 2889 potuit.
1954 2828 2066 2872 Nam
2083 2833 2126 2871 et
2143 2829 2290 2886 angeli

160 2914 461 2971 peccaverunt,
486 2914 528 2953 et
548 2909 767 2953 daemones
786 2909 886 2952 facti
905 2914 1022 2965 sunt,
1047 2923 1237 2968 quorum
1258 2913 1320 2952 est
1347 2908 1546 2953 diabolus
1565 2908 1764 2967 princeps
1789 2923 1797 2950 :
1820 2912 1862 2950 et
1881 2905 1957 2966 qui
1978 2920 2064 2949 non
2085 2921 2289 2966 peccave-

162 2995 281 3044 runt,
303 3002 477 3047 peccare
498 2991 736 3047 potuerunt
758 3003 767 3029 :
791 2991 833 3030 et
854 2987 1116 3046 cuicumque
1147 2986 1351 3030 rationali
1371 2991 1554 3030 craturae
1573 2990 1803 3045 praestatur
1822 2990 1872 3028 ut
1891 2997 2065 3043 peccare
2084 3000 2173 3029 non
2192 3000 2289 3045 pos-

161 3064 242 3120 sit,
263 3079 353 3109 non
371 3070 434 3108 est
451 3064 531 3108 hoc
549 3069 716 3109 naturae
735 3064 938 3124 propriae,
959 3064 1032 3108 sed
1056 3064 1134 3108 Dei
1164 3064 1331 3121 gratiae.
1354 3065 1407 3108 Et
1428 3064 1524 3108 ideo
1544 3065 1658 3108 solus
1676 3067 1805 3118 Deus,
1831 3068 1879 3108 ut
1898 3064 1959 3108 ait
1978 3063 2219 3124 Apostolus
2240 3069 2284 3122 ¹¹,

164 3141 294 3185 habet
312 3142 714 3195 immortalitatem,
741 3142 820 3201 qui
839 3157 928 3186 non
947 3142 1208 3202 cujusquam
1228 3142 1383 3200 gratia,
1407 3142 1480 3186 sed
1501 3148 1655 3187 natura
1673 3159 1766 3199 sua,
1789 3158 1867 3186 nec
1885 3142 2028 3202 potuit
2052 3157 2131 3186 nec
2151 3146 2288 3201 potest

166 3218 315 3277 aliqua
343 3220 621 3264 conversione
653 3219 842 3275 mutari,
873 3234 951 3262 nec
976 3219 1117 3278 potuit
1150 3235 1227 3262 nec
1256 3220 1414 3279 poterit
1431 3220 1580 3279 aliqua
1606 3220 1846 3264 mutatione
1871 3235 2060 3279 peccare.
2083 3237 2105 3262 ))
2140 3237 2161 3262 ε(
2183 3220 2288 3263 Pro-

165 3294 282 3351 inde,
304 3300 352 3340 ut
374 3296 433 3340 ait
451 3297 724 3355 Augustinus
743 3297 788 3340 in
810 3296 948 3354 primo
969 3297 1081 3340 libro
1102 3296 1154 3341 (Ze
1177 3299 1211 3340 T
1207 3297 1390 3341 rinz'tatc
1404 3333 1416 3350 ,
1439 3297 1724 3341 substantiam
1745 3297 1824 3341 Dei
1843 3298 1934 3341 sine
1957 3298 2051 3342 ulla
2076 3297 2145 3341 sui
2172 3312 2286 3341 com-

166 3372 404 3417 mutatione
439 3374 667 3419 mutabilia
700 3373 949 3430 facientem,
982 3379 1023 3418 et
1042 3374 1133 3419 sine
1153 3374 1245 3418 ullo
1264 3389 1343 3418 suo
1362 3374 1592 3434 temporali
1617 3379 1739 3419 motu
1766 3375 2021 3436 temporalia
2048 3380 2281 3431 creantem,

210 3524 221 3546 ¹
237 3524 356 3565 Hilar.,
374 3525 414 3556 de
434 3526 566 3564 Trinit„
583 3525 641 3558 lib.
665 3527 722 3558 Vll
736 3550 746 3567 ,
767 3534 837 3557 non
866 3525 967 3566 longe
987 3535 1005 3557 a
1023 3525 1166 3567 princip.
1193 3542 1232 3549 —
1245 3526 1259 3547 2
1272 3526 1427 3566 August„
1446 3524 1485 3555 de
1506 3525 1639 3564 Trz‘m't„
1661 3525 1719 3557 lib.
1738 3526 1779 3567 V,
1801 3535 1829 3558 5.
1846 3532 1884 3566 Π,
1905 3535 1941 3557 n.
1966 3528 1998 3558 3.
2011 3544 2051 3549 -
2064 3525 2102 3557 ³1
2129 3524 2280 3564 Tz‘motlz„

166 3580 213 3612 vl,
234 3573 283 3604 16.
297 3588 336 3594 -
351 3571 364 3593 4
377 3572 530 3612 August„
549 3572 587 3603 de
607 3573 740 3611 Trinit„
758 3573 816 3605 lib.
846 3573 881 3612 1,
900 3582 930 3603 5.
949 3579 971 3613 Ι,
994 3582 1027 3605 n.
1043 3576 1075 3604 2.
1098 3591 1138 3596 —
1152 3574 1163 3595 5
1176 3574 1258 3611 Jac„
1281 3581 1304 3613 1,
1325 3573 1372 3604 17.
1397 3590 1437 3595 -
1451 3572 1463 3593 6
1477 3572 1568 3603 Psal.
1587 3581 1632 3613 (21,
1650 3575 1756 3606 27-28.
1778 3590 1816 3596 —
1829 3574 1842 3595 ⁷
1869 3575 2025 3614 August„
2046 3572 2085 3603 de
2105 3572 2219 3603 Genes.
2239 3572 2285 3603 ad

166 3618 328 3657 litteram,
350 3618 408 3650 lib.
424 3618 494 3651 Vll!
510 3643 520 3659 ,
540 3628 569 3650 c.
583 3627 641 3660 xx,
659 3628 731 3660 xxr,
753 3627 840 3660 xxm,
860 3627 948 3651 xxm
971 3622 1004 3651 et
1024 3628 1118 3660 xxvt,
1143 3629 1178 3651 n.
1196 3622 1233 3651 40
1254 3623 1287 3651 et
1300 3629 1397 3660 seqq.
1417 3637 1456 3643 —
1470 3619 1483 3641 ⁸
1499 3619 1658 3661 Malach„
1675 3629 1726 3661 111,
1744 3623 1775 3653 6.
1791 3639 1832 3644 -
1845 3621 2025 3661 ⁹August.,
2046 3620 2140 3652 Cont.
2166 3619 2280 3652 Μακί-

167 3666 264 3707 min„
284 3665 343 3698 lib.
361 3666 387 3698 11
408 3665 470 3709 (al.
487 3665 568 3707 111),
589 3674 695 3708 (1.1111,
712 3676 747 3700 11.
762 3669 792 3699 2.
807 3685 846 3691 —-
862 3668 888 3690 10
901 3666 984 3699 lbz'cl.
1001 3684 1041 3690 —
1056 3667 1106 3699 1²1
1129 3666 1285 3707 Timoth„
1300 3668 1413 3707 VJ,16.
