2613 3990
72 1672 209 1701 Fundam.

228 224 306 262 536
1004 218 1415 261 SENTENTIARUM
1444 219 1540 261 LIB.
1573 221 1603 261 l.

227 312 340 353 bona
360 326 369 352 :
385 326 404 349 >³
424 323 528 364 ergo
540 312 632 365 pari
650 311 811 352 ratione
829 310 1047 362 generatio
1061 312 1250 362 generat,

228 387 269 424 et
287 383 458 436 spiratio
477 383 623 437 spirat.

281 459 319 496 2.
356 455 480 506 Item,
509 456 609 509 quia
637 456 682 495 in
709 454 858 508 primis
886 455 947 494 est
973 455 1131 505 status,
1161 453 1254 494 ideo

228 526 373 578 seipsis
391 526 733 574 denominantur,
752 524 866 565 unde
882 524 1023 565 unitas
1039 524 1173 576 seipsa
1193 526 1254 564 est

228 608 339 646 una3
362 608 466 648 ergo
483 609 582 637 cum
608 595 882 648 proprietates
905 594 1144 647 personales
1169 606 1255 635 non

228 668 412 708 habeant
445 669 606 720 priores
623 699 632 717 ,
671 666 758 706 imo
803 666 905 719 ipsce
945 666 1096 718 prima}
1144 666 1227 705 sint
1241 698 1253 716 ,

228 740 385 792 seipsas
402 739 690 781 denominant.

284 814 322 850 3.
347 811 449 851 Item
466 843 476 861 ,
495 810 713 851 indefinita
740 809 993 850 affirmativa
1012 810 1256 864 aequipollet

229 883 488 936 particulari,
505 895 608 935 ergo
621 882 864 935 simpliciter
879 882 1139 923 convertitur
1159 898 1166 923 :
1185 884 1256 924 sed

228 954 321 994 haec
344 954 589 1007 simpliciter
614 954 859 995 conceditur
884 968 892 994 :
917 970 935 992 «
956 952 1169 995 Generans
1196 958 1258 996 est

228 1025 470 1077 paternitas,
493 1026 580 1067 sive
598 1026 815 1078 generatio
837 1037 884 1066 z»
908 1038 1012 1078 ergo
1037 1026 1257 1078 generatio

229 1098 289 1135 est
306 1107 529 1147 generans.

282 1170 322 1208 4.
345 1167 451 1209 Item
468 1200 478 1218 ,
501 1169 535 1209 si
554 1169 647 1210 haec
672 1181 759 1210 non
778 1169 1020 1210 conceditur
1044 1184 1052 1209 ε
1073 1185 1091 1207 (ι
1113 1169 1256 1210 Pater-

228 1239 338 1280 nitas
371 1243 432 1280 est
463 1253 699 1293 generans,
737 1256 756 1279 ›)
784 1244 858 1282 aut
888 1241 968 1282 hoc.
996 1244 1058 1282 est
1088 1245 1259 1295 propter

227 1313 558 1364 repugnantiam
572 1326 596 1354 a
615 1316 734 1366 parte
753 1314 827 1363 rei,
850 1316 924 1354 aut
941 1326 965 1354 a
979 1316 1095 1366 parte
1116 1313 1229 1353 modi
1246 1326 1255 1354 ε

228 1393 315 1422 non
333 1396 357 1422 a
377 1387 495 1435 parte
520 1385 603 1435 rei,
627 1385 727 1438 quia
753 1385 897 1425 eadem
928 1398 995 1426 res
1020 1388 1100 1435 est.;
1125 1398 1211 1426 non
1232 1398 1255 1425 a

229 1455 347 1505 parte
367 1455 495 1506 modi,
518 1456 618 1509 quia
638 1457 784 1498 eadem
804 1458 1038 1511 proprietas
1056 1461 1095 1498 et
1113 1458 1258 1498 relatio

229 1524 482 1577 importatur
506 1541 514 1567 :
541 1540 645 1580 ergo
668 1528 787 1569 nullo
814 1529 938 1570 modo
965 1532 1026 1569 est
1051 1530 1109 1570 ibi
1128 1542 1259 1583 repu-

230 1598 407 1650 gnantia
428 1614 435 1639 :
460 1611 564 1651 ergo
583 1599 740 1641 locutio
757 1600 1003 1654 simpliciter
1023 1605 1084 1642 est
1102 1614 1218 1642 vera.

285 1669 438 1711 Contra
466 1682 475 1710 :
503 1669 621 1711 Sicut
651 1671 872 1724 proprium
902 1672 1171 1725 proprietatis
1199 1676 1259 1714 est

230 1742 508 1795 distinguere,
530 1744 588 1785 sie
607 1745 829 1797 proprium
847 1749 908 1786 est
924 1758 1114 1799 personae
1131 1747 1257 1788 aliam

229 1814 459 1866 producere
481 1827 490 1855 :
512 1816 583 1856 sed
602 1815 694 1856 haec
713 1819 774 1857 est
787 1817 914 1857 falsa:
943 1817 1160 1859 «Persona
1180 1819 1259 1859 dis-

225 1885 387 1937 tinguit.
409 1899 418 1936 3
449 1900 467 1923 ι)
501 1886 601 1939 quia
632 1899 720 1928 non
740 1888 977 1958 ‘distinguit
991 1922 1003 1940 ,
1046 1889 1131 1930 imo
1170 1890 1258 1930 dis-

225 1955 460 2008 tinguitur:
479 1969 582 2010 ergo
597 1961 638 1999 et
653 1959 745 1999 haec
763 1962 824 2000 est
840 1961 942 2001 falsa
961 1973 971 2000 z
989 1960 1259 2014 «Proprietas

228 2030 418 2079 generat.
440 2042 459 2065 ›)

280 2097 398 2149 Item,
420 2111 545 2139 omne
563 2100 677 2152 quod
697 2101 892 2151 refertur,
912 2104 972 2143 est
990 2103 1164 2157 aliquid,
1181 2118 1256 2146 ex-

225 2174 344 2223 cepto
375 2184 424 2212 eo
458 2172 571 2224 quod
602 2173 777 2214 relative
808 2174 961 2215 dicitur
980 2176 991 2197 ¹
1019 2190 1028 2216 :
1061 2176 1133 2215 sed
1162 2189 1258 2229 pro-

225 2243 381 2294 prietas
397 2256 484 2283 non
504 2246 565 2284 est
581 2244 663 2285 nisi
691 2246 838 2286 relatio
862 2259 872 2286 ε
894 2259 998 2299 ergo
1022 2248 1256 2301 proprietas

225 2326 312 2354 non
331 2315 511 2356 refertur
535 2330 543 2356 :
564 2316 634 2356 sed
655 2328 858 2368 generare
879 2320 941 2358 est
956 2319 1101 2359 referri
1118 2334 1127 2370 3
1152 2333 1256 2373 ergo

225 2385 460 2437 proprietas
479 2399 566 2427 non
583 2391 772 2440 generat.

284 2457 398 2509 Item,
418 2460 652 2512 proprietas
671 2461 873 2514 importat
889 2462 1100 2515 originem
1124 2466 1164 2504 et
1184 2476 1249 2504 re-

224 2529 425 2570 lationem
443 2546 451 2571 :
470 2543 573 2583 ergo
584 2532 619 2572 si
634 2545 762 2585 supra
776 2545 820 2574 se
834 2534 1075 2586 reflectitur,
1095 2538 1136 2576 et
1148 2536 1255 2590 seip-

233 2614 317 2641 sam
331 2602 587 2652 dtr-nominat,
603 2607 647 2643 tu
654 2617 705 2644 nc
718 2617 821 2657 ergo
835 2606 1013 2658 originis
1024 2607 1102 2647 erit
1115 2608 1251 2661 origo,

225 2676 266 2713 et
281 2674 492 2714 relationis
505 2675 651 2717 relatio
669 2691 676 2717 :
692 2677 806 2729 quod
819 2678 944 2718 habet
954 2678 1251 2733 Philosophus,

226 2748 266 2785 et
281 2746 419 2785 omnis
436 2747 557 2796 ratio,
581 2760 657 2801 pro
677 2749 1006 2791 inconvenienti.

280 2816 399 2868 Item,
419 2831 515 2859 eum
536 2820 688 2861 dicitur
709 2833 718 2861 :
739 2836 757 2860 (‹
777 2820 997 2863 Generatio
1019 2827 1208 2876 generat,
1230 2840 1249 2863 ›>

227 2891 301 2930 aut
310 2890 492 2931 verbum
504 2892 762 2933 construitur
771 2893 933 2934 ratione
947 2895 1170 2948 suppositi,
1181 2899 1255 2937 aut

226 2957 389 2999 ratione
406 2959 552 2999 formae
582 2975 590 3000 :
613 2973 701 3001 non
719 2961 867 3002 formae
882 2994 891 3011 ,
913 2962 1014 3015 quia
1041 2967 1256 3017 respectus

226 3042 315 3071 non
333 3030 445 3082 agit3
464 3043 541 3071 nec
559 3032 721 3072 ratione
737 3034 958 3086 suppositi,
979 3035 1079 3087 quia
1098 3048 1256 3089 suppo-

227 3102 306 3143 sita
323 3102 493 3143 notione
508 3115 594 3144 non
612 3105 866 3158 supponitur
879 3118 1072 3159 persona,
1094 3107 1254 3161 aliquid

228 3176 343 3217 enim
363 3178 559 3217 convenit
571 3191 762 3231 personae
782 3181 895 3233 quod
911 3193 992 3222 non
1010 3183 1186 3233 notioni,
1209 3186 1258 3224 ut

227 3260 355 3300 supra
373 3249 388 3270 ²
408 3251 625 3290 ostensum
640 3254 700 3291 est
722 3264 731 3292 :
754 3263 858 3304 ergo
876 3253 1034 3294 locutio
1055 3254 1256 3308 simplici·

227 3321 291 3360 ter
310 3323 372 3360 est
388 3320 506 3362 falsa.

268 3427 278 3447 ¹
298 3428 398 3469 Aug,
418 3427 456 3459 ‘le
476 3429 577 3469 Trita,
597 3427 655 3460 lib.
676 3429 733 3461 Vll
751 3454 762 3470 ,
783 3440 812 3461 c.
828 3439 854 3470 1,
875 3440 909 3462 11.
935 3434 965 3464 2.
985 3449 1026 3455 —
1050 3435 1062 3455 2
1083 3435 1210 3472 Quaest.
1232 3443 1256 3467 11

227 3474 328 3516 hujus
344 3478 406 3508 art.

1688 352 1987 394 CONCLUSIO.

1332 454 1495 490 Notioncs
1530 457 1563 489 et
1592 456 1834 501 Proprz'etatcs
1867 455 2069 500 personales
2103 465 2175 490 non
2208 460 2353 501 possunt

1374 515 1506 559 scipsas
1533 513 1782 559 denominare,
1816 525 1893 549 cum
1930 515 2019 549 tales
2053 514 2353 550 denominationes

1375 574 1563 607 notionum
1589 576 1848 609 emanationem
1857 600 1868 618 ,
1899 584 1974 619 quoe
2000 573 2048 608 ad
2069 583 2256 619 personam
2282 577 2353 609 ter-

1376 635 1538 669 minatur
1549 661 1561 678 ,
1582 636 1858 680 consz'qm'liccnt.

1384 738 1506 791 Resp.
1536 739 1588 779 ad
1617 739 1722 791 Arg.
1752 739 1983 780 Dicendum
2007 739 2120 792 quod
2145 739 2356 792 praedietae

1329 809 1562 851 locutiones
1581 813 1681 851 sunt
1701 811 1813 851 falsae
1837 825 1845 851 :
1869 811 1986 851 nulla
2007 811 2123 851 enim
2146 812 2261 852 notio
2280 812 2357 853 de-

1329 882 1520 922 nominat
1550 883 1744 935 seipsam.
1776 883 1826 923 Et
1855 883 1962 923 ratio
1993 883 2127 935 hujus
2158 885 2240 934 est,
2259 883 2359 936 quia

1331 954 1617 995 denominatio
1631 954 1815 995 notionis
1828 955 2027 1008 importat
2046 955 2357 996 emanationem

1329 1029 1377 1065 ut
1405 1028 1570 1074 actum,
1594 1026 1793 1079 importat
1819 1028 1859 1066 et
1880 1026 2143 1067 relationem.
2173 1026 2224 1067 Et
2252 1039 2360 1079 quo-

1331 1098 1447 1138 niam
1476 1097 1696 1150 productio
1723 1097 1891 1150 proprie
1921 1100 1982 1138 est
2018 1098 2248 1151 suppositi,
2274 1111 2361 1139 non

1331 1170 1493 1220 formae,
1517 1169 1706 1209 similiter
1726 1169 1872 1210 relatio
1897 1172 1959 1209 est
1982 1170 2161 1222 alicujus
2186 1173 2232 1211 ut
2259 1183 2361 1223 sup—

1332 1240 1455 1293 positi
1472 1253 1481 1290 ;
1504 1240 1596 1280 ideo
1615 1239 1754 1280 omnis
1771 1239 1864 1280 talis
1884 1239 2173 1281 denomInatio
2193 1253 2360 1281 concer-

1332 1312 1396 1352 nit
1408 1312 1690 1364 suppositum.
1708 1310 1799 1351 Non
1818 1311 1877 1351 sic
1892 1313 1952 1351 est
1968 1311 2017 1352 de
2034 1312 2363 1365 proprietatibus

1333 1382 1638 1431 essentialibus,
1661 1382 1777 1423 velut
1791 1386 1851 1423 est
1874 1383 1923 1423 de
1942 1383 2104 1436 primis,
2120 1386 2169 1423 ut
2188 1383 2238 1423 de
2259 1396 2359 1435 uno,

1333 1458 1374 1496 et
1396 1467 1516 1506 ver03
1544 1455 1630 1496 imo
1656 1455 1883 1508 respiciunt
1910 1456 2104 1504 formam,
2130 1455 2221 1496 ideo
2239 1456 2364 1496 deno-

1334 1530 1499 1569 minant
1517 1528 1685 1581 seipsas.
1708 1527 1825 1577 Quod
1846 1528 1945 1581 quia
1963 1540 2051 1568 non
2071 1530 2132 1568 est
2149 1528 2194 1568 in
2214 1528 2289 1580 huj
2297 1540 2364 1569 us-

1334 1601 1447 1642 modi
1476 1600 1693 1653 adjectivis
1724 1599 2033 1649 notionalibus,
2071 1612 2158 1640 non
2189 1603 2366 1652 possunt

1332 1672 1566 1713 locutiones
1584 1683 1672 1712 esse
1691 1683 1806 1711 verae
1824 1671 1984 1711 ratione
2004 1671 2167 1711 formae.
2190 1670 2364 1712 Ratione

1334 1758 1434 1787 vero
1463 1745 1669 1799 suppositi
1689 1758 1776 1786 non
1796 1748 1973 1798 possunt
1992 1757 2080 1786 esse
2103 1757 2218 1786 verae
2231 1778 2242 1797 ,
2262 1747 2365 1799 quia

1332 1819 1448 1859 notio
1467 1830 1554 1858 non
1579 1817 1779 1871 supponit
1808 1829 2032 1870 personam
2051 1848 2060 1866 ,
2095 1818 2196 1870 quia
2222 1818 2365 1871 plures

1332 1891 1524 1930 notiones
1553 1892 1652 1930 sunt
1683 1889 1726 1929 in
1759 1889 1905 1930 eadem
1942 1902 2135 1942 persona.
2177 1889 2365 1932 Essentia

1331 1963 1474 2002 tamen
1502 1961 1700 2014 supponit
1728 1962 2029 2013 substantiam,
2061 1962 2163 2015 quia
2192 1964 2253 2003 est
2277 1975 2366 2004 una

1333 2033 1525 2084 essentia,
1548 2036 1589 2073 et
1610 2046 1696 2073 una
1717 2034 1949 2074 substantia,
1978 2048 1986 2074 z
2016 2036 2056 2074 et
2077 2034 2169 2074 ideo
2187 2034 2281 2075 haee
2303 2038 2365 2076 est

1332 2118 1433 2147 vera
1456 2120 1464 2146 :
1493 2122 1512 2144 (ι
1535 2105 1669 2146 Deitas
1689 2108 1815 2156 creat,
1845 2120 1863 2143 ›)
1887 2105 1988 2158 quia
2008 2105 2144 2146 Deitas
2165 2107 2365 2159 supponit

1332 2177 1465 2218 Deum
1487 2192 1495 2218 :
1519 2177 1611 2218 haec
1625 2179 1768 2218 autem
1787 2178 1887 2218 falsa
1906 2193 1913 2218 :
1942 2194 1960 2215 «
1976 2177 2208 2219 Paternitas
2228 2191 2364 2231 gene-

1331 2252 1410 2300 rat,
1429 2264 1448 2287 »
1473 2250 1575 2302 quia
1595 2261 1682 2289 non
1700 2249 1902 2303 supponit
1921 2248 2103 2291 Patrem.

1386 2326 1405 2361 1
1438 2324 1478 2361 et
1508 2324 1547 2361 Ξ).
1582 2320 1703 2370 Quod
1742 2321 1939 2374 objicitur
1973 2322 2023 2362 de
2054 2322 2366 2363 conditionibus

1330 2393 1644 2441 essentialibus,
1665 2395 1706 2433 et
1726 2393 1776 2433 de
1798 2393 1968 2446 primis,
1990 2397 2102 2447 patet
2131 2395 2244 2447 quod
2275 2407 2364 2436 non

1331 2469 1394 2507 est
1407 2465 1542 2506 simile
1559 2465 1720 2505 ratione
1736 2467 1826 2518 Jam
1846 2465 1967 2506 dicta.
1993 2465 2132 2507 Potest
2148 2469 2291 2507 tamen
2304 2467 2365 2507 ni-

1330 2537 1563 2578 hilominus
1583 2537 1665 2577 alia
1684 2537 1792 2577 ratio
1815 2537 2025 2589 assignari
2044 2571 2053 2589 ,
2077 2539 2178 2591 quia
2195 2551 2364 2592 respec-

1329 2611 1399 2649 tus
1413 2609 1598 2649 reflexus
1618 2621 1745 2662 supra
1765 2609 2009 2649 absolutum
2026 2610 2086 2650 ihi
2108 2611 2323 2664 quietatur
2352 2626 2361 2652 ;

1330 2680 1471 2733 itaque
1500 2680 1742 2720 ahsolutum
1770 2681 1980 2733 respectui
2009 2682 2079 2722 dat
2109 2682 2362 2724 fundamen-

1331 2755 1443 2801 tum,
1464 2754 1504 2792 et
1530 2755 1744 2805 respectus
1775 2753 1844 2793 dat
1864 2753 2224 2806 complementum
2253 2766 2263 2794 τ
2291 2755 2362 2795 sed

1331 2837 1429 2865 cum
1448 2827 1662 2877 respectus
1675 2824 1902 2865 reflectitur
1915 2837 2042 2878 supra
2056 2838 2113 2874 se,
2132 2826 2232 2879 quia
2242 2829 2362 2868 uter-

1331 2910 1413 2951 que
1433 2897 1529 2938 dicit
1555 2897 1912 2950 comparationem
1941 2897 1992 2938 ad
2017 2898 2197 2939 alterum
2216 2932 2225 2950 ,
2248 2913 2362 2941 unus

1332 2982 1418 3010 non
1428 2972 1563 3022 potest
1573 2969 1672 3010 dare
1686 2969 2027 3021 fundamentum,
2045 2982 2122 3011 nec
2133 2971 2237 3011 alter
2250 2984 2361 3012 com-

1332 3042 1595 3095 plementum
1617 3053 1627 3080 ε
1648 3043 1688 3081 et
1707 3041 1800 3081 ideo
1820 3053 1906 3082 non
1934 3044 2069 3094 potest
2086 3042 2258 3083 reflecti.
2282 3043 2362 3085 Sed

1331 3114 1376 3153 in
1395 3113 1654 3166 simplicibus
1670 3112 1831 3165 primis,
1850 3114 1916 3165 cuj
1925 3113 2091 3154 usmodi
2111 3117 2171 3154 est
2190 3115 2360 3165 veritas,

1333 3185 1433 3238 quia
1465 3187 1539 3225 aut
1568 3197 1655 3225 non
1681 3186 1911 3238 important
1939 3185 2214 3237 relationem,
2238 3188 2312 3227 aut
2330 3186 2365 3226 si

1333 3254 1584 3307 important,
1603 3253 1835 3306 important
1854 3253 2101 3294 relationem
2128 3267 2224 3308 quae
2245 3267 2364 3296 com—

1333 3325 1519 3366 muniter
1553 3325 1719 3378 respicit
1757 3325 2033 3366 substantiam
2063 3329 2104 3366 et
2138 3328 2230 3379 ejus
2262 3339 2365 3380 pro-

1332 3397 1544 3450 prietateS,
1566 3399 1613 3437 ut
1633 3400 1758 3450 puta,
1779 3408 1862 3439 esse
1891 3409 1918 3439 a
1935 3398 2030 3449 Deo,
2054 3399 2147 3439 ideo
2176 3411 2304 3452 supra
2321 3411 2366 3440 se

1334 3469 1626 3519 reflectuntur3
1648 3481 1735 3509 non
1749 3469 1807 3509 sie
1825 3470 1870 3508 in
1885 3470 2116 3523 proposito,
2139 3470 2240 3523 quia
2264 3482 2365 3523 pro-

1333 3543 1475 3584 ductio
1493 3543 1661 3596 respicit
1679 3555 1918 3597 personam.
