2570 3986
958 260 1255 304 ENCYCLICAE
1283 259 1534 302 LITTERAE.
2260 277 2302 304 ix

191 353 278 408 dio,
296 353 465 410 magnis
484 353 705 398 laboribus
719 358 760 397 et
773 353 936 412 vigiliis
953 352 1253 406 excoluerunt,
1270 355 1400 410 atque
1416 356 1644 408 ornarunt,
1663 367 1845 412 eamque
1860 353 2019 411 optime
2034 352 2299 411 dispositam,

191 445 427 505 multisque
443 446 580 490 modis
594 446 795 504 praeclare
810 445 1064 504 explicatam
1079 443 1259 502 posteris
1279 441 1551 486 tradiderunt
1570 458 1578 484 :
1603 446 1643 485 et
1660 441 1794 501 hujus
1808 442 1984 501 quidem
2002 447 2089 485 tam
2104 443 2303 486 salutaris

191 535 395 593 cognitio,
413 541 454 579 et
467 534 728 590 exercitatio,
747 550 845 594 quae
861 535 913 578 ab
925 533 1156 578 uberrimis
1171 533 1421 577 divinarum
1436 531 1716 586 Litterarum,
1735 546 2007 574 summorum
2023 531 2301 587 Pontificum,

190 629 436 668 sanctorum
455 624 661 679 Patruin,
685 629 726 666 et
745 623 1039 667 Conciliorum
1058 623 1250 666 fontibus
1270 622 1489 676 dimanat,
1512 635 1681 679 semper
1700 626 1812 664 certe
1841 621 2085 664 maximum
2108 620 2306 665 Ecclesiae

190 714 491 773 adjumentum
509 713 663 757 afferre
684 714 849 772 potuit,
871 713 962 757 sive
982 714 1035 757 ad
1062 713 1307 771 Scripturas
1328 711 1441 770 ipsas
1460 725 1560 753 vere
1584 715 1624 753 et
1644 726 1746 754 sane
1766 710 2088 768 intelligendaS,
2113 715 2153 754 et
2172 710 2306 755 inter-

189 803 438 863 pretandaS,
461 803 548 846 sive
568 803 621 846 ad
646 803 794 846 Patres
819 802 1010 846 securius
1031 807 1072 845 et
1091 802 1244 845 utilius
1263 800 1569 860 perlegendos,
1593 806 1633 844 et
1653 801 1951 860 explicandos,
1979 802 2068 846 sive
2089 802 2141 846 ad
2164 803 2309 847 varios

192 907 355 936 errores
370 926 381 948 ‚
404 897 444 935 et
464 892 643 936 haereses
665 892 945 949 detegendas,
967 897 1008 935 et
1032 891 1304 935 refellendas.
1340 890 1419 933 His
1437 905 1538 935 vero
1559 891 1807 935 novissimis
1825 891 2002 947 diebus,
2031 891 2192 951 quibus
2215 891 2306 950 jam

189 980 460 1026 advenerunt
480 986 672 1041 tempora
691 982 932 1041 periculosa
956 982 1009 1025 ab
1030 981 1237 1041 Apostolo
1259 980 1493 1039 descripta,
1520 984 1561 1023 et
1586 980 1783 1024 homines
1803 980 2075 1039 blasphemi,
2099 980 2305 1041 superbi,

149 1096 154 1099 ‚
189 1070 431 1115 seductores
449 1072 685 1131 proficiunt
710 1072 756 1115 in
777 1072 923 1131 pejus,
959 1077 1175 1127 errantes,
1208 1075 1249 1114 et
1272 1070 1378 1114 alios
1405 1070 1450 1113 in
1471 1085 1663 1114 errorem
1691 1069 1938 1125 mittentes,
1970 1085 2069 1114 sane
2089 1071 2307 1115 catholicae

189 1160 291 1204 fidei
311 1160 586 1218 dogmatibus
605 1161 935 1216 confirmandis,
965 1166 1006 1204 et
1030 1160 1266 1205 haeresibus
1284 1159 1559 1204 confutandis
1592 1159 1910 1218 pernecessaria
1929 1164 2005 1202 est.
2040 1160 2095 1203 Et
2121 1160 2309 1218 profecto

189 1264 280 1293 rem
310 1250 371 1293 ita
397 1265 439 1293 se
460 1250 618 1294 habere
650 1250 822 1309 ipsimet
850 1250 1043 1295 veritatis
1074 1250 1241 1293 inimici
1264 1254 1365 1292 sunt
1385 1249 1573 1308 judices,
1602 1248 1764 1308 quibus
1796 1248 2033 1306 Theologia
2060 1248 2310 1293 scholastica

189 1340 377 1383 maxime
397 1344 459 1383 est
487 1340 792 1396 formidolosa,
827 1341 905 1399 qui
926 1341 1116 1399 profecto
1142 1339 1421 1397 intelligunt,
1455 1344 1554 1398 apta
1574 1339 1651 1382 illa
1668 1374 1678 1394 ,
1713 1344 1754 1382 et
1775 1338 1889 1382 inter
1908 1354 1951 1382 se
1971 1354 2082 1382 nexa
2102 1354 2248 1382 rerum
2269 1344 2310 1383 et

187 1443 415 1473 causarum
431 1429 689 1477 cohaerentia
708 1429 784 1472 illo
799 1429 966 1483 ordine,
984 1436 1024 1472 et
1040 1429 1336 1488 dispositione,
1358 1434 1569 1488 tanquam
1591 1428 1781 1471 militum
1804 1428 1848 1471 in
1866 1429 2102 1486 pugnando
2123 1429 2309 1473 instruc-

188 1517 332 1574 tione,
367 1518 456 1562 illis
475 1518 676 1562 dilucidis
695 1517 1025 1562 definitionibus
1045 1522 1086 1561 et
1104 1516 1457 1561 distinctionibus
1474 1552 1484 1572 ,
1519 1517 1596 1560 illa
1623 1522 1983 1574 argumentorum
2004 1518 2232 1575 firmitate,
2270 1524 2310 1562 et

188 1608 447 1652 acutissimis
466 1608 832 1667 disputationibus
855 1608 997 1651 lucem
1022 1623 1046 1650 a
1068 1607 1281 1662 tenebris,
1306 1622 1460 1651 verum
1482 1622 1506 1650 a
1524 1607 1633 1650 falso
1653 1607 1894 1665 distingui,
1929 1623 2169 1667 eorumque
2191 1624 2310 1652 men—

189 1696 311 1741 dacia
332 1698 483 1741 multis
501 1698 730 1757 praestigiis
750 1702 790 1741 et
809 1698 991 1741 fallaciis
1010 1697 1232 1752 involuta,
1258 1702 1468 1756 tanquam
1489 1702 1604 1741 veste
1623 1697 1837 1752 detracta,
1868 1696 2087 1756 patefieri,
2110 1713 2157 1741 ac
2175 1698 2310 1742 denu-

190 1787 298 1831 dari.
313 1843 315 1845 ‚
333 1787 504 1840 Quanto
531 1787 667 1845 igitur
687 1788 825 1845 magis
851 1787 918 1830 illi
938 1787 1048 1830 hanc
1069 1786 1409 1830 munitissimam
1430 1786 1694 1830 scholastica}
1728 1787 1977 1844 Theologiae
1998 1803 2139 1831 arcem
2172 1804 2310 1848 oppu-

190 1893 322 1936 gnare
337 1912 348 1934 ,
372 1883 413 1922 et
432 1882 622 1922 evertere
640 1883 875 1933 conantur,
906 1883 1025 1921 tanto
1047 1877 1184 1934 magis
1212 1892 1290 1920 nos
1310 1876 1429 1919 decet
1461 1876 1541 1920 hoc
1567 1876 1780 1921 invictum
1803 1876 1904 1919 fidei
1930 1877 2310 1936 propugnaculum

190 1967 441 2024 defendere,
463 1973 504 2011 et
523 1967 819 2012 haereditatem
841 1973 1016 2026 patrum
1036 1972 1286 2011 nostrorum
1307 1981 1562 2010 conservare
1581 1971 1624 2009 et
1645 1966 1782 2022 tueri,
1806 1971 1847 2009 et
1867 1966 2099 2010 acerrimos
2119 1966 2312 2010 veritatis

190 2055 432 2100 defensores
451 2057 615 2100 meritis
638 2057 901 2114 honoribus,
923 2062 1140 2117 quantum
1162 2072 1410 2116 possumus,
1433 2055 1653 2099 decorare.
1684 2056 2007 2111 Quamobrem,
2031 2060 2079 2099 ut
2099 2055 2312 2115 seraphici

190 2146 384 2191 Doctoris
403 2147 590 2191 eruditio
611 2148 664 2191 ad
686 2148 928 2192 multorum
948 2147 1182 2191 utilitatem
1201 2147 1332 2190 latius
1353 2146 1642 2202 diffundatur,
1666 2151 1707 2190 et
1727 2161 1779 2189 ex
1797 2146 1889 2205 ejus
1908 2146 2032 2189 libris
2051 2151 2092 2189 et
2110 2146 2312 2204 operibus

192 2237 311 2280 erudi
322 2237 351 2280 ti
370 2242 411 2280 et
429 2237 611 2281 studiosi
627 2237 711 2282 viri
732 2237 989 2297 copiosiores
1003 2272 1014 2293 ,
1037 2236 1347 2296 suavioresque
1368 2236 1413 2279 in
1435 2236 1525 2280 dies
1545 2236 1712 2279 fructus
1732 2236 1929 2296 capiant,
1960 2235 2078 2295 quod
2097 2235 2151 2279 ad
2177 2234 2314 2294 ipsius

192 2326 366 2383 Sancti,
402 2342 656 2386 quanquam
687 2326 734 2370 in
754 2327 862 2371 coelo
888 2326 1154 2381 beatissimi,
1190 2326 1376 2384 gloriam
1404 2326 1598 2385 aliquam
1630 2326 1768 2370 facere
1792 2342 1882 2370 non
1904 2330 1967 2369 est
1991 2325 2284 2369 dubitandum
2300 2361 2310 2381 ,

192 2417 384 2477 primum
415 2417 592 2476 quidem
634 2417 682 2460 in
711 2417 826 2460 alma
864 2416 982 2460 Urbe
1014 2421 1161 2460 nostra
1202 2416 1249 2459 in
1282 2416 1361 2460 hac
1397 2416 1581 2460 Basilica
1622 2416 1702 2460 SS.
1737 2415 1967 2460 duodecim
2003 2416 2314 2476 Apostolorum

193 2505 239 2550 S.
264 2507 584 2551 Bonaventurae
607 2506 851 2564 Collegium
872 2507 1141 2550 instituimus
1156 2541 1168 2563 ,
1202 2507 1248 2550 in
1270 2522 1358 2566 quo
1392 2522 1445 2550 ex
1469 2507 1603 2566 hujus
1630 2507 1847 2566 praecipue
1869 2506 2047 2563 eximii,
2082 2505 2314 2566 devotique

191 2595 385 2640 Doctoris
415 2596 644 2655 operibuS,
677 2601 718 2640 et
743 2597 1065 2641 commentariis
1090 2612 1208 2640 sacra
1235 2596 1474 2654 Theologia
1504 2596 1678 2655 publice
1705 2596 1974 2655 explicetur:
2004 2595 2158 2640 deinde
2184 2596 2314 2639 etiam

192 2701 322 2746 opera
339 2686 458 2730 illius
476 2686 638 2742 omnia,
655 2702 753 2745 quse
774 2686 964 2731 inveniri
984 2691 1221 2746 potuerunt
1241 2686 1400 2746 partim
1423 2686 1620 2729 nondum
1641 2686 1773 2742 edita,
1796 2691 2029 2745 nostraque
2044 2684 2313 2741 auctoritate,

192 2782 234 2821 et
255 2776 462 2837 impensis
492 2776 688 2836 undique
707 2776 974 2836 conquisita,
1006 2777 1164 2836 partim
1192 2776 1284 2835 jam
1320 2776 1525 2833 evulgata
1553 2775 1687 2819 simul
1717 2775 1863 2819 omnia
1888 2774 2056 2818 decenti
2081 2774 2247 2830 forma,
2275 2779 2318 2818 et

193 2881 324 2925 quam
344 2865 689 2910 emendatissime
709 2865 932 2925 imprimi,
963 2871 1005 2910 et
1027 2882 1048 2910 e
1068 2866 1358 2926 typographia
1381 2871 1529 2910 nostra
1554 2866 1766 2911 Vaticana
1798 2866 1845 2909 in
1868 2866 2010 2910 lucem
2031 2865 2170 2908 emitti
2190 2878 2316 2908 cura-

194 2969 307 2999 mus.
337 2954 463 3008 Quod
479 2960 625 2998 autem
645 2955 698 2998 ab
718 2955 810 3014 ipso
831 2955 1117 3000 Pontificatus
1137 2956 1271 3000 nostri
1306 2956 1432 3000 initio
1451 2991 1462 3012 ,
1496 2956 1609 3012 Deo,
1632 2960 1682 2999 ut
1700 2956 1770 3015 pie
1789 2954 2021 3010 credimus,
2048 2954 2311 3013 inspirante,

195 3049 438 3089 constanter
461 3044 791 3104 proposuimus,
826 3045 962 3088 sancti
989 3045 1124 3105 hujus
1148 3046 1344 3090 Doctoris
1369 3061 1530 3090 nomen
1561 3051 1604 3090 et
1634 3045 1789 3089 merita
1813 3044 2003 3102 gloriosa
2027 3044 2144 3103 apud
2167 3058 2317 3088 omnes

196 3149 274 3194 pro
292 3134 461 3179 viribus
479 3134 716 3190 celebrare,
740 3134 1026 3195 fideliumque
1047 3151 1149 3193 erga
1168 3151 1269 3180 eum
1288 3136 1613 3180 venerationem
1633 3149 1814 3193 augere,
1836 3138 1878 3179 et
1897 3133 2164 3193 amplificare
2179 3169 2191 3191 ,
2213 3148 2316 3178 sane

197 3223 250 3268 ad
269 3223 314 3268 id
338 3239 513 3284 quoque
537 3239 627 3268 non
652 3223 925 3268 mediocriter
956 3224 1129 3268 excitati
1148 3240 1300 3269 sumus
1331 3226 1529 3286 exemplo
1555 3230 1712 3269 sanctae
1739 3224 1961 3268 memoriae
1992 3223 2063 3267 Pii
2092 3223 2231 3283 Papae·
2248 3222 2313 3279 V,

197 3313 515 3371 praedecessoris
531 3313 667 3358 nostri
687 3313 739 3356 de
760 3312 993 3357 christiana
1011 3314 1252 3373 Republica
1272 3316 1434 3375 optime
1454 3315 1623 3372 meriti,
1646 3320 1688 3359 et
1708 3330 1840 3375 quem
1859 3319 1909 3358 ut
1927 3319 2150 3374 parentem
2172 3313 2315 3358 adhuc

198 3416 447 3446 reveremur
472 3408 513 3446 et
536 3402 733 3446 colimus.
761 3402 802 3445 Is
822 3403 939 3447 enim
965 3404 1167 3461 religiosa
1186 3404 1343 3463 pietate
1359 3439 1370 3461 ,
1403 3409 1444 3447 et
1467 3404 1682 3462 singulari
1700 3404 1931 3449 devotione
1951 3408 2199 3462 permotus,
2227 3418 2315 3462 qua

198 3490 466 3536 afficiebatur
485 3507 587 3550 erga
610 3492 658 3536 S.
682 3492 896 3537 Thomam
919 3493 971 3538 de
994 3493 1174 3554 Aquino
1203 3491 1368 3537 ordinis
1386 3491 1455 3536 sui
1479 3491 1630 3548 decus,
1661 3496 1703 3535 et
1729 3490 1927 3535 Ecclesiae
1946 3488 2164 3533 catholicae
2188 3503 2315 3533 orna-

200 3586 422 3638 mentum,
448 3582 625 3640 cupiens
653 3581 804 3627 eodem
824 3582 953 3628 modo
972 3583 1176 3629 eumdem
1203 3582 1414 3628 Sanctum
1445 3580 1500 3626 ob
1519 3580 1614 3640 ejus
1634 3578 1985 3641 praestantissima
2007 3577 2054 3622 in
2079 3577 2312 3624 Ecclesiam
