2613 3990
255 245 332 281 440

255 328 441 382 opinari,
473 326 541 366 vel
563 328 699 378 potest
723 336 813 365 esse
833 323 943 363 circa
965 335 1012 363 ea
1042 334 1139 375 quee
1163 334 1281 374 spec-

256 403 345 441 tant
362 399 413 440 ad
435 397 671 438 doctrinam
696 394 937 435 christianae
959 393 1191 444 religionis,
1214 392 1282 433 vel

257 472 365 513 circa
384 482 433 511 ea
452 480 550 522 quae
570 469 758 520 spectant
783 465 834 505 ad
865 464 1101 505 doctrinam
1124 464 1282 504 huma-

257 554 324 583 nae
343 539 632 594 inquisitionis
653 553 662 578 ε
684 537 794 577 circa
815 548 863 576 ea
885 548 984 588 qnae
1015 538 1203 589 spectant
1232 536 1285 576 ad

257 613 491 654 doctrinam
522 612 725 651 humana}
753 607 1037 660 inquisitionis
1064 608 1159 647 licet
1184 619 1284 648 con-

259 685 388 725 traria
415 683 577 736 opinari
598 684 638 722 et
658 691 843 720 asserere
860 711 870 729 ,
895 679 997 731 quia
1026 679 1096 719 illa
1115 690 1202 718 non
1222 678 1286 718 fa-

259 757 375 798 ciunt
398 755 448 795 ad
468 754 649 794 salutem
667 767 676 802 ;
697 763 882 792 asserere
906 753 1050 791 autem
1079 750 1289 790 contraria

260 828 304 868 in
321 827 386 866 his
399 837 494 878 quae
523 826 712 877 spectant
734 823 786 863 ad
804 822 1038 863 doctrinam
1052 821 1287 873 religionis,

261 896 611 949 distinguendum
640 897 715 935 est.
746 893 853 934 Nam
884 893 1081 946 qucedam
1113 898 1212 932 sunt
1239 893 1290 933 de

262 969 506 1011 necessitate
547 966 644 1007 fidei
663 981 672 1015 ;
714 965 911 1018 quaedam
955 964 1006 1004 de
1047 964 1292 1005 necessitate

263 1041 493 1093 Scripturae
517 1053 526 1088 ;
559 1037 757 1090 quaedam
787 1039 888 1076 sunt
918 1035 987 1076 his
1022 1047 1216 1085 annexa,
1246 1038 1294 1076 ut

264 1115 363 1154 sunt
391 1122 488 1164 quae
508 1110 668 1150 faciunt
694 1109 746 1149 ad
772 1107 870 1148 fidei
900 1107 1226 1160 explicationem
1255 1110 1295 1147 et

267 1184 494 1236 Scriptura}
514 1180 835 1233 expositionem.
858 1178 975 1219 Circa
995 1191 1044 1219 ea
1070 1190 1167 1231 quae
1197 1182 1297 1219 sunt

266 1257 316 1297 de
337 1253 581 1295 necessitate
596 1252 709 1301 fidei,
731 1251 895 1304 opinari
915 1250 1124 1291 contraria
1140 1250 1298 1303 simpli-

269 1327 370 1368 citer
390 1329 451 1367 est
469 1327 690 1378 peccatum
708 1323 753 1363 in
773 1322 904 1363 altero
918 1354 928 1370 ,
949 1321 1101 1362 scilicet
1120 1322 1193 1375 qui
1221 1322 1299 1361 fai-

270 1411 368 1440 sum
388 1397 612 1451 opinatur3
636 1398 696 1446 et,
719 1394 754 1434 si
779 1394 830 1434 sit
851 1393 1033 1446 simplex
1055 1393 1217 1446 opinio,
1240 1395 1301 1434 θεῖ

271 1471 490 1523 peccatum
519 1467 697 1517 erroris;
721 1466 754 1506 si
785 1468 928 1506 autem
950 1464 1123 1505 assertio
1153 1467 1193 1505 et
1225 1464 1301 1505 de—

271 1542 425 1592 fensio,
457 1553 545 1581 non
578 1542 745 1580 tantum
776 1549 908 1586 error,
931 1537 1003 1577 sed
1036 1536 1211 1577 haeresis
1239 1536 1301 1576 di-

274 1613 404 1654 cenda
424 1615 499 1653 est.
522 1611 571 1652 In
589 1611 655 1651 his
674 1613 817 1651 autem
837 1620 933 1662 quae
951 1611 1052 1649 sunt
1071 1608 1120 1648 de
1140 1608 1305 1649 certitu—

274 1686 370 1726 dine
401 1683 656 1736 Scripturae,
675 1683 923 1734 ignorantes
948 1680 1184 1733 Scripturas
1209 1680 1306 1720 licet

275 1755 482 1798 contrarie
509 1754 694 1807 opinari,
714 1766 793 1794 nec
812 1755 873 1793 θεῖ
893 1753 1037 1805 culpa,
1061 1755 1110 1792 ut
1136 1752 1171 1791 si
1193 1764 1306 1793 unus

276 1827 456 1881 simplex
475 1827 605 1867 homo
625 1826 765 1866 credat
794 1824 906 1877 quod
933 1823 1061 1864 Jacob
1091 1824 1171 1864 fuit
1190 1826 1308 1877 pater

279 1900 414 1950 Isaac,
438 1899 542 1939 alter
561 1910 669 1947 non,
692 1897 763 1938 sed
782 1909 804 1937 e
824 1908 1027 1937 converso
1049 1910 1058 1936 ε
1087 1899 1128 1936 θῖ
1145 1896 1310 1949 primus

279 1971 478 2024 quidem,
512 1969 608 2010 licet
641 1968 878 2022 suspicetur
907 1967 977 2009 vel
1007 1967 1206 2020 opinetur
1237 1967 1311 2008 fal-

281 2055 394 2092 sum,
416 2045 560 2083 tamen
578 2053 666 2082 non
679 2044 836 2094 peccat,
858 2039 959 2093 quia
979 2039 1150 2091 ignorat
1169 2038 1312 2092 Scrip-

281 2119 439 2156 turam.
462 2113 618 2155 Scienti
635 2115 777 2153 autem
797 2111 1060 2164 Scripturam
1080 2123 1167 2152 non
1189 2112 1310 2162 licet;

284 2188 418 2227 immo
438 2189 595 2238 peccat,
617 2184 651 2224 si
671 2184 916 2236 simpliciter
936 2183 1160 2235 opinetur,
1180 2183 1214 2223 si
1235 2196 1312 2224 au-

285 2262 371 2300 tem
415 2257 630 2307 defendat,
668 2255 895 2296 haereticus
934 2257 996 2295 est
1032 2255 1312 2307 judicandus,

286 2330 489 2383 quoniam
509 2327 755 2369 contradicit
769 2325 999 2379 Scripturas
1019 2338 1162 2366 sacrae.
1185 2326 1232 2366 In
1249 2327 1315 2366 his

285 2405 429 2442 autem
446 2412 543 2454 quae
567 2402 666 2441 sunt
679 2411 846 2440 annexa
865 2398 963 2439 fidei
980 2398 1047 2438 vel
1067 2396 1312 2450 Scripturae,

285 2475 359 2513 aut
377 2485 464 2513 una
484 2471 625 2525 opinio
646 2470 838 2523 sequitur
856 2469 908 2510 ad
932 2469 1060 2510 fidem
1085 2469 1154 2509 vel
1174 2468 1314 2522 Scrip-

284 2547 450 2595 turam,
477 2548 518 2585 et
540 2543 593 2583 ad
619 2542 795 2582 alteram
824 2541 1016 2594 sequitur
1045 2541 1285 2594 oppositum
1303 2574 1313 2591 ,

285 2620 326 2656 et
341 2619 444 2656 tunc
463 2615 688 2656 dicendum
708 2614 823 2666 quod
840 2616 936 2654 ante
954 2614 1315 2666 percontationem

286 2688 381 2728 licet
400 2686 607 2728 contrarie
628 2686 809 2739 opinari,
831 2685 902 2725 sed
919 2688 1012 2737 post
1029 2686 1316 2738 percontatio-

286 2774 385 2802 nem
405 2774 493 2802 non
511 2761 620 2812 licet,
645 2761 776 2801 immo
796 2763 1016 2813 peccatum
1036 2763 1117 2809 est,
1140 2760 1249 2800 sicut
1271 2760 1315 2800 in

289 2833 354 2873 his
372 2844 468 2886 quae
482 2832 759 2873 determinata
775 2834 875 2872 sunt
888 2843 962 2884 per
981 2831 1108 2872 fidem
1125 2835 1165 2872 θῖ
1180 2831 1317 2884 Scrip-

288 2908 444 2955 turam,
459 2905 565 2944 sicut
583 2904 664 2944 fuit
683 2903 733 2944 de
753 2902 950 2956 opinione
971 2901 1190 2943 Porretani
1205 2903 1316 2944 circa

289 2975 607 3028 proprietates¹.
642 2975 810 3015 Dicebat
841 2974 955 3014 enim
987 2973 1079 3013 illas
1110 2986 1196 3014 non
1228 2987 1317 3015 esse

289 3045 422 3086 Deum
436 3076 446 3095 ,
481 3048 521 3084 et
551 3045 604 3085 ad
634 3045 714 3085 hoc
751 3043 1022 3096 consequitur
1057 3044 1317 3084 contrarium

288 3117 386 3157 fidei
409 3131 418 3156 ε
439 3128 538 3156 cum
568 3117 681 3157 enim
710 3116 893 3157 Ecclesia
917 3115 1062 3155 adoret
1088 3115 1318 3168 proprieta-

288 3191 390 3239 tem,
414 3191 517 3229 tunc
535 3189 729 3230 adoraret
746 3201 833 3230 non
859 3188 1008 3238 Deum,
1037 3190 1078 3228 et
1101 3200 1188 3228 non
1208 3187 1318 3228 Deus

290 3264 398 3302 esset
423 3261 676 3302 adorandus.
700 3261 832 3312 Unde,
854 3264 1083 3314 postquam
1101 3264 1318 3301 ostensum

291 3336 353 3373 est
368 3332 447 3373 sibi
468 3333 796 3383 inconveniens;
819 3333 900 3373 nisi
916 3335 1177 3373 retractasset
1196 3344 1318 3373 erro-

291 3417 406 3456 rem,
440 3404 584 3446 fuisset
611 3404 663 3445 ab
693 3404 876 3445 Ecclesia
906 3405 1130 3446 haereticus
1155 3404 1319 3458 Judica-

336 3512 346 3532 ¹
360 3512 467 3553 infra,
488 3512 566 3544 dist.
582 3519 718 3554 xxxin,
739 3514 801 3545 art.
825 3515 862 3554 1,
883 3521 915 3553 q.
934 3520 957 3544 1.
976 3529 1017 3535 —
1034 3512 1048 3534 2
1062 3513 1177 3553 Rern„
1207 3513 1317 3545 Ser-m.

294 3565 385 3591 LXXX
405 3560 439 3591 in
459 3560 555 3593 Cant.

1013 231 1425 275 SENTENTIARUM
1453 231 1551 273 LlB.
1582 232 1614 272 l.

1356 323 1424 361 tus
1455 335 1464 362 ε
1499 322 1570 361 sed
1598 321 1678 362 hoc
1709 321 1948 362 retractavit
1979 322 2026 362 in
2059 323 2233 364 concilio
2265 324 2378 365 Rhe-

1358 393 1508 444 mensi,
1525 396 1573 433 ut
1587 393 1685 433 dicit
1698 392 1971 433 Bernardus²z
1994 409 2013 431 «
2028 393 2075 433 In
2089 393 2156 434 his
2169 406 2265 447 quae
2282 398 2381 436 sunt

1358 477 1526 505 annexa
1545 465 1658 513 fidei,
1680 469 1720 506 et
1741 477 1826 505 non
1844 469 2081 517 sequuntur
2112 478 2190 506 nec
2222 478 2382 519 repug-

1360 538 1463 575 nant
1490 536 1548 582 ei,
1572 536 1671 588 quia
1690 536 1816 576 dubia
1835 538 1958 585 sunt,
1979 535 2076 577 licet
2095 536 2258 590 opinari
2278 550 2287 588 ;
2312 538 2383 578 sed

1360 618 1444 647 non
1464 607 1560 647 licet
1578 619 1762 647 asserere
1777 607 1957 647 dubium
1978 607 2087 647 circa
2108 606 2238 648 Deum
2257 622 2264 648 :
2283 608 2386 661 quia

1362 676 1525 729 opinari
1545 680 1607 718 est
1625 678 1800 719 rationis
1821 678 2093 728 cont'erentis;
2111 678 2183 719 sed
2202 690 2386 719 asserere

1363 748 1542 789 dubium
1565 749 1674 789 circa
1699 749 1844 799 Deum,
1868 753 1929 790 est
1942 749 2119 790 rationis
2141 751 2389 803 superbien-

1364 820 1432 860 tis.
1452 834 1471 857 ›)
1496 820 1820 862 Concedendum
1842 833 1945 873 ergo
1967 821 2081 874 quod
2101 823 2279 874 uterque
2304 823 2390 875 opi-

1366 903 1495 942 nans,
1518 892 1552 932 si
1570 895 1752 941 asserat,
1779 897 1943 946 peccat,
1964 905 2049 932 non
2075 896 2246 946 propter
2274 906 2392 934 erro-

1367 975 1472 1013 rem,
1488 963 1557 1003 sed
1569 966 1738 1016 propter
1753 965 2132 1017 praesumptionem
2145 979 2154 1014 3
2169 967 2208 1005 et
2225 964 2281 1004 sic
2293 977 2393 1006 con-

1368 1034 1604 1075 cedendum
1619 1035 1733 1087 quod
1747 1035 1843 1075 licet
1861 1036 1917 1074 ibi
1933 1036 2192 1075 contrarium
2213 1036 2392 1088 opinari.

1423 1108 1462 1145 «1.
1482 1105 1546 1145 Ad
1566 1105 1668 1146 illud
1697 1105 1810 1158 quod
1835 1106 2050 1157 objicitur,
2074 1107 2188 1159 quod
2220 1107 2396 1147 menda-

1371 1176 1486 1216 cium
1504 1176 1550 1216 in
1569 1176 1796 1216 christiana
1812 1176 2033 1228 religione,
2053 1181 2148 1227 etc.;
2171 1177 2396 1218 dicendum

1372 1247 1485 1299 quod
1505 1259 1593 1287 non
1611 1250 1671 1287 est
1692 1247 1977 1296 mendacium,
2000 1248 2101 1300 quia
2119 1251 2270 1289 neuter
2300 1249 2399 1289 dicit

1373 1321 1519 1359 contra
1539 1319 1831 1359 credulitatem
1853 1319 1897 1358 in
1917 1319 2144 1359 christiana
2168 1320 2396 1372 religione,

1375 1390 1474 1443 quia
1490 1402 1578 1430 non
1598 1393 1659 1430 est
1676 1391 1727 1431 de
1747 1390 1991 1430 necessitate
2009 1390 2107 1431 fidei
2127 1391 2194 1431 vel
2212 1403 2396 1432 morum.

1429 1465 1467 1502 2.
1490 1462 1553 1502 Ad
1573 1462 1675 1503 illud
1696 1463 1809 1515 quod
1829 1462 2040 1514 objicitur,
2062 1462 2175 1514 quod
2196 1474 2313 1503 error
2333 1463 2402 1504 ille

1376 1537 1437 1574 est
1458 1533 1741 1586 periculosus;
1765 1533 1992 1574 dicendum
2013 1533 2125 1586 quod
2145 1546 2297 1575 verum
2318 1539 2400 1585 est,

1376 1605 1423 1646 in
1447 1608 1658 1658 quantum
1679 1608 1739 1645 est
1761 1605 1998 1646 contrarius
2015 1605 2113 1646 fidei
2142 1620 2150 1645 :
2180 1605 2250 1646 sed
2283 1605 2316 1645 si
2345 1609 2406 1646 θεῖ

1379 1677 1429 1718 de
1454 1677 1520 1717 his
1548 1689 1644 1730 quae
1663 1689 1749 1717 non
1775 1679 1964 1729 spectant
1991 1676 2043 1716 ad
2064 1676 2190 1717 fidem
2205 1708 2214 1725 ,
2239 1689 2327 1718 non
2345 1680 2408 1718 θεῖ

1379 1760 1548 1789 verum.

1436 1823 1474 1860 3.
1501 1820 1566 1861 Ad
1599 1820 1703 1861 illud
1736 1819 1848 1873 quod
1880 1819 2092 1872 objicitur,
2124 1820 2235 1873 quod
2267 1823 2411 1872 peccat

1383 1892 1458 1945 qui
1487 1891 1585 1932 dicit
1615 1891 1747 1932 Deum
1766 1903 1853 1932 non
1882 1903 1970 1931 esse
1991 1891 2104 1944 quod
2124 1894 2206 1941 est,
2228 1893 2324 1941 etc.;
2345 1891 2409 1931 di-

1385 1963 1567 2004 cendum
1596 1964 1709 2016 quod
1733 1963 1839 2003 illud
1857 1975 2012 2004 verum
2031 1966 2114 2014 est,
2138 1963 2172 2002 si
2192 1963 2245 2002 sit
2274 1963 2411 2003 deter-

1386 2031 1597 2073 minatum
1628 2045 1701 2085 per
1729 2032 1855 2072 fidem
1888 2032 1956 2072 vel
1982 2030 2241 2084 Scripturam
2262 2046 2270 2071 z
2294 2031 2413 2071 aliter

1386 2115 1473 2144 non
1491 2105 1645 2156 peccat,
1667 2103 1748 2143 nisi
1767 2106 1938 2152 asserat,
1960 2103 2029 2143 vel
2047 2102 2255 2144 defendat.

1441 2179 1480 2216 4.
1512 2176 1633 2225 Quod
1663 2176 1813 2216 ultimo
1845 2176 2066 2229 objicitur,
2098 2175 2414 2216 concedendum

1388 2250 1449 2287 est
1472 2262 1480 2288 :
1504 2260 1604 2288 nam
1625 2248 1698 2300 qui
1718 2248 1889 2301 propria
1907 2247 2156 2288 auctoritate
2177 2247 2228 2287 de
2252 2246 2334 2287 Deo
2354 2260 2417 2287 as-

1388 2320 1488 2359 serit
1518 2319 1586 2360 vel
1619 2319 1803 2359 affirmat
1835 2319 1949 2371 quod
1981 2330 2060 2358 nec
2092 2318 2308 2371 Scriptura
2339 2331 2417 2358 nec

1389 2391 1492 2431 fides
1522 2391 1638 2440 dicit,
1661 2404 1739 2432 nec
1763 2391 1814 2431 ad
1847 2391 1918 2431 illa
1940 2391 2151 2444 sequitur,
2173 2403 2417 2444 praesump-

1388 2466 1538 2503 tuosus
1558 2466 1617 2503 est
1628 2463 1897 2516 judicandus,
1919 2462 2084 2503 etiamsi
2104 2474 2258 2503 verum
2277 2461 2414 2501 dicat:

1389 2537 1429 2575 et
1448 2535 1483 2574 si
1502 2535 1665 2575 dubitet
1683 2535 1804 2576 corde
1816 2567 1825 2584 ,
1848 2538 1889 2575 et
1908 2535 2089 2574 affirmet
2107 2546 2178 2574 ore
2191 2565 2201 2582 ,
2234 2533 2418 2574 mendax

1389 2610 1476 2657 est;
1499 2607 1533 2647 si
1552 2610 1731 2660 utroque
1752 2607 1877 2648 modo
1898 2607 2066 2658 asserit,
2090 2606 2298 2659 superbus
2314 2609 2389 2646 θεῖ.

1777 2774 1927 2822 PART.
1961 2773 2012 2825 Π.

1388 2901 1438 2929 DE
1480 2898 1816 2928 FROPRIETATIBUS
1868 2896 2133 2926 PERSONARUM
2156 2915 2166 2933 5
2206 2896 2417 2925 SECUNDUM

1443 2966 1547 3000 QUOD
1573 2964 1757 2993 DIVERSIS
1778 2964 1997 2992 NOMINIBUS
2018 2962 2311 2991 EXPRIMUNTUR
2338 2964 2414 2991 PER

1442 3031 1650 3060 VOCABULA
1678 3030 1803 3058 MINUS
1831 3029 2016 3058 USITATA.

1646 3159 1918 3202 EXPOSITIO
1948 3156 2164 3199 TEXTUS.

1393 3265 1454 3296 Hic
1478 3272 1549 3295 nou
1569 3264 1619 3295 cst
1644 3261 1973 3304 praetermittendum
2000 3260 2110 3301 quod,
2141 3260 2227 3292 sicut
2258 3261 2357 3292 Pater
2386 3262 2418 3292 et

1799 3309 1917 3350 Filius,
1941 3311 2006 3340 etc.

1447 3398 1585 3451 Supra
1603 3397 1691 3449 egit
1707 3396 1904 3449 Magister
1919 3395 1968 3436 de
1982 3394 2310 3447 proprietatibus
2326 3406 2419 3447 per-

1393 3472 1622 3520 senatibus,
1643 3470 1876 3512 secundum
1896 3468 2009 3521 quod
2021 3468 2323 3522 exprimuntur
2341 3480 2417 3521 per

1393 3543 1575 3594 nomina,
1598 3542 1737 3595 magis
1755 3541 1927 3590 usitata3
1949 3539 2019 3580 hic
2047 3540 2138 3593 agit
2156 3539 2340 3581 secundo
2367 3539 2417 3580 de

2457 3414 2574 3442 Divisio.
