2613 3990
1096 248 1384 291 DISTINCTIO
1416 248 1481 290 IX.

225 343 340 384 aliud
370 342 606 394 significat,
636 354 732 383 cum
758 342 879 383 dico:
908 340 1024 380 «Iste
1054 342 1116 380 051
1145 338 1252 379 alius

225 416 276 456 ab
294 415 365 455 1110
381 429 390 463 ;
409 429 428 452 1)
452 417 492 454 01
518 414 632 461 aliud
652 427 750 455 cum
782 414 873 453 dico
897 426 905 452 ε
936 426 954 449 1(
974 411 1044 451 Ε51
1065 411 1201 460 aliud,
1222 425 1241 447 1)

225 490 265 528 01.
283 499 420 527 00001
446 487 636 540 sequitur
661 486 712 526 ad
731 485 864 534 aliud3
893 496 977 523 11011
997 482 1246 523 510111111νί-

224 558 290 597 nis
312 572 321 598 t
343 560 383 598 et
401 570 486 599 uon
506 561 567 598 est
587 557 720 597 simile
747 556 796 596 de
827 555 921 595 albo
939 587 949 604 ,
973 554 1072 607 quia
1101 554 1245 593 album

225 629 459 683 imponitur
478 643 502 670 a
520 631 654 670 forma
673 627 858 680 speciali,
880 638 975 680 quae
1004 628 1063 666 est
1084 625 1243 666 albedo.

644 751 734 779 DUB.
766 749 811 778 11.

364 829 550 862 Coaeternae
568 827 658 860 enim
675 830 753 859 sunt
772 827 835 858 sibi
854 829 921 858 tres
940 835 1106 867 personae.

277 912 450 953 Videtur
465 912 544 952 hoc
561 911 729 959 falsum,
755 911 870 963 quia,
895 910 930 950 si
952 913 1188 959 coaeternae,
1207 912 1247 949 et

224 988 394 1026 aeternae
417 999 425 1025 :
446 996 549 1036 ergo
577 986 661 1024 tres
683 983 829 1024 aeterni
852 997 859 1023 :
883 983 996 1035 quod
1016 985 1076 1023 est
1102 986 1247 1023 contra

224 1056 487 1110 Symbolum,
506 1056 579 1097 ubi
598 1056 750 1096 dicitur
771 1070 779 1096 :
802 1071 820 1094 <‹
833 1054 926 1096 Non
944 1058 1027 1096 tres
1045 1056 1239 1095 0010101.»

223 1128 273 1168 Et
293 1128 448 1168 iterum
480 1131 623 1168 contra
643 1128 874 1177 rationem,
909 1128 1010 1180 quia
1038 1140 1246 1168 numerus

222 1200 394 1253 pluralis
413 1200 666 1252 multiplicat
684 1200 879 1240 formam.
902 1199 1019 1240 Unde
1043 1212 1130 1240 11011
1147 1212 1246 1241 vere

223 1270 377 1312 dicitur
395 1286 402 1312 :
431 1287 448 1310 (ι
468 1270 569 1312 Tres
586 1274 685 1312 sunt
703 1271 780 1311 Dii.
806 1287 824 1308 »

275 1344 396 1397 Resp.
434 1345 665 1386 Dicendum
688 1378 698 1396 ,
738 1345 849 1398 quod
882 1357 1039 1385 nomen
1076 1345 1245 1397 signifi-

222 1428 320 1456 cans
335 1414 615 1457 substantiam
633 1417 679 1457 in
698 1417 852 1457 divinis
870 1417 1078 1470 reperitur
1093 1428 1244 1457 secun-

221 1488 325 1528 dum
355 1487 564 1541 triplicem
596 1489 786 1529 modum.
815 1487 1017 1538 Quaedam
1044 1487 1159 1528 enim
1189 1487 1245 1527 si-

222 1560 427 1612 gnificant
446 1561 725 1602 substantiam
739 1593 749 1610 ,
772 1563 812 1602 et
834 1573 909 1614 per
939 1560 1116 1600 modum
1143 1559 1245 1599 sub-

221 1633 385 1674 stantiae
402 1666 412 1684 ,
444 1636 493 1674 ut
511 1645 669 1674 nomen
693 1633 1004 1674 substantivum
1023 1663 1033 1682 ,
1056 1634 1104 1671 ut
1122 1632 1243 1680 DeuS,

221 1705 262 1742 01
288 1704 370 1744 tale
387 1704 505 1745 nullo
525 1705 649 1745 modo
675 1704 942 1757 plurificatur
963 1715 972 1742 :
995 1714 1072 1742 1100
1094 1701 1246 1742 11101101

220 1774 460 1827 pluraliter,
483 1776 570 1816 sive
591 1776 644 1816 sit
666 1775 977 1816 substantivum
995 1806 1004 1822 ,
1032 1773 1120 1813 sive
1141 1772 1245 1812 sub-

221 1847 498 1888 stantivatum
529 1860 537 1888 :
569 1850 609 1888 01
638 1847 718 1888 boc
747 1859 904 1887 nomen
922 1879 931 1895 ,
960 1850 1167 1895 aecermts,
1189 1844 1247 1885 510

221 1918 423 1971 accipitur
452 1919 498 1959 10
530 1919 745 1972 Symbolo.
775 1918 978 1968 Quaedam
1006 1917 1247 1968 significant

221 1990 499 2030 substantiam
531 2003 606 2043 per
641 1991 817 2031 modum
847 1990 1111 2042 adJ'acentiae,
1139 1988 1248 2028 sicut

219 2061 393 2101 nomina
421 2062 626 2115 adJectiva
665 2062 869 2115 adjective
905 2065 1020 2102 tenta
1046 2076 1053 2101 :
1078 2063 1118 2101 01
1149 2059 1248 2099 talia

219 2145 316 2186 quae
351 2134 526 2174 trahunt
553 2147 784 2175 numerum
806 2147 830 2175 a
856 2133 1126 2174 substantivis
1144 2164 1153 2182 ,
1183 2132 1246 2172 di-

220 2208 371 2246 cuntur
386 2206 603 2259 pluraliter
624 2222 632 2247 :
655 2209 695 2247 et
716 2207 767 2248 de
790 2218 945 2259 genere
977 2205 1129 2245 talium
1148 2206 1245 2244 sunt

219 2277 349 2317 verba
360 2280 401 2317 et
414 2278 643 2331 participia.
659 2278 753 2318 Alia
764 2281 864 2318 sunt
874 2278 1049 2317 nomina
1061 2289 1157 2330 quae
1170 2276 1248 2316 1111-

220 2351 387 2400 portant
403 2349 681 2390 substantiam
695 2350 738 2389 in
755 2349 988 2407 adJaicentia
1001 2349 1071 2400 (α),
1086 2360 1245 2387 conno-

220 2420 348 2460 tando
366 2420 475 2461 intra
497 2421 742 2461 relationem
758 2424 967 2470 mutuam,
986 2420 1127 2472 qualia
1147 2422 1248 2459 sunt

220 2493 416 2534 cooeterm·
433 2505 448 2531 .·
469 2497 510 2532 et
528 2492 627 2532 talia
661 2504 714 2532 ex
746 2492 901 2545 duplici
921 2504 1046 2532 causa
1070 2495 1247 2543 possunt

221 2563 300 2603 dici
324 2563 565 2617 pluraliter,
587 2566 680 2605 tum
704 2564 866 2604 ratione
904 2563 1244 2616 significationis,

220 2634 309 2675 sive
340 2635 453 2676 modi
484 2636 765 2688 significandi,
791 2639 883 2676 tum
903 2636 1064 2676 ratione
1085 2646 1248 2675 001100-

220 2706 387 2747 tationis
413 2721 420 2747 :
450 2709 491 2747 et
518 2707 576 2747 sic
596 2710 708 2760 patet
730 2707 843 2760 quod
863 2707 979 2747 nulla
999 2711 1060 2747 est
1078 2709 1246 2747 contra-

221 2777 358 2819 dictio.
389 2777 508 2828 Quod
535 2781 679 2819 autem
705 2778 918 2831 objicitur,
938 2778 1052 2831 quod
1074 2779 1247 2830 pluralis

221 2861 426 2890 numerus
470 2849 681 2903 plurificat
726 2850 906 2890 formam
935 2864 944 2900 ;
980 2850 1206 2890 dicendum
1234 2882 1244 2899 ,

221 2921 334 2972 quod
352 2921 432 2962 hoc
450 2933 538 2962 non
555 2924 617 2962 051
632 2933 784 2963 verum
803 2921 847 2961 10
866 2921 1097 2974 adjectivis,

245 3039 309 3077 Qui
324 3039 390 3072 hoc
407 3040 504 3082 dicit,
524 3049 596 3072 non
612 3040 784 3081 intelligit,
806 3040 907 3072 etiam
924 3044 1041 3073 natum
1058 3050 1145 3082 esse,
1160 3044 1224 3074 etc.

276 3131 352 3172 Hic
377 3133 496 3185 ponit
519 3132 717 3186 Magister
750 3136 934 3186 quatuor
963 3134 1146 3176 rationes
1175 3136 1248 3177 de-

223 3206 502 3244 monstrantes
518 3204 676 3245 Filium
697 3208 955 3245 coaeternum
975 3205 1086 3247 Patri
1104 3221 1113 3258 3
1136 3212 1175 3248 01
1191 3208 1248 3248 ita

223 3278 527 3327 argumentum
548 3276 637 3316 Arii
657 3289 742 3317 000
761 3277 915 3326 valere,
932 3279 1045 3329 quod
1065 3282 1125 3319 est
1144 3280 1245 3320 tale:

229 3362 248 3386 ε(
267 3346 397 3386 Filius
414 3350 474 3387 est
492 3351 617 3389 natus
642 3361 652 3389 :
674 3361 777 3401 ergo
798 3361 886 3389 000
906 3352 1105 3390 aeternus.
1126 3365 1145 3388 ))

270 3424 445 3464 ¹August.,
465 3424 503 3455 cle
524 3425 656 3465 Trinit„
676 3426 733 3458 lib.
752 3427 818 3466 Vl,
840 3436 868 3457 0.
888 3435 909 3458 1.
931 3444 970 3449 —-
993 3428 1005 3447 '2
1026 3430 1180 3469 August„
1210 3429 1249 3460 (le

227 3472 360 3511 Trinit„
387 3472 444 3504 lib.
483 3473 551 3513 Vl,
573 3483 601 3504 c.
625 3481 657 3514 1,
690 3484 725 3507 n.
755 3477 794 3515 23
825 3476 882 3506 lib.
913 3476 992 3516 Vll,
1020 3486 1048 3507 0.
1076 3485 1109 3517 1,
1137 3488 1172 3508 n.
1205 3480 1244 3511 2:

252 3525 309 3577 ‘(a)
334 3527 414 3557 Cret.
429 3525 509 3557 eclz't.
527 3526 763 3568 inadjaceiitia.
778 3546 819 3552 —-
835 3529 873 3570 (b)
892 3529 971 3561 Coet.
986 3529 1064 3562 edit.
1080 3533 1112 3562 et
1128 3540 1247 3572 quain-

225 3581 289 3604 Vis.

2268 253 2340 292 171

1746 383 1837 412 DUB.
1867 383 1912 411 111
1919 403 1927 411 .

1691 468 1785 501 Sicut
1803 469 1976 510 splendor.

1375 560 1449 600 Hic
1468 560 1662 600 innuitur
1679 561 1818 613 prima
1836 562 1957 612 ratio,
1980 574 2076 614 quae
2096 563 2265 613 sumpta
2282 564 2343 601 est

1320 645 1343 672 a
1371 632 1520 682 simili,
1544 634 1583 672 et
1611 634 1672 672 est
1698 633 1817 672 talis:
1837 632 2042 685 Splendor
2063 635 2125 673 est
2156 632 2344 684 ejusdem

1320 703 1550 744 durationis
1570 716 1668 744 cum
1687 704 1802 755 igne,
1824 705 1912 745 sive
1932 704 2121 757 aequaliS‚
2143 706 2183 744 et
2202 706 2346 744 tamen

1320 778 1381 816 est
1399 777 1628 827 generatus
1648 775 1700 815 ab
1728 775 1830 827 igne
1854 790 1862 815 :
1884 788 1987 827 ergo
2019 775 2155 815 multo
2178 775 2343 826 fortius,

1319 859 1418 887 cum
1441 846 1573 886 Filius
1602 846 1654 886 sit
1680 846 1875 898 splendor
1897 846 2053 896 Patris,
2076 846 2124 899 (b)
2150 847 2347 899 quamvis

1319 918 1371 958 ab
1390 918 1480 971 ipso
1507 920 1750 970 generetur,
1774 918 1852 957 erit
1876 918 1915 957 ei
1949 920 2184 958 coaeternus
2208 929 2217 956 :
2241 930 2345 969 ergo

1320 990 1532 1031 conclusio
1572 989 1695 1030 dictae
1735 989 1911 1029 rationis
1952 992 2014 1030 est
2040 990 2166 1039 falsa,
2205 992 2244 1029 et
2276 989 2347 1030 illa

1320 1061 1618 1114 consequentia
1648 1060 1957 1101 interimenda:
1994 1076 2012 1099 1(
2044 1061 2086 1101 Si
2119 1064 2244 1102 natus
2269 1064 2344 1112 est,

1319 1136 1408 1174 erat
1430 1133 1598 1186 quando
1615 1145 1701 1173 non
1721 1135 1823 1173 erat.
1845 1147 1863 1169 n

1373 1204 1452 1245 Sed
1481 1207 1624 1244 contra
1645 1217 1654 1244 :
1678 1204 1720 1245 Si
1740 1203 1952 1244 emanatio
1975 1204 2204 1256 procedens
2223 1217 2247 1244 a
2264 1204 2347 1245 Deo

1320 1280 1381 1317 est
1398 1277 1435 1317 01
1454 1279 1662 1316 coaeterna
1681 1308 1690 1326 ,
1721 1276 1827 1315 sicut
1845 1275 2055 1315 emanatio
2076 1275 2304 1327 procedens
2324 1288 2348 1316 a

1319 1351 1511 1388 creatura
1543 1350 1603 1387 est
1629 1348 1668 1388 ei
1696 1359 1964 1400 coaequaeva3
1988 1359 2090 1398 ergo
2108 1379 2117 1397 ,
2152 1359 2251 1387 cum
2281 1359 2348 1388 res

1319 1419 1498 1459 exierint
1514 1431 1538 1459 a
1557 1419 1655 1469 Deo,
1676 1419 1843 1459 videtur
1860 1419 1970 1471 quod
1989 1419 2040 1458 ab
2061 1420 2236 1459 aeterno.

1373 1490 1495 1543 Resp.
1535 1490 1794 1540 Dicendum,
1828 1490 1942 1542 quod
1977 1502 2176 1542 egressus
2203 1490 2347 1542 splen-

1319 1562 1432 1602 doris
1451 1574 1476 1602 a
1495 1561 1594 1612 sole,
1619 1574 1644 1602 a
1667 1562 1763 1601 luce
1778 1593 1787 1609 ,
1816 1561 1884 1601 vel
1909 1561 2010 1613 igne
2027 1593 2037 1611 ,
2067 1564 2129 1602 est
2155 1574 2349 1614 egressus

1319 1633 1621 1681 connaturalis,
1643 1636 1684 1673 et
1701 1632 1797 1672 talis
1824 1634 1884 1672 est
1906 1633 2090 1684 egressio
2110 1632 2204 1673 Filii
2224 1646 2248 1673 a
2267 1632 2348 1673 Pa-

1319 1709 1380 1746 tre
1399 1720 1408 1755 3
1429 1717 1515 1745 non
1539 1707 1682 1745 autem
1711 1716 1907 1756 egressus
1939 1707 2144 1745 creaturae
2173 1718 2198 1744 a
2226 1704 2349 1746 Crea-

1318 1781 1431 1827 tore,
1460 1777 1547 1817 imo
1576 1779 1636 1817 est
1663 1776 1932 1816 voluntarius
1956 1791 1963 1817 :
1985 1779 2025 1816 et
2042 1779 2348 1828 argumentum

1319 1852 1381 1890 est
1400 1850 1563 1889 bonum
1582 1849 1625 1888 111
1648 1847 1876 1901 proposito.

1744 1973 1834 2002 DUB.
1866 1973 1924 2002 IV.

1467 2053 1569 2092 Item,
1591 2051 1619 2082 si
1639 2051 1700 2082 Dei
1719 2050 1837 2091 Filius,
1857 2049 1966 2091 inquit
1987 2048 2203 2090 Augustinus.

1375 2135 1474 2175 Haec
1496 2138 1556 2176 est
1576 2135 1757 2176 secunda
1774 2134 1879 2174 ratio
1900 2132 2133 2185 Augustini
2151 2132 2161 2153 ¹
2184 2144 2192 2172 :
2218 2131 2350 2172 Filius

1321 2208 1393 2248 Dei
1412 2211 1472 2247 est
1491 2207 1626 2248 virtus
1643 2210 1683 2248 et
1702 2206 1937 2259 sapientia:
1969 2217 2073 2257 ergo
2105 2204 2139 2244 si
2171 2216 2258 2244 non
2291 2205 2352 2243 est

1322 2283 1520 2328 aeteiaius,
1542 2279 1767 2331 aliquando
1788 2278 1867 2318 fuit
1889 2277 1994 2317 Deus
2022 2277 2110 2316 sine
2134 2276 2289 2316 virtute
2313 2277 2353 2314 et

1321 2352 1547 2404 sapientia:
1566 2352 1637 2391 sed
1651 2351 1731 2391 hoc
1750 2354 1811 2390 est
1830 2348 2110 2402 impossibile3
2132 2359 2252 2399 ergo,
2272 2349 2349 2386 etc.

1322 2423 1401 2464 Sed
1421 2427 1565 2463 contra
1591 2423 1700 2462 hanc
1731 2422 1937 2462 rationem
1965 2420 2023 2459 sic
2045 2419 2244 2472 objicitur
2267 2430 2276 2458 :
2309 2418 2351 2458 Si

1322 2495 1434 2535 euim
1456 2494 1673 2547 sequitur,
1695 2493 1729 2533 si
1757 2492 1878 2533 Pater
1909 2504 1997 2532 non
2028 2491 2154 2531 habet
2186 2490 2350 2542 sapien-

1321 2567 1424 2606 tiam
1445 2566 1649 2617 genitam,
1666 2577 1753 2605 non
1773 2567 1834 2605 est
1852 2563 2032 2615 sapiens,
2052 2562 2220 2602 videtur
2239 2561 2351 2613 quod

1322 2638 1374 2677 sit
1396 2638 1562 2690 sapiens
1589 2636 1794 2689 sapientia
1817 2635 1960 2687 genita
1981 2647 1991 2674 :
2014 2633 2127 2686 quod
2156 2643 2351 2685 expresse

1322 2712 1451 2761 negat
1470 2708 1740 2760 Augustinus
1759 2707 1773 2728 ²
1796 2706 1847 2748 de
1872 2706 2100 2748 Trinitate.

1376 2781 1498 2834 Resp.
1524 2780 1787 2832 Augustinus
1814 2779 1939 2818 istam
1966 2776 2172 2816 rationem
2204 2775 2352 2815 redar-

1322 2853 1418 2905 guit
1445 2853 1494 2894 cle
1518 2853 1726 2894 Trinitalc
1749 2851 1778 2902 ³,
1803 2849 2027 2891 ostendens
2057 2847 2171 2887 illam
2202 2858 2352 2899 proce-

1323 2925 1420 2965 dere
1439 2936 1492 2964 00
1515 2924 1626 2964 malo
1645 2922 1859 2963 intellectu
1870 2919 2003 2961 verbi.
2022 2919 2238 2968 Attamen,
2252 2917 2354 2970 quia

1323 2995 1522 3048 Magister
1540 2994 1709 3035 adducit
1727 3005 1835 3043 eam,
1858 2993 1991 3045 potest
2007 2990 2086 3030 dici
2106 2989 2220 3042 quod
2243 2989 2353 3029 ratio

1323 3067 1456 3115 valet,
1490 3079 1576 3107 non
1597 3065 1695 3119 quia
1714 3065 1836 3105 Pater
1861 3063 1912 3102 sit
1942 3061 2106 3114 sapiens
2133 3060 2255 3109 Filio,
2277 3060 2353 3113 qui

1323 3141 1384 3180 est
1402 3138 1607 3191 sapientia
1626 3136 1773 3189 genita
1790 3150 1799 3185 3
1823 3134 1894 3174 sed
1914 3133 2014 3186 quia
2034 3133 2181 3174 eadem
2203 3134 2265 3172 est
2283 3144 2352 3171 sa-

1323 3210 1479 3263 pientia
1497 3209 1658 3261 genita,
1679 3211 1720 3248 et
1737 3205 1941 3258 ingenita,
1963 3209 2004 3246 et
2020 3205 2078 3245 ita
2095 3237 2105 3255 ,
2129 3205 2163 3244 si
2183 3216 2272 3245 una
2287 3203 2352 3243 in-

1324 3281 1436 3334 cipit,
1459 3283 1499 3321 et
1518 3280 1612 3320 alia.

1746 3342 1837 3371 DUB.
1874 3342 1919 3370 v.

1504 3416 1621 3447 Eidem
1637 3423 1772 3456 quoque
1793 3413 1959 3445 Arianicae
1980 3411 2171 3454 quaestioni.

1377 3495 1476 3535 Haec
1494 3496 1555 3534 est
1575 3492 1698 3533 tertia
1718 3491 1824 3532 ratio
1849 3503 1979 3543 quam
1999 3489 2169 3531 adducit
2183 3519 2194 3536 ‚
2225 3488 2266 3527 et
2292 3488 2354 3526 est

1323 3579 1379 3611 lib.
1400 3579 1472 3618 xv,
1490 3587 1518 3608 e.
1551 3583 1609 3616 vu,
1638 3576 1740 3608 n.12.
1766 3591 1806 3597 —
1830 3574 1843 3595 ³
1869 3572 2123 3613 [ὸῑα.,111).1’1,
2154 3580 2182 3602 c.
2210 3578 2245 3611 1,
2265 3578 2301 3601 n.
2319 3570 2352 3607 2,
