2613 3990
814 297 942 340 msT.
972 297 1021 338 v.
1052 295 1173 338 ΛΒΤ.
1208 297 1238 337 1.
1270 297 1466 347 QUAEST.
1496 298 1545 338 ιι.
1765 264 1769 266 ’
2171 308 2241 345 Η-,ι

126 389 197 431 sed
241 392 502 430 concernunt
547 389 813 444 suppositum
864 389 1025 429 ratione
1061 389 1153 440 eJ‘us

126 460 239 514 quod
258 460 407 501 dicunt
424 461 611 514 aliquam
629 461 835 502 rationem
855 463 973 501 actus
988 460 1055 501 vel
1073 460 1154 500 ori-

127 531 242 584 ginis
261 545 271 581 ;
315 544 411 584 quae
453 535 553 573 sunt
591 533 780 585 ipsorum
820 532 1149 584 suppositorum.

126 601 231 643 Cum
256 602 390 654 igitur
420 606 504 644 tres
536 603 619 643 sint
643 602 867 649 nominum
889 602 1149 653 differentiae,

124 685 282 714 nomen
298 677 542 715 concretum
559 673 757 726 supponit
773 686 850 726 pro
865 685 1043 727 persona
1057 686 1152 726 pro-

124 744 214 797 prie
230 759 239 794 ;
258 757 417 786 nomen
443 744 631 785 medium
652 744 852 797 supponit
875 744 1029 797 partim
1049 756 1151 797 pro-

124 815 232 868 prie,
251 803 405 869 partim
424 815 654 868 improprie
673 830 683 866 ;
718 827 876 856 nomen
894 815 1151 855 abstractum

126 888 167 928 et
185 887 426 928 absolutum
444 898 530 927 non
549 887 748 940 supponit
768 887 956 937 omnino,
976 886 1055 926 nisi
1070 886 1150 926 im-

127 958 294 1011 proprie
306 972 316 1008 ;
333 957 445 998 unde
455 957 548 998 haec
562 960 623 997 est
644 958 830 1010 propria,
853 974 871 995 «
891 957 1000 997 Deus
1019 969 1151 1009 gene-

127 1031 206 1078 rat,
225 1044 244 1066 »
258 1028 350 1069 etin
359 1041 485 1069 usum
497 1028 756 1069 adducenda.
771 1028 869 1069 Haec
881 1031 1037 1077 autem,
1049 1045 1066 1067 (ι
1079 1028 1150 1069 Sa-

126 1099 282 1152 pientia
289 1101 463 1151 generat
475 1099 523 1140 de
535 1099 751 1152 sapientia,
765 1114 782 1136 n
800 1100 953 1153 partim
962 1100 1145 1152 propria,

122 1170 275 1223 partim
294 1169 547 1223 impropria:
572 1170 664 1210 ideo
689 1173 751 1211 est
767 1170 1025 1211 sustinenda.
1048 1169 1148 1210 Haec

124 1244 283 1291 autem,
304 1257 323 1280 «
336 1240 525 1281 Essentia
542 1244 732 1293 generat,
749 1256 768 1279 n
788 1242 964 1282 omnino
983 1242 1146 1295 impro-

120 1312 228 1366 pria,
251 1315 292 1353 et
306 1312 400 1353 ideo
422 1312 620 1364 neganda
639 1315 723 1363 est;
747 1316 801 1363 et,
825 1313 859 1352 si
879 1313 1048 1365 legatur
1070 1313 1146 1353 ali-

121 1383 242 1434 cubi,
261 1386 323 1424 est
346 1383 610 1436 exponenda.
642 1383 784 1424 Sancti
808 1384 923 1424 enim
953 1384 1144 1436 quando-

119 1466 224 1507 que,
242 1464 244 1466 ’
259 1455 311 1496 ad
334 1450 651 1496 confundendas
681 1455 883 1504 haereses,
906 1457 1147 1509 expressius

118 1524 367 1578 loquuntur,
388 1537 520 1578 quam
539 1526 773 1579 proprietas
790 1528 995 1568 sermonis
1015 1528 1146 1568 susti-

117 1600 228 1638 neat.

172 1673 212 1711 1.
248 1669 313 1710 Ad
343 1668 448 1710 illud
477 1681 581 1722 ergo
611 1669 725 1722 quod
755 1668 894 1722 primo
929 1669 1142 1721 objicitur,

117 1740 230 1794 quod
255 1741 435 1782 essentia
454 1744 495 1782 et
511 1753 689 1794 persona
718 1753 803 1782 non
835 1741 992 1781 habent
1010 1740 1146 1781 diver-

117 1823 183 1852 sas
201 1812 476 1866 proprietates
491 1825 501 1863 3
527 1812 777 1853 dicendum¹
794 1812 908 1865 quod
926 1812 1145 1853 diversitas

117 1882 293 1923 rationis
312 1882 531 1936 dupliciter
556 1885 618 1924 est
638 1883 684 1923 in
705 1883 859 1923 divinis
881 1898 889 1924 :
913 1896 998 1924 uno
1018 1883 1143 1924 modo

115 1965 191 2007 per
225 1954 382 1996 habere
420 1955 609 1996 diversas
637 1954 941 2008 proprietates,
973 1957 1013 1995 et
1038 1955 1141 1995 illud

115 2025 276 2066 inducit
307 2026 640 2076 distinctionem,
673 2029 714 2066 et
746 2026 806 2066 sic
839 2026 1039 2067 differunt
1070 2040 1142 2067 ra-

113 2097 243 2146 tione,
264 2109 341 2137 nec
352 2097 638 2150 praedicantur
655 2097 706 2138 de
725 2097 889 2147 eodem,
906 2101 953 2138 ut
968 2097 1090 2139 Pater
1103 2102 1143 2140 et

113 2165 248 2208 Filius
260 2182 270 2218 ;
299 2168 383 2210 alio
401 2169 526 2210 modo
546 2172 609 2209 est
630 2181 704 2222 per
721 2169 878 2210 habere
904 2169 1141 2222 proprieta-

113 2242 223 2290 tem,
257 2243 298 2281 et
324 2253 411 2281 non
442 2240 624 2293 habere,
661 2245 701 2282 et
733 2241 840 2283 illud
871 2253 958 2281 non
984 2242 1143 2282 inducit

112 2309 427 2353 distinctionem
450 2345 460 2362 ,
496 2325 575 2353 neo
608 2313 705 2353 facit
737 2313 846 2365 quod
886 2326 1023 2354 unum
1056 2326 1141 2354 non

111 2382 364 2434 praedicetur
389 2383 440 2424 de
467 2384 621 2434 altero,
645 2384 741 2424 facit
768 2388 909 2425 tamen
931 2385 1043 2437 quod
1063 2385 1140 2425 ali-

111 2452 210 2506 quid
242 2452 394 2494 dicitur
425 2455 477 2495 de
507 2468 611 2506 uno,
646 2455 759 2508 quod
792 2468 880 2495 non
905 2455 1060 2496 dicitur
1091 2457 1141 2498 de

110 2522 254 2574 altero,
281 2527 330 2564 ut
347 2527 461 2577 patet
479 2525 524 2565 in
546 2524 668 2566 Petro
693 2529 733 2566 et
763 2526 938 2566 homine
961 2539 970 2566 :
994 2526 1142 2568 Petrus

110 2597 172 2636 est
189 2595 476 2647 individuum,
499 2597 628 2638 homo
648 2610 758 2647 non;
783 2600 823 2638 et
847 2601 991 2639 tamen
1012 2599 1141 2640 homo

109 2679 210 2709 vere
237 2669 492 2722 praedicatur
522 2670 573 2711 de
607 2669 745 2711 Petro.
777 2670 841 2710 Ad
874 2670 1004 2722 illud,
1027 2671 1141 2724 quod

109 2751 278 2781 summa
296 2741 503 2794 oppositio
526 2743 588 2783 est
614 2742 911 2783 affirmationis
939 2746 979 2783 et
1005 2756 1142 2796 nega-

110 2811 250 2862 tionis,
269 2806 511 2865 dicendum,
537 2814 649 2868 quod
667 2827 820 2856 verum
839 2818 899 2855 est
918 2815 992 2856 ubi
1006 2828 1140 2868 nega-

111 2882 171 2923 tio
196 2883 305 2924 nihil
334 2885 477 2937 ponit,
500 2885 609 2926 sicut
629 2886 740 2927 inter
759 2887 919 2940 aliquid
944 2890 985 2928 et
1003 2887 1135 2938 nihil;

110 2952 182 2994 sed
199 2954 272 2995 ubi
298 2956 418 3009 ponit
440 2960 651 3006 extrema,
673 2958 853 2999 minima
875 2962 1008 3012 potest
1034 2972 1136 3011 esse,

111 3026 152 3064 et
169 3036 342 3078 surgere
359 3027 411 3080 (a)
431 3040 485 3068 ex
505 3029 897 3082 quantulacumque
916 3042 1047 3083 parva
1060 3031 1138 3071 dif-

110 3094 302 3148 ferentia,
340 3098 429 3139 sive
453 3100 536 3148 rei,
571 3100 659 3141 sive
684 3100 883 3152 rationis3
908 3102 1019 3142 unde
1052 3115 1138 3143 non

110 3166 263 3208 suffieit
288 3171 339 3211 ad
367 3171 737 3225 distinguendum.

164 3240 204 3278 Ξ.
226 3239 290 3281 Ad
308 3241 411 3283 illud
434 3244 550 3296 quod
575 3245 760 3285 secundo
784 3245 997 3298 objicitur,
1023 3247 1136 3298 quod

109 3308 386 3361 praedicatum
405 3314 605 3366 supponit
622 3327 698 3367 pro
722 3315 932 3367 subJecto,
954 3316 1034 3357 dici
1056 3329 1135 3370 po-

109 3381 188 3438 test
205 3393 293 3422 uno
309 3383 449 3434 modo,
469 3386 581 3438 quod
601 3386 711 3427 sicut
730 3386 775 3425 in
791 3385 1058 3427 inferioribus
1075 3391 1136 3428 est

109 3453 351 3506 praedicatio
370 3458 604 3499 secundum
618 3459 911 3508 substantiam,
933 3462 994 3511 ut,
1017 3476 1035 3498 «
1054 3460 1134 3501 Ho-

138 3548 163 3570 -1
182 3547 323 3581 Videtur
344 3551 466 3582 Scotus
484 3552 647 3595 refragari
679 3553 714 3585 iu
734 3555 770 3595 1,
791 3554 870 3585 dist.
895 3562 942 3595 11,
970 3564 1004 3597 q.
1032 3563 1078 3596 ιν,
1098 3555 1133 3587 in

149 3607 196 3651 (a)
218 3608 297 3641 Caet.
314 3609 394 3643 edit.
419 3611 677 3651 praedicatione.
690 3631 731 3638 —
748 3613 789 3655 (b)
815 3614 894 3646 Coet.
915 3613 994 3647 edit.
1013 3616 1131 3658 surgit.

1226 400 1296 429 mo
1310 391 1371 429 est
1387 388 1559 438 animal,
1576 403 1595 426 »
1615 392 1657 430 et
1676 391 1737 430 est
1755 389 1995 442 praedicatio
2015 393 2248 434 secundum

1225 460 1446 509 rationem,
1458 462 1520 509 ut,
1536 460 1738 500 «Animal
1754 463 1816 501 est
1832 473 1969 512 genus
1979 476 1988 511 ;
2006 476 2025 499 »
2045 465 2085 502 et
2101 464 2251 514 praedi-

1226 533 1366 571 catum
1395 531 1598 582 supponit
1628 543 1704 584 pro
1736 544 1785 572 eo
1814 531 1864 572 de
1884 544 1968 585 quo
1997 533 2250 585 praedicatur

1225 601 1459 642 secundum
1495 602 1800 653 substantiam3
1825 603 1897 643 sed
1915 635 1924 652 ,
1946 606 2107 644 mutata
2137 616 2250 656 prae-

1224 672 1431 712 dicatione
1460 673 1694 714 secundum
1723 674 2003 714 substantiam
2025 675 2069 715 in
2096 675 2252 728 praedi-

1225 746 1432 786 cationem
1462 746 1510 799 (b)
1546 759 1642 799 quae
1673 750 1734 788 est
1759 749 1995 789 secundum
2026 749 2248 799 rationem,

1224 820 1285 857 est
1304 817 1362 857 ibi
1381 818 1596 868 accidens;
1620 820 1733 860 unde
1757 832 1844 860 non
1864 820 2082 873 sequitur:
2105 836 2124 860 «
2142 821 2251 861 Ani-

1223 887 1307 927 mal
1329 890 1389 928 est
1405 900 1556 940 genus,
1578 889 1708 930 homo
1726 893 1786 930 est
1805 891 1979 939 animal,
2002 904 2106 944 ergo
2122 892 2252 933 homo

1223 961 1284 998 est
1303 971 1439 1010 genus
1457 974 1464 1000 :
1485 974 1503 996 n
1524 959 1716 1000 similiter
1734 961 1879 1002 dicunt
1895 962 1938 1001 in
1953 962 2120 1012 divinis,
2138 963 2248 1016 quod

1223 1041 1319 1070 cum
1351 1031 1436 1070 sint
1458 1031 1516 1070 ibi
1540 1043 1606 1071 res
1635 1034 1675 1071 et
1705 1034 1828 1083 ratio,
1852 1035 1913 1073 est
1932 1033 1990 1073 ibi
2008 1034 2251 1086 praedicatio

1222 1102 1456 1142 secundum
1477 1103 1771 1154 substantiam,
1790 1106 1832 1144 et
1850 1104 1920 1144 illa
1936 1104 2108 1154 salvata,
2131 1106 2250 1159 quid-

1222 1172 1323 1225 quid
1355 1173 1510 1214 dicitur
1540 1174 1590 1214 de
1619 1173 1870 1226 praedicato,
1893 1178 1934 1215 et
1962 1175 2012 1216 de
2032 1176 2245 1229 subJect03

1221 1244 1292 1284 sed
1313 1247 1475 1285 mutata
1494 1245 1793 1298 praedicatione
1805 1246 2038 1286 secundum
2052 1247 2248 1288 substan-

1220 1315 1338 1365 tiam,
1360 1316 1405 1356 in
1418 1317 1760 1369 praedicationem
1777 1318 2010 1359 secundum
2026 1318 2247 1371 rationem,

1221 1390 1282 1427 est
1313 1387 1370 1427 ibi
1400 1388 1615 1437 accidens,
1638 1390 1678 1428 et
1709 1388 1805 1428 talis
1833 1391 1894 1429 est
1924 1389 2016 1430 haec
2045 1404 2053 1430 ε
2083 1406 2100 1428 α
2127 1389 2250 1432 Pater

1219 1461 1418 1509 generat3
1443 1458 1514 1498 sed
1534 1458 1682 1498 divina
1702 1459 1882 1499 essentia
1900 1463 1961 1500 est
1980 1459 2121 1511 Pater3
2144 1474 2249 1514 ergo

1219 1529 1364 1570 divina
1386 1530 1563 1570 essentia
1578 1534 1768 1582 generat.
1787 1546 1806 1568 ›)
1823 1531 1903 1572 Sed
1922 1532 2000 1572 ista
2017 1531 2249 1574 similitudo

1219 1611 1308 1640 non
1331 1600 1500 1641 videtur
1519 1601 1791 1652 conveniens,
1812 1602 1912 1654 quia
1930 1602 1976 1642 in
1998 1603 2154 1643 divinis
2176 1616 2248 1644 ra-

1218 1671 1276 1712 tio
1313 1672 1573 1725 praedicatur
1605 1673 1655 1714 de
1687 1674 1891 1724 essentia3
1925 1674 2037 1715 unde
2068 1674 2160 1715 haec
2188 1679 2249 1717 est

1218 1756 1352 1784 vera:
1385 1758 1403 1781 «
1422 1744 1610 1786 Essentia
1643 1749 1705 1786 est
1736 1746 1965 1799 paternitas
2001 1751 2042 1788 et
2068 1760 2249 1800 genera-

1217 1815 1276 1856 tio
1300 1830 1309 1856 ς
1333 1830 1351 1852 »
1374 1817 1487 1869 quod
1510 1817 1683 1870 quidem
1704 1818 2029 1859 ininterioribus
2057 1831 2145 1860 non
2166 1832 2235 1860 re-

1216 1887 1394 1939 peritur.
1427 1887 1651 1941 Propterea
1680 1889 1800 1930 aliter
1831 1889 2109 1941 dicendum2‚
2135 1893 2248 1945 quod

1216 1958 1262 1998 in
1293 1959 1448 2000 divinis
1476 1963 1537 2000 est
1573 1960 1732 2013 duplex
1768 1962 1919 2002 modus
1957 1963 2245 2015 praedicandi:

1216 2041 1291 2081 per
1319 2030 1607 2082 identitatem,
1639 2036 1679 2072 et
1711 2045 1786 2086 per
1815 2033 2126 2074 inhaerentiam.
2168 2033 2246 2074 Per

1218 2100 1495 2152 identitatem,
1520 2106 1567 2143 ut
1587 2116 1686 2143 cum
1712 2104 1866 2145 dicitur
1889 2120 1897 2145 :
1925 2119 1944 2143 (‹
1969 2104 2158 2145 Essentia
2189 2108 2250 2146 est

1218 2170 1356 2214 Pater.
1380 2188 1399 2210 n
1425 2173 1504 2214 Per
1534 2174 1833 2216 inhaerentiam
1852 2207 1861 2224 ,
1884 2176 1971 2217 sive
1999 2177 2250 2217 denomina-

1216 2244 1376 2286 tionem
1392 2277 1402 2294 ,
1439 2246 1546 2287 sicut
1586 2247 1747 2287 faciunt
1779 2247 1986 2300 adjectiva
2021 2251 2061 2289 et
2098 2249 2245 2290 verba.

1216 2315 1464 2358 Pfaedicatio
1485 2331 1559 2371 per
1578 2318 1840 2359 identitatem
1856 2322 1917 2360 est
1930 2320 1973 2360 in
1990 2320 2157 2369 divinis,
2179 2333 2247 2361 ra-

1216 2387 1330 2429 tione
1352 2401 1534 2430 summae
1553 2390 1842 2443 simplicitatis,
1867 2403 1963 2444 quae
1982 2404 2069 2432 non
2088 2393 2248 2445 patitur

1215 2471 1440 2512 personam
1452 2461 1595 2502 minus
1608 2474 1696 2502 esse
1708 2462 1957 2515 simplicem,
1969 2476 2096 2516 quam
2110 2476 2247 2505 essen-

1216 2531 1332 2571 tiam.
1354 2532 1457 2581 Quae
1478 2533 1581 2586 quia
1600 2546 1688 2574 non
1705 2537 1767 2574 est
1785 2534 1829 2574 in
1849 2535 2066 2584 creaturis,
2091 2535 2184 2576 ideo
2203 2535 2247 2575 iu

1216 2603 1274 2643 eis
1294 2615 1382 2644 non
1402 2604 1612 2658 reperitur
1632 2605 1873 2658 praedicatio
1894 2619 1968 2660 per
1986 2607 2246 2648 identitatem

1215 2674 1503 2716 omnimodam
1517 2708 1527 2726 ,
1550 2677 1631 2717 nisi
1650 2677 1762 2718 idem
1782 2679 2028 2720 enuntietur
2051 2679 2101 2720 de
2118 2691 2176 2730 se,
2199 2681 2247 2720 ut

1215 2758 1313 2787 cum
1333 2747 1486 2789 dicitur
1505 2763 1514 2789 ε
1544 2764 1562 2787 «
1582 2749 1835 2792 Humanitas
1853 2754 1915 2792 est
1935 2751 2196 2792 humanitas.
2220 2766 2238 2789 n

1215 2817 1294 2858 Sed
1315 2819 1454 2860 omnis
1473 2821 1644 2874 propria
1663 2822 1906 2875 praedicatio
1927 2825 1988 2864 est
2006 2835 2080 2876 per
2100 2823 2241 2865 inhae-

1215 2890 1411 2941 rentiam,
1424 2892 1523 2944 quia
1534 2893 1641 2933 nihil
1652 2897 1713 2935 est
1727 2894 1903 2935 omnino
1913 2895 2094 2948 simplex
2107 2910 2115 2936 ε
2129 2896 2243 2937 unde

1213 2960 1306 3001 haec
1326 2965 1387 3002 est
1406 2962 1531 3004 falsa:
1551 2981 1570 3003 α
1591 2965 1843 3006 Humanitas
1865 2968 1927 3006 est
1945 2965 2199 3007 animalitas.
2217 2982 2236 3004 n

1214 3032 1260 3073 In
1272 3033 1568 3086 praedicatione
1578 3049 1680 3078 vero
1689 3050 1763 3090 per
1774 3037 2085 3090 inhaerentiam,
2101 3039 2242 3081 termi-

1212 3117 1295 3145 nus
1320 3105 1434 3146 aliud
1455 3107 1685 3159 significat,
1707 3111 1748 3148 et
1767 3108 1882 3149 aliud
1902 3110 2118 3163 supponit,
2141 3111 2242 3163 quia

1212 3176 1424 3228 significat
1454 3178 1634 3220 formam
1665 3192 1953 3232 communem,
1976 3185 2016 3223 et
2039 3182 2242 3235 supponit

1211 3260 1288 3300 pro
1319 3247 1540 3290 inferiori:
1567 3253 1606 3290 et
1641 3250 1685 3290 in
1719 3251 1791 3291 tali
1825 3264 1978 3293 verum
2012 3256 2084 3304 est,
2126 3253 2240 3306 quod

1211 3318 1316 3360 illud
1346 3321 1458 3372 quod
1484 3321 1738 3373 praedicatur
1772 3323 1822 3363 de
1850 3324 2004 3376 altero,
2040 3325 2240 3378 supponit

1209 3402 1286 3442 pro
1317 3390 1403 3430 illo.
1433 3391 1512 3432 Sed
1543 3392 1587 3431 in
1614 3393 1912 3445 praedieatione
1941 3409 2015 3449 per
2043 3396 2237 3438 identita-

1210 3464 1311 3512 tem,
1334 3461 1446 3502 idem
1465 3462 1676 3514 significat
1695 3468 1735 3506 et
1751 3467 1974 3520 supponit:
1994 3467 2110 3508 unde
2135 3470 2237 3509 tunc

1207 3553 1310 3585 resol.
1338 3556 1457 3596 quaest.
1493 3554 1582 3588 circa
1601 3557 1763 3590 medium.
1792 3578 1827 3583 —
1848 3560 1863 3581 ²
1882 3559 1992 3602 Intra,
2014 3560 2091 3593 dist.
2116 3567 2235 3605 xxmv,

1209 3610 1242 3642 q.
1263 3608 1300 3633 11.
