2613 3990
57 2441 194 2470 Fundam.

904 254 1032 296 Disr.
1063 253 1146 295 xx.
1177 253 1296 296 An'r.
1330 254 1359 295 1.
1392 251 1586 304 QUAEST.
1616 252 1646 292 1.

215 347 435 402 proprium
465 349 526 388 est
557 346 768 400 qualitatis
791 344 1025 386 secundum
1053 355 1148 384 eam
1173 342 1234 383 si-

215 419 315 460 mile
334 418 402 460 vel
422 418 623 459 dissimile
644 416 739 457 diei.

271 490 394 544 Resp.
423 490 652 532 Dicendum
671 487 784 541 quod
809 487 858 528 de
875 485 1074 539 qualitate
1093 487 1153 526 est
1172 486 1234 526 lo-

215 562 288 615 qui
307 561 526 615 dupliciter
550 573 559 601 :
581 572 669 601 uno
688 559 827 609 modo,
852 559 976 610 prout
993 557 1144 598 dieitur
1163 558 1236 598 de-

215 633 464 684 nominen53
485 632 568 673 alio
587 630 711 672 modo
728 662 738 681 ,
760 631 886 682 prout
915 628 1068 669 dieitur
1094 628 1233 681 dispo-

215 704 310 746 sitio
337 703 566 745 nobilitatis
600 717 609 744 :
641 703 681 743 et
706 701 939 742 secundum
963 700 1073 741 hene
1099 703 1236 741 atten-

216 775 329 817 ditur
348 776 484 829 maj0r
503 776 544 815 et
568 773 709 814 minor
735 772 946 821 nobilitas,
968 774 1007 812 et
1029 772 1086 811 ita
1106 771 1234 812 nobi-

215 846 295 888 lior
313 858 380 887 res
392 846 559 888 dicitur.
576 844 626 885 Et
642 844 742 897 quia
757 843 803 883 in
819 843 1108 896 spiritualibus
1123 843 1236 884 idem

217 920 279 958 est
304 919 444 971 maJus
463 918 504 958 et
523 915 675 956 melius
694 916 720 964 ¹,
750 915 842 956 ideo
861 914 1040 967 quaestio
1060 915 1110 955 de
1131 927 1235 967 qua-

213 989 328 1030 litate
346 990 501 1043 speetat
514 987 565 1029 ad
579 987 878 1040 aequalitatem,
898 998 984 1026 non
998 998 1051 1026 ex
1066 986 1237 1039 propria

212 1061 374 1101 ratione
398 1059 580 1101 nominis
597 1090 606 1109 ‚
629 1058 701 1099 sed
720 1070 773 1099 ex
789 1058 1077 1110 consequenti,
1097 1060 1144 1098 ut
1168 1058 1236 1099 vi-

213 1144 309 1173 sum
325 1133 400 1172 est.

536 1241 858 1286 ARTIGULUS
893 1243 925 1285 I.

266 1359 330 1400 Ad
350 1358 479 1400 intelli
486 1358 674 1411 gentiam
691 1369 840 1398 eorum
859 1369 955 1410 quae
976 1357 1175 1398 dicuntur
1195 1357 1239 1397 in

214 1430 411 1484 praesenti
425 1419 705 1480 distinctione,
721 1429 805 1470 duo
822 1428 1105 1482 principaliter
1122 1440 1239 1481 quee-

215 1505 384 1544 runtur.
407 1501 549 1543 Primo
581 1500 805 1554 quaeritur,
828 1502 975 1540 utrum
1009 1500 1052 1539 in
1084 1500 1240 1541 divinis

216 1574 266 1615 sit
278 1586 433 1628 ponere
448 1573 647 1627 potentiae
661 1571 1018 1625 adaequatione1n3
1036 1572 1236 1623 seeundo,

215 1648 363 1687 utrum
381 1645 427 1686 in
445 1644 600 1686 divinIS
620 1644 673 1684 sit
690 1656 846 1697 ponere
867 1643 1073 1684 ordinem.
1097 1643 1240 1693 Quan-

214 1721 307 1759 tum
337 1718 389 1759 ad
411 1717 599 1770 primum
617 1747 627 1765 ,
659 1717 913 1769 quaeruntur
943 1715 1027 1756 duo
1061 1729 1069 1756 :
1101 1715 1239 1768 primo

214 1786 422 1840 quaeritur
445 1788 591 1826 utrum
617 1784 662 1824 in
681 1784 836 1826 divinis
868 1784 920 1824 sit
950 1796 1107 1837 ponere
1127 1784 1240 1825 adee-

215 1858 459 1911 quationem
483 1858 691 1910 quantum
711 1856 762 1896 ad
785 1855 1077 1896 extensionem
1106 1856 1240 1909 possi-

214 1928 389 1979 bilium;
428 1927 609 1969 seeundo
625 1959 635 1977 ,
681 1929 827 1968 utrum
864 1927 916 1967 sit
958 1927 1016 1967 ibi
1055 1927 1240 1981 aequatio

214 2002 421 2053 quantum
438 1999 490 2040 ad
502 1999 782 2040 intensionem
799 1998 1015 2052 potentiae.

578 2164 814 2215 QUAESTIO
845 2164 876 2205 Ι.

214 2262 275 2298 Αη
295 2264 334 2298 in
362 2262 498 2298 divinis
519 2261 721 2306 adaequatio
744 2262 914 2306 potentia}
939 2261 1057 2306 quoad
1079 2262 1238 2308 possibi-

417 2322 504 2356 lium
523 2322 757 2356 eoetensz'onem
770 2320 937 2366 ponenda
957 2323 1004 2356 sit
1022 2321 1049 2356 Ξ.

269 2422 388 2473 Quod
409 2422 462 2463 sit
479 2421 538 2462 ibi
553 2433 709 2475 ponere
728 2421 1068 2474 adaequationeni
1088 2425 1238 2475 poten-

215 2493 285 2535 tiae
307 2495 518 2546 quantum
536 2492 588 2533 ad
613 2505 846 2533 numerum
866 2492 1146 2545 possibilium,
1168 2506 1239 2534 os-

215 2561 403 2603 tenditur
431 2561 489 2601 sie
519 2575 528 2602 z
564 2560 852 2613 Quaeeumque
871 2561 1028 2601 habent
1047 2561 1239 2602 eamdem

215 2635 412 2674 naturam
431 2665 440 2684 ,
461 2631 618 2673 habent
647 2631 837 2672 eamdem
862 2631 1092 2684 potentiam
1113 2634 1240 2672 natu-

215 2705 348 2746 ralem
393 2719 402 2746 z
444 2704 515 2745 sed
553 2715 836 2757 quaecumque
871 2703 1029 2744 habent
1065 2704 1239 2745 omnino

215 2776 407 2818 eamdem
426 2776 671 2829 potentiam,
694 2775 899 2829 quidquid
922 2777 1056 2828 potest
1078 2788 1236 2827 unum,

216 2851 257 2891 et
275 2849 455 2891 alterum
488 2863 497 2890 ε
528 2848 600 2889 sed
631 2848 753 2889 Pater
788 2851 828 2888 et
869 2847 999 2888 Filius
1035 2850 1075 2888 et
1111 2848 1241 2902 Spiri-

214 2924 283 2963 tus
302 2923 471 2962 sanetus
486 2920 642 2962 habent
655 2920 847 2961 eamdem
867 2920 1099 2973 potentiam
1130 2934 1139 2961 z
1172 2932 1239 2961 er-

215 3004 272 3044 go
286 3024 296 3043 ,
318 2994 396 3033 etc.

268 3062 387 3114 Item,
403 3075 685 3116 quaecumque
693 3062 849 3103 habent
860 3062 1034 3104 omnino
1045 3063 1237 3105 eamdem

218 3133 517 3187 operationem,
533 3134 639 3175 nihil
657 3136 793 3188 potest
811 3147 948 3175 unum
965 3135 1129 3187 operari
1147 3135 1240 3176 sine

218 3205 348 3246 altero
370 3217 380 3246 :
405 3205 476 3246 sed
505 3205 629 3247 Pater
660 3208 700 3246 et
721 3204 853 3246 Filius
870 3205 1028 3247 habent
1046 3206 1239 3247 eamdem

262 3312 273 3333 ¹
298 3312 396 3353 Aug„
421 3312 461 3344 de
481 3312 584 3352 Trin„
597 3312 656 3344 lib.
672 3312 730 3353 Vl,
746 3322 776 3344 e.
798 3320 877 3352 v111,
894 3321 929 3344 n.
946 3315 976 3345 9.
990 3314 1054 3336 —2
1069 3313 1121 3354 Cf.
1143 3313 1239 3346 Alex.

218 3358 362 3399 Alensis,
381 3368 414 3400 p.
431 3360 456 3400 l,
473 3368 506 3400 q.
519 3367 591 3396 XXI,
605 3360 733 3391 memb.
751 3363 789 3401 33
804 3361 837 3393 S.
856 3360 990 3400 Thom.,
1004 3370 1038 3400 p.
1061 3361 1087 3401 1,
1103 3371 1137 3402 q.
1154 3369 1239 3403 xLu,

218 3409 281 3438 art.
296 3408 334 3446 63
362 3408 395 3438 et
414 3407 426 3438 Ι
445 3407 549 3445 δεηί.,
569 3407 646 3438 dist.
662 3416 720 3446 xx,
741 3417 775 3449 q.
793 3415 816 3448 1,
835 3410 897 3439 art.
914 3410 954 3448 23
976 3408 1082 3449 Seot,
1105 3410 1114 3440 l
1134 3409 1239 3448 Sent„

218 3453 296 3486 dist.
310 3461 368 3485 xx.
391 3463 424 3494 q.
437 3453 545 3492 unie.;
568 3454 679 3495 AEgid.
699 3456 814 3495 Rom,
843 3455 855 3485 l
875 3455 980 3491 Sent.‚
1002 3455 1079 3487 dist.
1098 3464 1156 3496 xx,
1178 3466 1212 3497 q.
1229 3464 1239 3488 1

219 3503 252 3534 et
270 3509 331 3543 111,
352 3501 537 3542 Heuricus,
557 3501 593 3534 in
612 3502 768 3542 Summa,
788 3505 850 3536 art.
877 3510 923 3535 L11
944 3511 1005 3544 per
1030 3505 1158 3544 totum,
1182 3504 1239 3537 Ri-

2248 251 2323 290 345

1307 342 1594 397 operationem
1625 355 1633 381 ε
1665 351 1768 392 ergo
1795 339 1903 379 nihil
1932 340 2067 392 potest
2096 338 2214 379 Pater
2233 339 2323 379 sine

1308 415 1411 456 Filio
1432 419 1445 439 ³
1464 426 1473 454 :
1499 414 1770 464 Quaecumque
1794 411 1919 453 Pater
1936 411 2056 462 facit,
2077 410 2162 452 hoec
2180 411 2323 453 omnia

1307 486 1509 528 similiter
1528 484 1666 526 Filius
1688 484 1808 534 facit.

1362 557 1465 597 Item
1496 555 1639 595 nullus
1664 556 1798 607 potest
1830 552 1951 606 plura
1986 551 2276 604 Omnipotente
2310 566 2318 592 ε

1309 629 1379 669 sed
1400 628 1577 670 verbum
1602 626 1671 666 Dei
1699 628 1759 666 est
1786 624 2068 677 omnipotenS,
2091 622 2197 662 sicut
2220 622 2326 662 diei-

1308 703 1377 741 tur
1398 714 1405 740 :
1432 699 1703 751 Omnipotens
1715 707 1847 739 sermo
1862 700 1974 745 τιιῑιε,
1995 694 2166 736 Domine
2185 693 2213 733 ¹·.
2235 691 2324 732 Ma-

1304 773 1373 825 j0r
1400 772 1536 825 patet,
1562 769 1662 822 quia
1692 768 1766 822 qui
1794 779 1919 809 omne
1939 766 2058 815 dicit,
2079 764 2187 805 nihil
2207 764 2324 805 exei-

1308 843 1383 896 pit.

1363 914 1486 965 Item,
1505 912 1679 953 infinitis
1698 923 1784 951 non
1812 911 1872 950 est
1893 921 2046 962 ponere
2066 908 2209 961 aliqua
2238 919 2326 949 esse

1309 986 1431 1039 plura
1454 1001 1462 1026 ε
1493 985 1563 1026 sed
1592 984 1723 1025 Filius
1749 983 1882 1036 potest
1907 980 2072 1020 infinita
2088 1012 2098 1031 ,
2119 979 2219 1032 quia
2238 991 2325 1020 non

1309 1061 1444 1111 potest
1457 1060 1530 1108 tot,
1550 1057 1652 1110 quin
1667 1055 1789 1108 plura
1808 1069 1815 1095 :
1834 1065 1937 1105 ergo
1952 1052 2072 1092 Pater
2089 1064 2176 1092 non
2189 1053 2323 1105 potest

1310 1130 1431 1182 plura
1449 1140 1579 1182 quam
1601 1127 1757 1177 Filius3
1783 1125 1873 1178 pari
1894 1124 2077 1174 ratione,
2101 1135 2178 1164 nee
2197 1135 2325 1177 quam

1311 1199 1489 1253 Spiritus
1507 1201 1695 1239 sanctus.

1365 1270 1515 1310 Contra
1543 1284 1550 1310 :
1579 1273 1615 1309 l.
1646 1269 1811 1319 Quanto
1835 1268 2038 1321 producta
2067 1268 2166 1307 sunt
2194 1267 2330 1319 magis
2354 1277 2479 1313 Adopp.

1311 1340 1519 1391 distantia,
1537 1343 1651 1380 tanto
1671 1339 1854 1393 potentia
1865 1338 2097 1391 producens
2115 1340 2175 1378 est
2191 1337 2327 1389 latior,

1312 1412 1401 1453 sive
1428 1412 1608 1464 amplior
1639 1426 1647 1452 1
1670 1411 1741 1451 sed
1760 1410 1945 1464 potentia
1965 1410 2096 1450 Patris
2116 1422 2158 1450 se
2177 1412 2331 1450 exten-

1313 1481 1370 1520 dit
1390 1481 1442 1520 ad
1469 1482 1655 1520 creatum
1683 1482 1722 1520 et
1747 1480 2005 1529 increatum,
2034 1478 2219 1531 potentia
2238 1478 2331 1518 Filii

1312 1552 1363 1593 ad
1389 1555 1578 1593 creatum
1606 1554 1800 1601 tantum,
1832 1553 1872 1591 et
1904 1550 2043 1602 magis
2068 1550 2190 1591 distat
2215 1562 2333 1591 crea-

1312 1626 1404 1664 tum
1430 1626 1469 1664 et
1498 1624 1757 1674 increatum,
1780 1634 1910 1675 quam
1941 1624 2133 1662 ereatura
2159 1621 2298 1662 solum
2320 1634 2330 1662 :

1313 1708 1431 1748 ergo,
1454 1698 1532 1736 ete.

1366 1770 1405 1808 2.
1428 1767 1531 1808 Item
1549 1767 1680 1807 Filius
1700 1766 1786 1816 Dei,
1802 1768 1842 1807 et
1862 1769 2067 1817 creatura,
2084 1768 2182 1807 sunt
2202 1765 2333 1817 aliud,

1313 1842 1353 1880 et
1372 1839 1500 1890 aliud,
1517 1839 1617 1892 quia
1630 1840 1822 1879 creatura
1838 1840 1900 1879 est
1919 1838 2021 1890 quid
2041 1840 2243 1887 creatum,
2265 1837 2336 1878 sed

1313 1911 1443 1952 Filius
1463 1914 1525 1952 est
1543 1911 1720 1952 essentia
1746 1911 1931 1951 increata
1950 1924 1959 1950 ι
1981 1921 2084 1962 ergo
2117 1909 2249 1950 Filius
2263 1941 2273 1960 ,
2296 1911 2336 1950 et

1314 1989 1524 2037 ereatura,
1547 1988 1646 2026 sunt
1671 1985 1805 2037 aliud,
1829 1988 1870 2026 et
1887 1984 2001 2026 aliud
2022 1999 2029 2025 :
2054 1995 2156 2036 ergo
2176 1983 2298 2036 plura
2323 1997 2332 2024 z

1314 2070 1418 2111 ergo
1439 2057 1625 2111 potentia
1644 2069 1739 2110 quae
1764 2058 1899 2110 potest
1914 2056 1958 2096 in
1977 2055 2133 2096 Filium
2150 2056 2190 2094 et
2214 2065 2334 2094 erea-

1314 2132 1454 2169 turam
1472 2161 1482 2179 ,
1516 2128 1726 2182 potentior
1750 2130 1812 2168 est
1839 2139 1969 2180 quam
1997 2138 2093 2179 quae
2120 2127 2255 2179 potest
2291 2125 2336 2164 in

1314 2203 1550 2241 creaturam
1570 2202 1752 2250 tantum,
1776 2199 1862 2239 sive
1882 2201 2028 2252 potens
2044 2200 2105 2238 est
2120 2197 2164 2237 in
2183 2196 2306 2250 plura
2325 2211 2334 2237 :

1315 2272 1385 2313 sed
1402 2271 1587 2325 potentia
1604 2271 1737 2312 Patris
1758 2273 1820 2311 est
1836 2270 1927 2311 talis
1946 2283 1956 2310 z
1979 2282 2099 2322 ergo,
2115 2272 2193 2310 ete.

1369 2347 1406 2384 3.
1440 2343 1565 2394 Item,
1588 2345 1752 2384 tantum
1780 2342 1848 2383 vel
1875 2354 1999 2395 aeque
2027 2352 2237 2393 magnum
2268 2339 2336 2382 vel

1314 2416 1454 2468 maius
1489 2417 1549 2455 est
1579 2414 1807 2467 producere
1838 2425 2063 2467 personam
2097 2412 2307 2465 aequalem
2325 2443 2337 2462 ,

1314 2486 1423 2526 sieut
1442 2489 1680 2527 ereaturam
1704 2500 1712 2526 z
1738 2485 1810 2526 sed
1827 2485 1949 2526 Pater
1971 2486 2107 2538 potest
2123 2484 2214 2524 sine
2229 2482 2336 2524 Filio

1314 2559 1544 2612 producere
1587 2569 1810 2610 personam
1844 2572 1853 2598 :
1889 2569 1993 2609 ergo
2028 2558 2069 2597 et
2103 2555 2337 2609 producere

1314 2632 1581 2670 creaturam:
1610 2641 1712 2681 ergo
1736 2628 1902 2671 videtur
1930 2628 2043 2681 quod
2073 2626 2259 2680 potentia
2291 2626 2336 2667 in

1314 2701 1435 2742 Patre
1455 2714 1497 2741 se
1517 2700 1715 2741 extendat
1734 2700 1786 2741 ad
1803 2700 1940 2753 plura.

1368 2776 1406 2813 4.
1427 2772 1547 2822 Item,
1563 2772 1758 2825 quamvis
1775 2771 1955 2824 Spiritus
1968 2771 2135 2811 sanetus
2149 2770 2189 2810 et
2202 2768 2337 2810 Filius

1314 2859 1402 2887 non
1429 2846 1512 2886 sint
1548 2845 1705 2899 aliquid
1736 2845 1859 2899 plus,
1889 2847 2032 2885 tamen
2062 2843 2206 2897 plures
2237 2844 2337 2883 sunt

1315 2931 1445 2971 quam
1476 2917 1605 2958 Filius
1633 2917 1747 2958 solus
1769 2931 1778 2957 ε
1799 2928 1902 2968 ergo
1925 2927 2025 2956 eum
2044 2915 2090 2955 in
2117 2914 2238 2955 Patre
2256 2927 2340 2968 po-

1314 2989 1444 3030 tentia
1470 2989 1596 3042 possit
1623 2989 1667 3029 in
1686 2988 2004 3042 productionem
2024 2987 2248 3041 utriusque
2261 3021 2271 3039 ,
2292 2987 2339 3028 in

1315 3063 1419 3105 Filio
1439 3064 1483 3104 in
1506 3064 1680 3104 alteram
1702 3064 1883 3113 tantum,
1906 3062 1949 3102 in
1968 3061 2093 3115 plura
2110 3063 2245 3115 potest
2261 3073 2339 3115 po—

1315 3135 1446 3176 tentia
1473 3135 1517 3175 in
1543 3135 1664 3176 Patre
1690 3146 1820 3187 quam
1839 3133 1884 3174 in
1905 3133 2010 3174 Filio
2033 3147 2042 3174 ι
2063 3145 2167 3186 ergo
2188 3135 2338 3174 exten-

1316 3208 1434 3249 sione
1453 3206 1716 3261 possibilium
1730 3207 1792 3247 est
1807 3206 1958 3259 major.

1318 3316 1445 3355 ehard„
1467 3316 1477 3346 I
1500 3315 1604 3353 Seni„
1624 3313 1700 3345 dist.
1727 3321 1793 3351 xx,
1813 3322 1846 3354 q.
1864 3320 1898 3353 13
1924 3313 2095 3346 Franciso.
2118 3313 2160 3345 de
2182 3313 2303 3354 Mayr.,
2327 3313 2338 3343 1

1317 3364 1422 3401 Sent„
1441 3362 1516 3394 dist.
1545 3369 1611 3401 xx,
1632 3370 1665 3401 q.
1681 3368 1726 3401 113
1744 3360 1864 3392 Thom.
1886 3361 1980 3402 Arg„
2002 3361 2013 3392 l
2044 3362 2147 3398 Sem„
2178 3359 2253 3391 dist.
2270 3367 2337 3399 xx,

1317 3420 1349 3451 q.
1369 3418 1392 3448 1,
1409 3412 1471 3441 art.
1485 3408 1881 3449 33Marsilius»‹1uguen.,
1902 3409 1913 3439 1
1934 3409 2038 3447 Sent„
2057 3417 2090 3449 q.
2107 3415 2208 3447 xxm,
2223 3408 2285 3438 art.
2299 3409 2336 3447 2;

1318 3458 1419 3489 Gabr.
1438 3456 1520 3496 Biel,
1539 3455 1551 3487 Ι
1571 3456 1675 3494 88ηί.,
1698 3455 1774 3488 dist.
1788 3464 1848 3497 XX,
1868 3465 1900 3497 q.
1915 3455 2071 3488 unica.—
2085 3455 2219 3494 ³Joa2z.,
2233 3462 2266 3495 v,
2285 3456 2338 3491 19.

1316 3522 1355 3529 —
1371 3504 1383 3526 l*
1396 3505 1488 3545 Sap„
1504 3511 1602 3543 xviii,
1623 3505 1673 3535 Ι1“3
1798 3506 1800 3508 ’
