2613 3990
905 239 1031 281 DIST.
1067 239 1172 280 XIII.
1207 241 1325 282 ART.
1359 243 1389 284 I.
1421 243 1619 293 QUAEST.
1654 245 1684 285 I.

182 346 264 376 aere
282 333 329 372 fit
352 334 489 372 statua
503 362 514 381 ,
535 331 602 372 vel
622 331 728 371 sicut
747 331 791 370 in
808 330 950 381 figura
971 329 1198 370 incisionis.

181 404 326 446 Nonus
342 405 403 444 est
418 414 544 455 penes
556 401 887 454 productionem,
905 400 1011 440 sicut
1027 413 1051 440 a
1065 400 1202 453 primo

180 477 375 516 movente
394 473 603 514 immobili
628 472 875 525 producitur
897 474 1051 511 motus.
1084 471 1202 511 Deci-

178 557 274 585 mus
294 546 355 585 est
382 557 508 597 penes
527 544 689 584 exitum
715 542 950 594 specierum
976 555 1029 582 ex
1052 542 1102 593 (a)
1126 555 1203 593 ge-

177 628 278 657 nere
312 628 387 668 per
423 614 680 656 differentias
721 612 952 653 dividentes
985 626 1122 665 genus
1163 617 1203 654 et

178 687 476 728 constituentes
495 685 689 739 speciem.
723 683 979 724 Undecimus
996 686 1058 724 est
1077 697 1203 737 penes

176 758 431 800 ideationem
454 758 561 798 sicut
581 768 677 796 arca
696 755 892 806 exterior,
914 755 967 794 ab
986 767 1083 795 arca
1105 767 1201 808 quae

177 832 238 870 est
257 830 303 870 in
327 831 467 870 mente
491 827 676 869 artificis
697 825 977 867 Duodecimus
995 830 1056 867 est
1075 839 1203 880 penes

176 901 457 951 nascentiam,
475 901 523 940 ut
537 899 668 939 homo
687 901 918 950 generatur
939 898 991 937 ab
1011 898 1200 939 homine.

177 972 454 1024 Quocumque
482 972 625 1011 autem
653 969 951 1022 praedictorum
978 969 1203 1010 modorum

176 1046 404 1095 generetur
419 1042 548 1093 filius,
562 1053 650 1082 non
666 1043 832 1082 tantum
849 1041 1021 1093 genitus
1039 1043 1114 1090 est,
1132 1041 1202 1082 sed

176 1115 302 1155 etiam
322 1115 456 1155 factus
472 1115 548 1154 est.

229 1185 293 1226 Ad
311 1185 392 1225 hoc
410 1185 473 1225 est
491 1183 732 1236 responsio,
760 1183 861 1235 quia
880 1186 953 1223 aut
977 1183 1105 1224 Arius
1132 1196 1202 1224 ac-

176 1256 276 1309 cipit
300 1255 619 1308 generationem
643 1254 928 1295 communiter
947 1255 999 1294 ad
1018 1257 1202 1295 creatam

176 1329 217 1367 et
243 1327 453 1377 divinam,
487 1328 560 1367 aut
586 1325 818 1379 specialiter
848 1326 893 1365 in
920 1328 1127 1366 creatura.
1159 1325 1201 1367 Si

175 1397 480 1448 communiter,
503 1400 610 1438 *tunc
635 1397 728 1440 dico
751 1397 865 1450 quod
898 1396 1202 1437 insufficienter

175 1469 348 1520 dividit,
369 1469 470 1523 quia
489 1468 600 1510 ultra
617 1469 718 1510 istos
737 1469 884 1510 modos
903 1472 965 1510 est
985 1468 1202 1521 generatio

175 1541 250 1581 filii
273 1553 298 1581 a
315 1543 433 1594 patre
452 1541 686 1582 secundum
716 1541 893 1582 modum
912 1541 1199 1592 singularem,

175 1612 250 1665 qui
267 1615 330 1654 est
357 1613 408 1653 de
436 1614 523 1653 tota
549 1613 783 1653 substantia
805 1612 1046 1664 generantis
1063 1644 1073 1661 ,
1096 1612 1203 1652 sicut

176 1696 303 1737 supra
339 1683 499 1725 dictum
533 1684 612 1725 fuit
640 1696 755 1724 nona
780 1683 1046 1724 distinctione
1064 1716 1073 1733 ,
1095 1684 1170 1724 ubi
1188 1717 1198 1735 ,

175 1755 276 1808 quia
303 1767 387 1796 non
414 1758 550 1808 potest
576 1768 664 1796 esse
695 1755 871 1796 mutatio
888 1787 898 1804 ‚
933 1755 1049 1796 nullo
1078 1756 1202 1796 modo

175 1830 310 1880 potest
328 1840 417 1869 esse
441 1828 581 1868 factio.
603 1828 646 1869 Si
672 1830 815 1868 autem
840 1827 998 1867 dividat
1023 1839 1202 1879 genera-

175 1899 336 1940 tionem
361 1901 409 1940 ut
436 1902 498 1940 est
521 1900 566 1939 in
591 1898 820 1948 creaturis,
841 1898 1067 1939 dicendum
1091 1899 1203 1951 quod

175 1970 327 2012 divisio
342 1970 414 2010 iIIa
431 1970 692 2011 insufficiens
712 1973 772 2011 θεῖ
790 1970 945 2018 adhuc,
967 1970 1068 2022 quia
1084 1970 1204 2010 oznit-

175 2041 224 2081 tit
236 2041 554 2093 generationem
570 2041 850 2094 aequivocam,
866 2052 965 2093 quae
980 2043 1040 2080 est
1057 2053 1204 2082 secun—

174 2112 278 2154 dum
297 2113 660 2166 putrefactionem.
683 2112 763 2153 Sed
781 2115 868 2154 esto
885 2113 998 2165 quod
1016 2126 1204 2166 compre-

174 2184 330 2226 hendat
348 2198 444 2227 eam
462 2186 541 2227 sub
560 2185 833 2239 generatione
853 2197 950 2239 quae
969 2188 1031 2226 est
1049 2198 1202 2227 secun-

174 2256 278 2297 dum
296 2258 571 2307 nascentiam,
592 2260 737 2298 tamen
753 2257 893 2298 adhuc
914 2269 1001 2298 non
1021 2258 1134 2298 valet
1151 2258 1203 2300 ad

174 2328 462 2381 propositum,
491 2329 604 2381 quod
636 2329 670 2368 si
695 2341 782 2369 non
813 2331 1068 2380 generatur,
1098 2329 1205 2370 sicut

174 2401 368 2440 creatura
387 2399 539 2440 dicitur
555 2400 767 2452 generari,
790 2400 907 2440 nullo
928 2400 1052 2441 modo
1069 2412 1203 2452 gene-

174 2473 318 2512 ratur:
332 2471 529 2524 quamvis
543 2471 657 2512 enim
673 2474 865 2512 creatura
879 2471 931 2511 sit
946 2471 1026 2512 Deo
1039 2472 1201 2524 similis,

174 2544 318 2583 tamen
330 2542 427 2595 plus
445 2545 507 2583 est
525 2543 741 2584 dissimilis
759 2555 889 2595 quam
906 2542 1075 2594 similis,
1097 2542 1205 2584 sicut

175 2614 274 2655 dicit
295 2615 566 2668 Augustinus
600 2620 611 2641 ¹
628 2647 638 2664 ,
659 2615 706 2655 in
734 2614 805 2656 XV
828 2614 879 2657 cle
906 2616 1117 2658 Trinicate
1132 2646 1144 2665 ,
1164 2617 1205 2656 et

175 2684 377 2727 Hilarius.
406 2685 628 2737 Similiter,
654 2699 752 2727 cum
778 2687 917 2727 omnis
944 2687 1204 2740 comparatio

174 2758 551 2813 inferiorum-plus
580 2759 789 2800 habeatur
818 2759 1064 2800 hominibus
1090 2760 1204 2801 utilis

175 2841 307 2882 quam
322 2830 405 2872 Deo
427 2834 544 2884 apta3
562 2833 603 2871 et
619 2831 712 2871 ideo
730 2830 917 2871 haeretici
934 2833 1201 2883 erraverunt,

176 2901 252 2954 qui
269 2903 493 2944 credebant
510 2903 687 2944 omnino
706 2915 797 2943 esse
817 2903 862 2943 in
882 2903 962 2944 Deo
976 2936 986 2954 ,
1009 2903 1116 2944 sicut
1135 2903 1201 2944 vi-

176 2972 330 3015 debant
347 2974 392 3015 in
409 2977 603 3016 creatura
618 3007 627 3025 ‚
657 2977 698 3015 et
721 2975 801 3015 hoc
819 2975 926 3015 bene
943 2975 1134 3027 tangitur
1158 2975 1205 3015 in

178 3043 320 3086 Glossa
338 3058 465 3100 super
483 3047 674 3101 primum
693 3046 754 3088 ad
780 3046 988 3097 Hebroeos‚
1007 3047 1082 3087 ubi
1101 3046 1203 3087 dici-

178 3117 248 3156 tur
275 3128 286 3156 :
323 3116 457 3158 «Non
487 3120 664 3171 possunt
690 3117 940 3170 temporalia
967 3117 1204 3171 comparari

180 3189 348 3229 aeternis
373 3189 541 3243 integra
563 3190 806 3240 collatione,
838 3189 910 3230 sed
929 3189 1069 3242 aliqua
1086 3189 1204 3230 tenui

179 3258 453 3301 similitudine
467 3274 477 3312 3
493 3275 512 3299 1)
535 3264 576 3303 et
587 3262 698 3313 ideo,
715 3261 822 3302 sicut
839 3272 968 3313 supra
986 3263 1203 3301 ostensum

179 3331 256 3379 est,
276 3332 512 3373 secundum
529 3333 719 3374 diversas
732 3330 1006 3381 conditiones,
1025 3332 1203 3373 diversae

225 3414 232 3432 ¹
250 3414 406 3454 August„
424 3413 462 3445 de
483 3415 614 3454 Triuia,
635 3416 694 3448 lib.
722 3416 792 3453 XV,
811 3424 841 3446 c.
856 3421 915 3454 XX,
933 3423 968 3446 n.
990 3415 1042 3446 39.
1056 3432 1097 3438 —
1115 3415 1129 3436 2
1149 3415 1203 3455 Cf.

179 3460 275 3492 Alex.
297 3461 439 3502 Alensis,
458 3471 493 3503 p.
514 3463 549 3503 1,
568 3472 601 3503 q.
619 3471 714 3504 xmi,
734 3462 861 3495 memb.
880 3462 967 3502 13S.
983 3463 1104 3496 Thom.
1123 3472 1157 3504 p.
1178 3463 1204 3504 1,

180 3517 213 3550 q.
234 3516 344 3550 xxvss,
359 3511 420 3540 art.
441 3512 475 3549 13
495 3512 528 3541 et
543 3511 553 3541 1
571 3511 676 3550 Sent„
695 3511 772 3544 dist.
789 3518 864 3550 xiil,
886 3512 947 3541 art.
965 3513 994 3550 13
1012 3512 1045 3541 et
1063 3510 1102 3542 de
1116 3512 1203 3551 Pot.‚

180 3564 214 3596 q.
229 3564 262 3597 x,
275 3558 338 3588 art.
359 3559 389 3597 13
410 3556 544 3597 scotus,
559 3558 571 3588 1
589 3557 693 3597 Sent.‚
713 3558 790 3590 dist.
805 3566 843 3598 11,
859 3566 893 3598 q.
907 3557 939 3596 7;
955 3557 1067 3598 AEgid.
1085 3558 1204 3599 Rom„

2229 257 2299 294 221

1280 334 1574 383 generationes
1613 334 1728 375 illam
1769 341 2084 388 repraesentant.
2134 340 2305 383 [latione

1279 403 1395 443 enim
1425 405 1752 455 conformitatis,
1783 409 1845 447 est
1871 407 2019 448 similis
2045 413 2306 461 generationi

1280 475 1398 514 verbi
1426 488 1451 515 a
1480 478 1644 526 mente3
1677 477 1839 518 ratione
1874 479 2125 530 coaevitatis,
2161 481 2308 523 similis

1279 546 1542 595 generationi
1560 547 1794 599 splendoris
1820 561 1844 589 a
1871 549 1956 589 sole
1972 581 1982 598 ,
2005 550 2092 591 sive
2120 551 2171 592 de
2190 552 2304 602 luce;

1280 616 1440 657 ratione
1464 618 1716 670 aequalitatis
1732 651 1742 669 ,
1763 620 2026 671 generationi
2051 621 2233 663 viventis
2257 623 2308 664 de

1283 686 1467 728 vivente.

1591 782 1913 829 ARTICULUS
1945 786 1979 828 I.

1335 899 1399 939 Ad
1418 899 1742 953 intelligentiam
1761 915 1910 944 eorum
1930 917 2029 957 quae
2046 905 2246 947 dicuntur
2263 906 2307 947 in

1284 968 1420 1010 littera
1435 1002 1446 1021 ,
1469 975 1651 1024 quatuor
1674 978 1927 1026 quaeruntur
1951 989 1960 1016 :
1992 977 2129 1029 primo
2151 978 2309 1030 quaeri-

1285 1043 1355 1080 tur
1381 1044 1529 1083 utrum
1556 1042 1600 1083 in
1626 1044 1784 1085 divinis
1813 1046 1868 1085 sit
1894 1058 2049 1099 ponere
2079 1048 2310 1099 processio-

1278 1123 1398 1162 nem3
1434 1114 1618 1155 secundo
1635 1147 1645 1166 ,
1693 1118 1841 1156 utrum
1883 1118 2090 1170 processio
2130 1117 2310 1171 Spiritus

1278 1184 1411 1223 sancti
1430 1184 1483 1225 sit
1501 1186 1741 1238 generatim
1764 1188 1887 1229 tertio
1900 1220 1911 1239 ,
1934 1191 2081 1229 utrum
2102 1189 2309 1241 processio

1279 1252 1461 1306 Spiritus
1470 1258 1603 1297 sancti
1616 1258 1782 1298 realiter
1795 1258 1961 1300 differat
1970 1272 1994 1300 a
2011 1260 2286 1312 generatione
2296 1271 2307 1308 3

1278 1329 1452 1378 quarto,
1474 1330 1620 1368 utrum
1649 1328 1826 1382 Spiritus
1854 1333 2026 1372 sanctus
2053 1331 2201 1372 debeat
2227 1332 2309 1373 dici

1276 1396 1509 1449 ingenitus,
1531 1402 1607 1441 aut
1626 1413 1727 1442 non.

1642 1557 1880 1608 QUAESTIO
1913 1560 1945 1600 I.

1397 1658 1457 1693 An
1475 1660 1515 1693 in
1535 1658 1671 1695 divinis
1688 1661 1737 1696 sit
1758 1671 1889 1707 ponere
1909 1660 2166 1697 Processionem
2187 1660 2213 1697 ².

1333 1754 1452 1804 Quod
1471 1757 1679 1809 processio
1697 1757 1750 1798 sit
1769 1758 1964 1811 ponenda
1980 1759 2024 1799 in
2044 1759 2197 1800 divinis
2210 1790 2223 1810 ,
2242 1772 2310 1801 os-

1278 1828 1465 1869 tenditur
1478 1829 1615 1882 primo
1626 1830 1875 1871 auctoritate
1889 1830 1908 1871 J
1913 1831 2076 1880 oannis,
2094 1844 2167 1885 per
2181 1845 2310 1885 quem

1279 1900 1380 1940 dicit
1399 1900 1592 1942 Salvator
1611 1902 1625 1923 ³
1646 1917 1654 1942 :
1676 1902 1850 1945 Mittam
1866 1903 1984 1945 vobis
2007 1903 2219 1956 Spiritum
2237 1916 2312 1947 ve-

1278 1973 1426 2015 ritatis
1449 1974 1525 2025 qui
1542 1985 1569 2015 a
1592 1974 1714 2016 Patre
1728 1974 1937 2027 procedit.
1967 1975 2011 2016 Si
2030 1988 2134 2028 ergo
2150 1976 2313 2017 Veritas

1279 2056 1365 2084 non
1384 2044 1483 2085 dicit
1500 2045 1579 2085 nisi
1599 2058 1768 2097 verum,
1790 2051 1831 2088 et
1848 2046 2036 2087 Verbum
2067 2048 2113 2100 (b)
2139 2048 2210 2088 Dei
2226 2060 2313 2089 non

1278 2115 1471 2168 loquitur
1491 2117 1573 2157 nisi
1598 2118 1769 2171 proprie
1790 2131 1912 2170 vera,
1935 2131 2039 2171 ergo
2064 2119 2232 2172 proprie
2252 2122 2314 2160 est

1280 2187 1488 2240 processio
1507 2188 1553 2228 in
1572 2189 1744 2231 divinis.

1334 2258 1438 2300 Item
1450 2292 1460 2311 ,
1479 2259 1526 2300 in
1541 2260 1698 2301 divinis
1715 2260 1933 2302 verissime
1950 2264 2012 2302 est
2031 2262 2154 2314 origo
2179 2276 2187 2302 z
2211 2274 2316 2314 ergo

1280 2332 1320 2370 et
1346 2331 1567 2383 productio
1590 2344 1600 2372 ε
1629 2332 1701 2373 sed
1730 2333 1849 2373 omni
1877 2333 2144 2386 productioni
2165 2334 2313 2374 activae

1280 2402 1502 2453 respondet
1521 2402 1742 2455 productio
1766 2403 1933 2456 passiva
1962 2418 1970 2444 :
2003 2403 2076 2444 sed
2094 2404 2315 2457 productio

1280 2472 1448 2524 passiva
1469 2475 1530 2513 est
1549 2474 1759 2525 processio
1781 2489 1790 2515 :
1807 2486 1926 2527 ergo,
1942 2487 1966 2515 a
1986 2475 2127 2527 primo
2148 2475 2199 2515 ad
2219 2475 2316 2515 ulti-

1281 2556 1416 2595 mum,
1432 2544 1475 2584 in
1486 2544 1642 2585 divinis
1655 2558 1756 2586 vere
1772 2548 1812 2586 et
1826 2545 1995 2599 proprie
2010 2550 2070 2587 est
2086 2546 2311 2599 processio.

1335 2615 1460 2667 Item,
1479 2629 1600 2658 amor
1617 2620 1760 2658 noster
1783 2620 1823 2658 et
1843 2620 1903 2658 est
1923 2630 2057 2668 amor,
2077 2621 2118 2658 et
2137 2619 2189 2658 ab
2208 2619 2311 2669 alio,

1280 2690 1321 2728 et
1340 2688 1479 2729 exitus
1507 2690 1600 2742 ers
1622 2690 1674 2730 ab
1695 2689 1780 2730 alio
1800 2702 1899 2731 vere
1920 2692 1960 2730 et
1976 2689 2144 2743 proprie
2169 2690 2314 2743 expri-

1280 2760 1412 2800 mitur
1431 2760 1476 2801 in
1492 2760 1623 2803 verbo
1640 2761 1930 2813 procedendi:
1950 2774 2047 2802 cum
2068 2773 2170 2813 ergo
2193 2773 2313 2802 amor

1280 2832 1471 2882 divinus,
1503 2832 1577 2885 qui
1605 2835 1667 2874 est
1701 2832 1885 2886 Spiritus
1919 2835 2107 2883 sanctus,
2143 2845 2242 2873 vere
2273 2835 2314 2873 et

1280 2904 1448 2957 proprie
1476 2916 1597 2946 amor
1625 2905 1706 2956 sit,
1740 2908 1780 2945 et
1808 2905 1860 2945 ab
1883 2904 1987 2954 alio;
2017 2904 2125 2944 sicut
2152 2915 2312 2945 nomen

1280 2976 1436 3016 amoris
1455 2976 1493 3016 ei
1513 2977 1713 3029 competit
1731 2975 2020 3029 propriissime
2032 3007 2043 3026 ,
2065 2975 2122 3015 ita
2141 2975 2312 3017 videtur

1280 3047 1318 3087 ei
1337 3047 1564 3088 convenire
1583 3050 1624 3088 et
1641 3047 1866 3100 processio.

1333 3117 1453 3167 Item,
1469 3118 1522 3159 ad
1541 3118 1794 3171 completam
1810 3117 2019 3159 rationem
2032 3118 2311 3171 processionis

1279 3189 1357 3230 ista
1377 3189 1461 3230 duo
1481 3189 1777 3242 requiruntur,
1796 3190 1912 3242 quod
1933 3191 1987 3230 sit
2003 3190 2057 3231 ab
2073 3190 2177 3242 alio,
2199 3192 2240 3231 et
2266 3190 2311 3230 in

1279 3261 1413 3301 alium
1443 3261 1586 3301 tendat
1619 3275 1628 3302 ε
1665 3261 1736 3301 sed
1768 3273 1889 3302 amor
1923 3262 1999 3315 qui
2035 3265 2098 3303 est
2129 3261 2310 3314 Spiritus

1279 3335 1448 3373 sanctus
1478 3344 1564 3372 non
1596 3332 1780 3384 procedit
1806 3345 1831 3373 a
1867 3332 1989 3374 Patre
2020 3334 2065 3374 in
2098 3335 2309 3386 quantum

1280 3410 1292 3441 1
1314 3409 1418 3447 Sent„
1433 3408 1510 3440 dist.
1533 3415 1615 3449 X111,
1637 3418 1670 3450 q.
1687 3417 1717 3450 13
1737 3409 1942 3451 Richardus,
1964 3411 1974 3442 1
1994 3410 2098 3448 Seni„
2121 3409 2198 3440 dist.
2230 3414 2307 3448 xm,

1280 3466 1312 3497 q.
1341 3464 1368 3497 ¹3
1401 3457 1520 3488 Petrus
1550 3456 1591 3487 de
1610 3457 1761 3498 Tarant.,
1783 3458 1794 3489 1
1814 3458 1933 3496 Sene„
1960 3458 2038 3489 dist.
2067 3464 2151 3496 xm,
2174 3464 2207 3496 q.
2227 3463 2249 3487 1.
2269 3472 2308 3478 —

1280 3504 1293 3525 3
1308 3506 1415 3541 Ιοαη.,
1438 3511 1493 3544 xv,
1514 3506 1566 3536 26.

1321 3558 1364 3598 (a)
1387 3557 1466 3589 Caet.
1489 3556 1570 3588 edit.
1589 3557 1637 3590 in.
1657 3576 1698 3583 -—
1718 3558 1760 3599 (h)
1778 3559 1858 3591 Coet.
1875 3558 1955 3590 edit.
1974 3558 2090 3590 verba.

2355 1774 2468 1802 Funda-

2330 1819 2435 1843 menta.
