2613 3990
821 346 949 387 DIST.
975 345 1045 385 ΙΙΙ.
1077 344 1211 386 PARS
1242 345 1292 387 ΙΙ.
1323 345 1442 387 ART.
1475 345 1526 385 II.
1558 344 1756 394 QUAEST.
1785 345 1820 386 Ι.
2327 348 2379 385 85

268 434 348 476 hos
362 437 499 487 actus,
518 436 673 478 scilicet
685 448 807 478 nosse
826 437 867 476 et
884 446 1028 476 amare
1046 449 1055 476 :
1073 447 1191 487 ergo,
1209 437 1285 476 etc.

322 505 427 546 Item
446 507 698 558 ostenditur,
720 506 831 560 quod
849 517 936 546 non
962 508 1011 546 ut
1029 505 1074 545 in
1092 506 1289 558 potentiis

269 579 310 617 θῖ
326 576 563 628 habitibus3
586 591 682 619 cum
704 577 816 618 enim
843 577 1042 630 potentiae
1072 577 1156 616 sint
1175 580 1259 617 tres
1275 609 1285 625 ,

269 650 310 689 et
325 648 493 690 habitus
508 651 591 690 tres
601 681 611 699 ‚
631 652 733 690 tunc
749 660 835 689 non
854 651 960 689 esset
974 648 1198 699 ternarius,
1217 649 1287 689 sed

267 721 472 762 senarius,

321 791 425 833 Item
441 825 452 843 ,
487 805 633 846 quaero
665 804 742 846 pro
775 804 861 845 qua
891 792 1077 845 potentia
1114 794 1193 832 stat
1227 792 1287 832 ibi

268 867 413 904 mens?
432 863 516 904 Aut
541 863 654 904 enim
674 866 754 903 stat
777 875 854 916 pro
874 863 1072 903 omnibus
1089 895 1099 911 ,
1119 866 1191 903 aut
1211 873 1286 915 pro

267 933 449 984 duabus,
468 935 541 974 aut
558 945 635 986 pro
654 945 764 974 una:
788 933 822 973 si
847 945 924 986 pro
941 933 1139 974 omnibus
1154 964 1163 981 ‚
1184 935 1288 972 tunc

266 1017 353 1046 non
369 1008 430 1046 est
446 1005 505 1046 ibi
523 1005 712 1055 trinitas3
735 1005 771 1045 si
788 1016 864 1058 pro
890 1005 1075 1056 duabus,
1102 1007 1205 1045 tunc
1226 1006 1287 1044 est

264 1076 323 1117 ibi
340 1077 611 1130 quaternitas,
629 1088 727 1117 cum
746 1076 829 1117 duo
843 1076 927 1116 sint
945 1076 1136 1126 habitus-3
1154 1076 1188 1115 si
1210 1087 1286 1128 pro

264 1159 351 1188 una
370 1178 381 1197 ‚
406 1159 492 1189 non
519 1149 655 1201 potest
684 1147 840 1188 habere
877 1147 978 1188 istos
1009 1147 1114 1188 duos
1143 1150 1284 1197 actus,

264 1230 383 1260 nosse
402 1221 443 1260 et
472 1231 646 1260 amare:
674 1231 778 1271 ergo
806 1231 894 1259 non
921 1219 1105 1259 sumitur
1123 1218 1288 1259 trinitas

264 1290 495 1332 secundum
515 1290 686 1331 habitus
705 1294 745 1331 et
763 1291 969 1344 potentias
991 1290 1134 1330 simul.

318 1361 490 1403 Contra:
502 1365 521 1402 1
532 1393 541 1401 .
557 1361 814 1412 Ostenditur,
829 1361 941 1414 quod
955 1373 1042 1401 non
1062 1364 1111 1401 ut
1128 1361 1175 1401 in
1190 1361 1288 1401 sub-

264 1433 415 1483 stantia
434 1437 475 1475 θῖ
496 1423 710 1475 habitibus
737 1434 877 1475 simul.
901 1434 1006 1474 Cum
1027 1434 1142 1474 enim
1164 1434 1287 1474 habi-

262 1507 331 1546 tus
349 1506 628 1558 cognoscendi
649 1509 689 1546 et
707 1506 876 1547 amandi
902 1509 1133 1559 sequantur
1152 1506 1287 1558 ipsam

263 1577 543 1618 substantiam
575 1580 788 1630 tempore,
817 1580 858 1618 et
887 1577 1124 1618 substantia
1156 1578 1285 1618 etiam

262 1648 394 1702 possit
422 1661 510 1689 esse
540 1649 630 1690 sine
661 1649 752 1698 his3
772 1648 878 1689 ratio
908 1650 1052 1689 autem
1084 1648 1287 1701 imaginis

263 1719 316 1759 sit
331 1719 412 1773 ipsi
432 1719 587 1761 animae
608 1722 833 1773 perpetua,
850 1721 891 1760 et
909 1719 1200 1771 inseparabilis
1213 1752 1224 1770 ,
1247 1722 1287 1760 et

265 1794 485 1831 concreata
504 1805 513 1831 :
535 1802 637 1843 ergo
656 1802 743 1831 non
762 1792 823 1831 est
840 1789 1109 1830 inhabitibus
1131 1791 1171 1830 et
1190 1789 1286 1830 sub-

261 1861 414 1902 stantia
433 1861 573 1903 simul.

315 1935 355 1973 2.
375 1932 493 1984 Item,
513 1933 548 1973 si
565 1933 798 1974 substantia
816 1935 1146 1974 connumeratur
1162 1933 1286 1973 habi-

261 2004 388 2055 tihus,
403 2007 445 2046 et
459 2005 626 2047 habitus
641 2009 740 2047 sunt
757 2007 856 2054 tres,
873 2007 913 2046 θῖ
926 2005 1161 2046 substantia
1175 2017 1282 2046 una:

261 2088 366 2128 ergo
383 2076 463 2117 erit
489 2077 549 2117 ibi
576 2076 849 2130 quaternitas.
873 2075 916 2117 Si
943 2079 990 2117 tu
1013 2076 1149 2127 dieas,
1172 2076 1286 2129 quod

260 2158 348 2188 non
366 2147 506 2189 differt
525 2147 675 2188 notitia
700 2147 936 2188 secundum
952 2147 1065 2200 quod
1086 2151 1147 2188 θεῖ
1162 2148 1286 2188 habi-

260 2221 330 2260 tus
346 2218 612 2261 intellectivae
625 2251 635 2270 ,
656 2223 696 2260 θῖ
712 2219 955 2269 memoriae3
979 2222 1125 2261 contra
1142 2234 1150 2261 :
1169 2220 1286 2261 habi-

259 2292 329 2331 tus
361 2293 460 2332 sunt
499 2291 788 2344 dispositiones
824 2291 1112 2344 potentiarum
1149 2307 1157 2334 :
1186 2304 1286 2334 cum

259 2373 364 2414 ergo
382 2362 467 2403 sint
491 2365 576 2403 tres
598 2362 818 2415 potentiae,
837 2365 963 2403 erunt
987 2365 1071 2404 tres
1097 2365 1283 2408 habitus.

313 2437 352 2475 3.
382 2433 510 2486 Item,
540 2434 741 2487 Magister
769 2434 869 2476 dicit
907 2437 952 2477 in
976 2436 1143 2488 littera,
1172 2440 1286 2491 quod

260 2517 381 2546 mens
398 2506 601 2560 accipitur
621 2519 710 2547 non
739 2519 815 2560 pro
840 2508 1007 2560 anima,
1029 2509 1101 2550 sed
1127 2522 1204 2562 pro
1236 2522 1286 2552 eo

260 2576 375 2630 quod
390 2577 514 2618 estin
533 2589 583 2619 ea
600 2577 872 2620 eminentius.

135 1373 180 1400 Ad
192 1380 242 1409 op-

107 1422 168 1450 pos.

597 2721 944 2765 CONCLUSIO.

260 2819 382 2865 Imaqo
400 2818 604 2855 attenditur
620 2819 661 2855 in
680 2822 816 2863 mente,
838 2821 975 2855 notitia
1001 2823 1035 2857 et
1054 2831 1193 2865 amore,
1215 2832 1286 2858 non

305 2881 348 2915 ut
365 2880 405 2914 in
414 2881 602 2925 potentiis,
623 2890 732 2925 neque
751 2883 791 2915 ut
810 2882 850 2915 in
863 2880 1072 2924 habitibus5
1094 2882 1155 2917 secl
1172 2893 1286 2927 quan-

310 2940 385 2974 tum
403 2937 451 2974 ad
461 2938 703 2974 substantiam
718 2940 850 2974 animae
868 2949 903 2974 se
920 2942 1094 2975 noscentis
1113 2943 1147 2976 et
1161 2951 1286 2977 aman-

310 2998 376 3041 tis,
410 3001 445 3034 et
464 3001 639 3045 quantum
667 2998 715 3034 ad
733 2998 878 3034 habitus
898 3001 1041 3035 notitiae
1072 3003 1105 3035 et
1130 3003 1284 3044 amoris,

309 3059 372 3104 qui
388 3062 470 3095 sunt
485 3059 630 3095 habitus
647 3059 912 3104 connaturales,
934 3061 967 3095 et
986 3069 1057 3095 non
1074 3062 1258 3106 acquisiti.

315 3153 437 3209 Resp.
461 3155 514 3196 ad
532 3156 638 3208 Arg.
660 3155 914 3206 Dicendum,
933 3156 1047 3208 quod
1063 3156 1203 3197 differt
1221 3169 1287 3198 se-

264 3225 452 3267 cundum
476 3227 684 3280 quosdam
708 3226 937 3278 assignatio
965 3227 1056 3268 haec
1072 3240 1097 3268 a
1122 3240 1286 3281 praece-

140 3342 186 3368 ψ
265 3295 402 3347 denti3
423 3298 524 3350 quia
549 3298 665 3351 prior
689 3297 769 3339 fuit
796 3298 841 3338 in
868 3298 1085 3351 potentiis,
1106 3298 1200 3341 haec
1227 3303 1288 3342 θεῖ

105 3349 244 3416 ςυὸιῗιίςο-
263 3365 309 3406 in
327 3366 554 3410 habitibus
567 3368 619 3410 Et
633 3369 886 3423 respondent
895 3368 1202 3421 objectionibus
1212 3384 1288 3425 per

64 3459 66 3462 ψ
104 3423 243 3492 {Rama-
263 3436 572 3480 distinctionem
592 3441 760 3482 mentis.
780 3439 898 3481 Mens
917 3440 1032 3481 enim
1050 3443 1288 3484 secundum

307 3568 320 3591 ¹
334 3569 381 3602 De
399 3568 463 3610 fide
476 3569 616 3609 orthod„
639 3571 698 3603 lib.
719 3572 769 3614 11,
790 3581 819 3604 c.
837 3579 932 3612 xxii,
954 3573 1031 3603 autc
1048 3573 1140 3605 med.
1156 3592 1197 3597 —
1215 3573 1288 3606 2De

267 3616 398 3658 Spiritu
419 3619 450 3648 el
469 3617 612 3659 Anima,
634 3628 663 3651 c.
684 3628 719 3652 XI
741 3620 825 3662 (sed
843 3628 915 3651 non
940 3622 991 3652 est
1012 3621 1228 3662 Augustini).
1249 3640 1288 3648 —

266 3663 280 3686 ³
293 3664 341 3697 De
362 3664 496 3706 Trinit„
514 3664 574 3697 lib.
592 3666 656 3709 IX,
676 3676 706 3700 c.
723 3674 749 3700 11
770 3670 909 3710 etseq..

1362 434 1682 490 quadruplicem
1696 434 1873 475 modum
1887 433 2121 487 accipiendi
2133 433 2383 475 diversifica-

1361 511 1454 548 tur:
1470 506 1747 548 diciturenim
1763 519 1850 547 uno
1867 506 1992 547 modo
2010 519 2034 546 a
2053 516 2170 548 ‘mene
2182 505 2251 559 (a),
2270 506 2382 558 quod

1363 581 1424 619 θεῖ
1441 578 1545 619 luna
1564 578 1653 618 sive
1676 578 1881 628 defectus,
1901 580 1942 618 et
1963 578 2023 618 sic
2051 577 2204 618 dicitur
2224 577 2273 617 de
2298 579 2383 617 tota

1362 649 1515 690 animae
1541 649 1792 700 substantia,
1814 651 1984 701 propter
2011 647 2384 688 transmutationes

1363 733 1467 773 quas
1489 721 1635 768 habet;
1654 721 1838 761 secundo
1856 720 1981 761 modo
2000 719 2154 760 dicitur
2169 732 2194 759 a
2211 718 2385 759 metien-

1362 791 1414 832 do
1435 791 1500 844 (b),
1522 794 1562 832 et
1581 791 1639 831 sic
1657 794 1737 832 stat
1757 804 1832 844 pro
1848 791 2080 844 judicativa
2095 791 2163 840 vi,
2184 793 2224 830 θῖ
2243 790 2302 830 sic
2320 802 2386 831 ac-

1364 862 1463 916 cipit
1477 875 1572 904 cam
1590 863 1873 903 Damascenus
1888 867 1916 911 1,
1937 874 2100 915 ponens
2121 862 2257 914 ipsam
2275 860 2386 902 inter

1362 934 1570 987 potentias
1589 934 1823 986 cognitivas
1840 948 1849 984 3
1871 933 1994 974 tertio
2015 933 2140 973 modo
2161 932 2313 973 dicitur
2331 932 2384 972 ab

1363 1006 1587 1046 eminendo
1603 1038 1612 1056 ,
1635 1008 1676 1045 et
1694 1004 1753 1045 sic
1769 1007 1849 1045 stat
1865 1016 1941 1057 pro
1958 1003 2165 1057 superiori
2182 1005 2300 1056 parte
2317 1015 2385 1043 ra-

1362 1077 1487 1117 tionis
1507 1108 1516 1126 ,
1539 1079 1579 1117 et
1608 1076 1668 1117 sic
1692 1076 1839 1128 accipit
1871 1087 1965 1116 eam
1988 1074 2283 1127 Augustinus2
2302 1074 2385 1114 fre-

1362 1151 1557 1201 quenter3
1577 1150 1727 1201 quarto
1747 1147 1872 1188 modo
1894 1147 2046 1188 dicitur
2070 1159 2095 1187 a
2121 1145 2384 1196 meminisse,

1362 1222 1402 1260 et
1421 1220 1480 1260 sic
1499 1222 1579 1260 stat
1599 1231 1674 1272 pro
1702 1219 1930 1269 memoria,
1953 1221 1992 1258 θῖ
2009 1220 2220 1270 quantum
2242 1217 2294 1258 ad
2313 1229 2386 1257 ac-

1360 1294 1477 1341 tum,
1497 1294 1537 1331 et
1561 1293 1769 1344 quantum
1797 1290 1849 1331 ad
1875 1289 2083 1330 habitum.
2112 1288 2263 1329 Dicunt
2281 1299 2385 1339 ergo

1362 1362 1489 1415 quod,
1511 1363 1556 1403 in
1573 1362 1860 1414 assignatione
1879 1361 2010 1414 hujus
2026 1360 2240 1409 trinitatis,
2263 1371 2386 1400 mens

1363 1436 1442 1473 stat
1467 1445 1543 1486 pro
1573 1433 1723 1473 habitu
1754 1432 1971 1473 memoriae
1994 1447 2004 1482 3
2036 1431 2106 1472 sed
2136 1432 2181 1472 in
2210 1431 2387 1484 adapta-

1360 1504 1494 1555 tione,
1518 1517 1615 1545 cum
1636 1504 1789 1545 dicitur
1809 1519 1817 1544 2
1846 1503 1994 1543 «Mens
2009 1503 2129 1545 novit
2146 1515 2204 1554 se,
2223 1505 2264 1543 θῖ
2290 1502 2387 1543 diii-

1361 1575 1443 1626 git,
1466 1590 1484 1612 »
1507 1578 1586 1616 stat
1604 1588 1680 1628 pro
1708 1575 1893 1628 potentia
1918 1574 2196 1615 memorandi.
2217 1573 2298 1615 Sed
2325 1573 2386 1614 is-

1361 1645 1435 1686 tud
1462 1658 1550 1686 non
1570 1646 1737 1687 videtur
1762 1645 2062 1686 convenienter
2080 1645 2240 1686 dictum
2254 1676 2265 1694 ‚
2285 1645 2388 1698 quia

1361 1716 1570 1769 adaptatio
1591 1716 1713 1758 debet
1734 1717 1986 1770 respondere
2016 1716 2310 1769 assignationi.
2337 1715 2388 1757 Et

1361 1792 1566 1841 praeterea
1588 1821 1598 1840 ,
1631 1802 1729 1830 cum
1760 1793 1878 1830 actus
1908 1789 2104 1842 proprius
2136 1788 2311 1837 mentis,
2341 1790 2389 1828 ut

1361 1864 1440 1901 stat
1456 1874 1532 1914 pro
1547 1861 1753 1901 memoria
1764 1893 1774 1911 ,
1791 1861 1844 1901 sit
1860 1860 2102 1901 meminisse
2116 1892 2127 1910 ,
2143 1859 2201 1900 ibi
2218 1859 2389 1900 deberet

1360 1933 1481 1985 tangi
1504 1948 1513 1973 ε
1539 1933 1610 1974 sed
1629 1933 1899 1984 Augustinus
1913 1935 1941 1982 ³,
1964 1932 2009 1972 in
2036 1932 2116 1972 hac
2135 1931 2389 1983 assignatio-

1360 2016 1435 2053 ne,
1457 2017 1680 2057 nunquam
1705 2005 1804 2045 facit
1829 2004 2088 2044 mentionem
2110 2003 2191 2043 nisi
2211 2003 2261 2044 de
2279 2003 2388 2044 duo-

1360 2076 1441 2116 bus
1473 2076 1636 2117 actibus
1655 2108 1665 2126 ,
1700 2076 1857 2117 scilicet
1886 2088 2009 2116 nosse
2040 2078 2081 2116 et
2111 2087 2275 2123 amare,
2311 2074 2387 2127 qui

1360 2160 1447 2189 non
1477 2152 1576 2189 sunt
1600 2148 1840 2199 memoriae,
1865 2148 1937 2189 sed
1969 2147 2151 2188 aliarum
2178 2146 2386 2200 potentia-

1358 2231 1471 2260 rum.

1414 2291 1535 2345 Resp.
1563 2303 1691 2344 ergo,
1714 2291 1826 2344 quod
1850 2290 2033 2331 Trinitas
2052 2291 2130 2331 ista
2153 2301 2239 2330 non
2259 2291 2321 2330 est
2341 2288 2386 2329 in

1359 2364 1577 2416 potentiis,
1604 2363 1706 2417 quia
1735 2376 1855 2404 amor
1879 2366 1921 2404 et
1944 2363 2092 2404 notitia
2117 2375 2206 2404 non
2236 2361 2386 2403 dicun-

1358 2438 1429 2476 tur
1460 2436 1678 2489 potentiae3
1706 2448 1783 2476 nec
1812 2436 1856 2475 in
1880 2435 2117 2484 habitibus,
2139 2434 2241 2488 quia
2265 2445 2387 2474 mens

1359 2519 1446 2548 non
1462 2510 1597 2560 potest
1614 2511 1722 2548 stare
1741 2519 1818 2560 pro
1841 2506 2015 2556 habitu,
2041 2518 2142 2546 cum
2162 2505 2252 2558 ipsa
2272 2504 2386 2545 acci-

1359 2579 1501 2633 piatur
1519 2582 1567 2620 ut
1585 2592 1740 2632 ageus3
1761 2591 1838 2620 nec
1861 2581 1996 2632 potest
2014 2590 2103 2619 esse
2129 2577 2174 2618 in
2187 2576 2386 2631 potentiis

1360 2654 1399 2692 θῖ
1414 2652 1648 2703 habitibus,
1671 2652 1772 2706 quia
1793 2664 1914 2693 mens
1930 2663 2016 2692 non
2031 2652 2165 2704 potest
2184 2652 2292 2690 stare
2309 2659 2386 2702 pro

1360 2737 1448 2766 una
1466 2725 1654 2778 potentia
1667 2757 1677 2776 ,
1697 2737 1797 2766 cum
1822 2725 2063 2777 assignetur
2082 2723 2120 2763 ei
2142 2725 2262 2763 actus
2278 2721 2387 2762 dua-

1359 2809 1458 2838 rum
1474 2798 1759 2850 potentiarum
1774 2812 1784 2848 ;
1804 2809 1892 2838 non
1910 2798 2045 2849 potest
2063 2793 2256 2834 similiter
2276 2794 2386 2833 stare

1359 2881 1436 2922 pro
1454 2869 1647 2923 pluribus
1666 2869 1863 2922 potentiis
1875 2900 1885 2919 ,
1907 2867 2007 2920 quia
2026 2877 2112 2906 non
2131 2866 2237 2905 esset
2257 2863 2386 2903 trini-

1359 2944 1422 2982 tas
1450 2956 1459 2982 :
1487 2943 1612 2982 restat
1639 2952 1743 2993 ergo
1769 2939 1882 2993 quod
1910 2948 2077 2978 necesse
2107 2939 2168 2976 est
2199 2946 2384 2988 ponere,

1360 3013 1474 3066 quod
1499 3012 1665 3053 trinitas
1704 3012 1783 3051 ista
1819 3009 2059 3051 attendatur
2094 3009 2305 3060 quantum
2333 3005 2387 3046 ad

1360 3084 1638 3125 substantiam
1655 3083 1811 3124 animae
1827 3114 1837 3133 ,
1858 3081 2019 3122 ratione
2040 3079 2195 3120 mentis
2214 3090 2258 3119 se
2283 3089 2386 3118 nos-

1361 3156 1492 3197 centis
1510 3159 1551 3196 et
1568 3155 1774 3205 amantis3
1800 3156 1841 3194 et
1868 3154 2080 3205 quantum
2105 3150 2159 3191 ad
2186 3149 2358 3190 habitus
2374 3180 2385 3198 ,

1359 3228 1521 3268 ratione
1540 3227 1700 3268 notitiae
1719 3228 1760 3266 et
1776 3224 1932 3266 amoris
1954 3238 1964 3265 :
1989 3226 2030 3264 et
2048 3222 2107 3263 sic
2125 3224 2188 3262 est
2203 3220 2385 3270 trinitas,

1361 3311 1459 3339 cum
1476 3298 1709 3339 substantia
1725 3296 1779 3337 sit
1793 3307 1882 3336 una
1893 3327 1904 3346 ,
1923 3297 1964 3336 et
1981 3294 2154 3335 habitus
2181 3292 2265 3332 sint
2283 3291 2383 3331 duo.

1361 3369 1506 3410 Differt
1535 3380 1639 3420 ergo
1664 3367 1756 3407 haec
1785 3366 2015 3418 assignatio
2043 3377 2069 3405 a
2100 3361 2383 3417 praecedenti:

1362 3440 1462 3494 quia
1489 3439 1730 3492 praecedens
1761 3438 1841 3479 fuit
1866 3450 1941 3491 per
1974 3435 2311 3478 uniformitatem
2342 3431 2389 3472 in

1404 3572 1448 3614 (ιι)
1465 3570 1558 3602 Edit.
1579 3570 1655 3602 Ven.
1677 3571 1768 3611 1753,
1787 3572 1912 3610 mente,
1929 3567 1988 3600 sed
2001 3566 2162 3599 mendose.
2182 3564 2273 3596 Lana
2285 3570 2390 3604 φῶσι»

1361 3619 1486 3650 dicitur
1507 3619 1598 3664 μήνη.
1616 3634 1656 3641 -
1674 3616 1716 3659 (b)
1739 3616 1832 3650 Edit.
1853 3617 1929 3648 Ven.
1952 3617 2030 3648 1753
2051 3613 2149 3646 habet
2168 3609 2389 3649 mentiendo,

1359 3671 1418 3704 sed
1433 3670 1531 3704 male.
