2613 3990
1116 245 1365 288 DISTINCT.
1397 245 1519 286 XXII.
2298 247 2368 285 361

949 445 1440 507 DISTINCTIO
1486 445 1682 504 XXII

612 604 662 631 DE
694 601 878 630 NOMINUM
909 599 1190 638 DIFFERENTIA,
1225 598 1366 632 QUIBUS
1394 597 1543 626 [Ti-utu
1576 596 1809 630 LOQL’ENTES
1842 598 1891 626 DE
1924 595 2015 624 DEO.

315 737 417 781 Post
437 737 640 796 praedicta
659 736 784 779 nobis
804 734 1102 779 disserendum
1124 733 1297 777 videtur
1315 732 1367 776 de
1388 731 1615 775 nominum
1637 730 1905 785 diversitate,
1929 731 2110 790 quibuS,
2143 731 2370 789 loquentes
2419 742 2471 787 55¹¹
2490 751 2537 769 no-

256 814 309 858 de
327 813 501 858 Unitate
521 828 568 856 ac
586 812 796 855 Trinitate
817 811 1055 863 ineffabili,
1081 811 1261 854 utimur.
1286 809 1449 852 Deinde
1468 807 1854 851 demonstrandum
1874 814 1950 863 est,
1973 808 2135 868 quibus
2161 807 2299 851 modis
2319 807 2371 851 de
2407 792 2539 851 (illidii,-

256 906 305 935 ea
321 891 487 951 aliquid
507 890 691 934 dicatur.
715 889 831 933 Illud
852 904 954 947 ergo
975 889 1189 949 praecipue
1208 893 1448 941 teneamus,
1471 885 1671 945 quaedam
1693 900 1780 928 esse
1800 884 1979 928 nomina
1998 884 2193 928 distincte
2214 885 2266 927 ad
2287 884 2375 927 sin·
2410 872 2466 896 Μ’

255 968 379 1025 gulas
414 982 616 1027 personas
652 967 937 1026 pertinentia,
960 972 1009 1009 ut
1029 966 1088 1009 ait
1108 965 1383 1022 Augustinus
1403 964 1448 1007 in
1469 969 1617 1007 octavo
1638 962 1690 1006 de
1714 963 1927 1006 Trinitate
1943 964 1972 1017 ¹,
1995 978 2094 1022 quae
2114 963 2166 1006 de
2186 962 2373 1019 singulis

256 1049 426 1088 tantum
445 1044 651 1088 dicuntur
670 1044 864 1103 personis
882 1062 892 1100 ;
915 1043 1113 1103 quzedam
1135 1058 1236 1086 vero
1254 1042 1464 1086 unitatem
1486 1042 1679 1085 essentiae
1698 1041 1987 1099 significantia
2005 1046 2122 1096 sunt,
2142 1055 2241 1100 quae
2261 1045 2302 1083 et
2321 1039 2372 1084 de

253 1121 437 1179 singulis
456 1120 697 1178 sigillatim,
718 1126 758 1164 et
778 1121 829 1164 de
851 1121 1055 1164 omnibus
1074 1120 1364 1164 communiter
1384 1119 1590 1163 dicuntur
1607 1137 1616 1175 ;
1641 1119 1726 1162 alia
1745 1134 1846 1162 vero
1865 1125 1967 1162 sunt
1987 1133 2085 1178 quae
2102 1118 2369 1172 translative,

252 1213 300 1241 ac
319 1213 396 1257 per
413 1197 760 1251 similitudinem,
784 1198 835 1241 de
854 1198 940 1242 Deo
962 1198 1182 1241 dicuntur.
1206 1197 1332 1241 [nde
1351 1197 1623 1254 Ambrosius,
1646 1198 1692 1240 in
1712 1197 1899 1241 secundo
1919 1197 2031 1241 libro
2049 1196 2100 1240 (Ze
2119 1196 2371 1249 Trinitcitffl,

252 1275 334 1319 ait:
363 1275 500 1328 «Quo
533 1275 686 1334 purius
714 1275 849 1319 niteat
886 1276 1017 1329 fides,
1058 1275 1274 1334 tripartita
1309 1274 1483 1318 videtur
1514 1275 1751 1318 derivanda
1768 1274 1999 1318 distinctio.
2025 1274 2137 1318 Sunt
2159 1273 2274 1317 enim
2296 1289 2376 1316 no-

251 1353 371 1397 mina
401 1353 629 1413 quaedam,
664 1368 763 1412 quae
803 1353 1025 1397 evidenter
1062 1352 1370 1411 proprietatem
1402 1367 1717 1411 personamque
1738 1352 1906 1395 deitatis
1926 1352 2181 1407 ostendunt;
2211 1356 2252 1395 et
2271 1356 2373 1393 sunt

250 1431 469 1490 quaedam,
491 1424 589 1490 quae
610 1431 883 1490 perspicuam
902 1431 1063 1474 divinae
1085 1430 1318 1486 majestatis
1339 1430 1590 1488 exprimunt
1611 1430 1821 1472 unitatem
1840 1447 1849 1484 3
1882 1430 1967 1472 alia
2004 1444 2106 1472 vero
2141 1433 2243 1471 sunt
2269 1443 2368 1486 quae

250 1508 501 1552 translative
520 1514 561 1552 et
580 1523 656 1567 per
676 1508 1009 1551 similitudinem
1031 1508 1083 1551 de
1106 1507 1192 1550 ljco
1221 1507 1442 1551 dicuntur.
1468 1506 1749 1565 Proprietatis
1769 1506 1915 1565 itaque
1932 1505 2092 1549 indicia
2115 1511 2217 1548 sunt
2239 1506 2376 1549 Gene-

249 1586 382 1641 ναῐὶο,
406 1586 560 1639 Filias,
595 1585 792 1638 Verbum,
811 1591 851 1629 et
864 1585 1117 1644 hujusmodi
1136 1602 1145 1639 3
1168 1584 1347 1627 unitatis
1365 1598 1469 1627 vero
1491 1589 1680 1638 aeternae,
1704 1584 1938 1642 sapientia,
1957 1583 2111 1636 virtus,
2136 1587 2177 1625 et
2194 1582 2371 1636 veritas,

249 1669 291 1707 et
309 1663 586 1722 hujusmodi3
609 1662 909 1706 similitudinis
929 1677 1048 1716 vero,
1073 1661 1289 1721 splendor,
1318 1661 1559 1714 character,
1584 1661 1820 1719 speculum,
1846 1666 1886 1703 et
1906 1660 2175 1719 hujusmodi.
2205 1679 2226 1702 ›)

307 1741 386 1784 His
421 1740 712 1799 adjiciendum
749 1745 825 1794 est,
866 1739 1069 1799 quaedam
1106 1754 1194 1782 esse
1229 1739 1423 1794 nomina,
1453 1744 1502 1781 ut
1530 1738 1806 1795 Augustinus
1825 1744 1838 1765 ³
1858 1738 1915 1782 ait
1935 1738 1981 1780 in
2003 1738 2156 1797 quinto
2189 1738 2302 1782 libro
2326 1738 2378 1783 cle
2411 1757 2540 1785 Premis-

2400 1802 2438 1829 sis
2464 1804 2543 1829 addit

254 1818 484 1872 Trinitate,
507 1832 605 1876 quae
626 1832 679 1861 ex
702 1822 896 1876 tempore
917 1816 1004 1859 Deo
1025 1816 1309 1871 conveniunt,
1333 1822 1374 1859 et
1397 1815 1576 1858 relative
1597 1815 1651 1857 ad
1671 1820 1913 1858 creaturam
1933 1815 2140 1858 dicuntur
2158 1832 2166 1858 :
2184 1831 2375 1875 quorum
2413 1845 2541 1878 „wedam

249 1894 451 1954 quaedam
477 1893 529 1937 de
549 1895 753 1938 omnibus
783 1894 990 1938 dicuntur
1019 1894 1228 1953 personis,
1251 1898 1299 1936 ut
1318 1893 1547 1946 Dominus,
1576 1894 1772 1945 Creator,
1801 1892 2060 1952 Refuqium,·
2081 1892 2278 1952 quaedam
2300 1908 2378 1936 au·
2414 1894 2474 1912 ⁰⁵⁵²
2494 1895 2542 1913 ¹¹¹³·

2424 1928 2516 1962 mina,

2399 1977 2461 2003 quae
2474 1973 2542 1996 tem-

248 1977 336 2016 tem
354 1987 444 2016 non
466 1971 519 2015 de
540 1971 759 2028 omnibus,
792 1976 841 2014 ut
873 1971 1077 2024 donatus,
1102 1971 1253 2026 clatus,
1275 1971 1448 2014 missus.
2405 2011 2542 2045 Pomm&

308 2049 525 2093 Praeterea
544 2053 606 2092 est
625 2064 767 2092 unum
793 2064 952 2092 nomen
973 2084 983 2103 ,
1007 2049 1124 2108 quod
1145 2049 1196 2092 de
1217 2049 1340 2092 nulla
1360 2064 1543 2108 persona
1563 2048 1784 2106 sigillatim
1807 2047 1985 2102 dicitur,
2006 2047 2078 2091 sed
2099 2047 2150 2091 de
2171 2047 2376 2091 omnibus
2399 2057 2458 2085 Deo
2477 2068 2541 2085 con-

249 2126 397 2182 simul,
419 2126 463 2170 id
483 2132 561 2182 est,
586 2126 779 2169 Trinitas
803 2143 816 2168 .·
838 2126 955 2185 quod
977 2142 1066 2169 non
1085 2126 1244 2169 dicitur
1266 2126 1506 2170 secundum
1527 2125 1839 2180 substantiam,
1864 2125 1936 2169 sed
1958 2125 2081 2185 quasi
2101 2125 2374 2169 collectivum
2406 2104 2541 2169 liniis?

249 2203 544 2262 pluralitatem
564 2203 761 2261 designat
780 2218 1084 2263 personarum.
2409 2185 2531 2253 mma·-

308 2280 422 2324 Sunt
443 2282 572 2324 etiam
591 2280 792 2340 quaedam
828 2281 1022 2335 nomina,
1045 2296 1144 2340 quae
1165 2296 1218 2324 ex
1237 2286 1428 2340 tempore
1445 2281 1534 2325 Deo
1554 2281 1836 2335 conveniunt,
1860 2295 1938 2323 nec
1957 2280 2134 2323 relative
2149 2280 2372 2337 dicuntur,
2406 2280 2542 2350 nffiiggss

249 2363 298 2401 ut
316 2357 602 2413 humanatus,
626 2357 904 2410 incarnatus,
930 2363 972 2400 et
991 2357 1259 2416 hujusmodi.
1282 2358 1387 2401 Ecce
1408 2374 1482 2401 sex
1500 2358 1733 2401 nominum
1753 2357 2018 2401 differentias
2037 2357 2370 2414 assignavimus,
2396 2344 2542 2431 ῃζζίξζτῑῑαέ

248 2435 410 2494 quibus
429 2435 598 2478 utimur
616 2434 845 2494 loquentes
864 2435 916 2478 de
933 2435 1038 2478 Deo.
1063 2435 1122 2478 De
1143 2435 1305 2494 quibus
1324 2435 1511 2493 singulis
1531 2436 1749 2492 agendum
1770 2441 1847 2478 est.
2415 2415 2461 2482 De¹
2477 2425 2542 2484 iliis

2408 2498 2541 2526 omnibus

309 2511 546 2555 Sciendum
565 2517 627 2555 est
648 2526 767 2569 ergo,
791 2512 909 2571 quod
936 2512 1013 2555 illa
1033 2528 1131 2571 quae
1151 2512 1324 2571 proprie
1344 2512 1397 2556 ad
1418 2513 1613 2570 singulas
1632 2527 1836 2572 personas
1856 2511 2095 2571 pertinent,
2120 2511 2298 2555 relative
2319 2513 2370 2556 ad
2397 2544 2540 2574 quaem.-

248 2588 435 2633 invicem
453 2589 676 2644 dicuntur,
695 2589 804 2632 sicut
825 2591 972 2642 Pater,
991 2595 1032 2632 et
1053 2590 1207 2640 Filius,
1232 2595 1273 2632 et
1291 2590 1519 2649 utriusque
1541 2589 1722 2644 donum,
1745 2589 1936 2648 Sljiritus
1957 2597 2149 2632 sanctus.
2170 2588 2231 2631 Ea
2250 2604 2371 2645 vero,
2397 2582 2539 2651 ξ’,ζιοόζὲζ

249 2682 348 2727 quae
360 2666 572 2710 unitatem
585 2666 778 2710 essentiae
792 2666 1056 2723 significant,
1069 2666 1122 2709 ad
1136 2682 1179 2710 se
1194 2666 1416 2710 dicuntur.
1428 2667 1481 2710 Et
1496 2682 1544 2710 ca
1556 2682 1652 2726 quee
1667 2667 1719 2710 ad
1735 2682 1777 2709 se
1791 2666 2012 2720 dicuntur,
2029 2666 2369 2712 substantialiter
2409 2669 2532 2700 [ἕψων

2397 2712 2424 2734 et
2433 2717 2489 2735 non
2499 2718 2541 2735 re-

248 2743 401 2803 utique
415 2743 638 2799 dicuntur,
655 2743 757 2787 etde
768 2744 972 2788 omnibus
985 2745 1291 2800 communiter,
1308 2746 1413 2789 etde
1427 2746 1614 2803 singulis
1626 2744 1848 2802 sigillatim
1864 2745 2084 2797 dicuntur,
2100 2744 2315 2803 personis;
2336 2749 2377 2788 et
2397 2749 2482 2777 lauve
2499 2751 2539 2777 di-

248 2820 543 2878 singulariter,
559 2835 648 2864 non
663 2821 908 2880 pluraliter,
926 2822 1197 2882 accipiuntur
1211 2822 1256 2865 in
1271 2838 1458 2879 summa,
1471 2829 1519 2866 ut
1533 2825 1662 2877 Deus,
1678 2823 1827 2876 bonas,
1838 2831 2006 2882 potens,
2022 2837 2224 2881 maqnus,
2240 2826 2282 2865 et
2293 2821 2374 2865 hu-
2398 2795 2515 2879 ⁶⁰21:sz

2406 2889 2521 2915 nomina
2530 2911 2537 2922 ,

243 2896 452 2956 jusmodi.
471 2897 578 2950 Quae
591 2902 737 2941 autem
758 2897 937 2942 relative
956 2898 1177 2953 dicuntur,
1196 2900 1538 2944 substantialiter
1554 2916 1641 2944 non
1657 2901 1876 2944 dicuntur.
1899 2900 2018 2943 Unde
2033 2899 2309 2957 Augustinus
2329 2899 2374 2943 in
2410 2937 2472 2963 (ω
2497 2931 2532 2957 ,d

248 2973 404 3034 quinto
422 2975 535 3019 libro
549 2974 602 3018 de
625 2976 661 3018 T
656 2974 856 3028 finitate,
876 2975 937 3019 ait
955 2992 963 3019 ε
987 2976 1249 3036 «Quidquid
1269 2977 1322 3021 ad
1337 2993 1379 3021 se
1397 2977 1555 3021 dicitur
1568 2977 1923 3038 praestantissima
1937 2977 2013 3020 illa
2026 2981 2068 3020 et
2081 2976 2228 3020 divina
2241 2976 2378 3019 subli-
2411 2970 2540 3005 ⁵5¹¹ss¹¹¹³⁵

2396 3012 2541 3046 pertinent

250 3051 392 3107 mitas,
415 3053 756 3096 substantialiter
769 3053 941 3097 dicitur.
967 3054 1091 3107 Quod
1113 3061 1256 3099 autem
1275 3055 1328 3099 ad
1349 3055 1517 3114 aliquid
1532 3055 1706 3111 dicitur,
1729 3070 1819 3098 non
1838 3054 2179 3098 substantialiter
2197 3053 2372 3108 dicitur,
2404 3061 2540 3100 Pes⁵⁰t¹³⁵

2425 3103 2455 3121 1⁸0
2480 3104 2518 3122 rie

249 3128 322 3172 sed
343 3129 537 3173 relative.
561 3130 787 3189 Tantaque
807 3135 870 3174 est
892 3131 955 3174 vis
975 3131 1009 3191 ej
1019 3132 1168 3175 usdem
1190 3132 1441 3176 substantiae
1463 3133 1509 3176 in
1529 3133 1656 3176 Patre
1677 3137 1718 3176 et
1736 3132 1865 3187 Filio,
1893 3136 1934 3175 et
1952 3130 2107 3191 spiritu
2129 3130 2304 3184 Sancto,
2327 3135 2375 3173 ut
2395 3103 2538 3204 (Ξῖῑῦῆῑίνξ

248 3205 465 3265 quidquid
485 3206 538 3250 de
557 3207 743 3265 singulis
763 3207 816 3251 ad
837 3207 997 3266 seipsos
1017 3209 1190 3265 dieitur,
1213 3225 1302 3253 non
1322 3210 1551 3268 pluraliter
1570 3210 1617 3253 in
1642 3225 1837 3265 summa,
1864 3208 1938 3252 sed
1961 3207 2242 3266 singulariter
2268 3205 2374 3250 acci·
2409 3187 2537 3259 eauivleili,

248 3282 408 3342 piatur.
426 3282 619 3327 Dicimus
639 3284 772 3340 enim,
786 3287 920 3328 Pater
934 3294 996 3328 est
1009 3288 1138 3340 Deus,
1155 3291 1196 3330 et
1211 3287 1350 3331 Filius
1366 3295 1428 3330 est
1441 3289 1568 3340 Deus,
1587 3292 1626 3330 et
1638 3287 1828 3347 Spiritus
1842 3294 2020 3330 sanctas
2033 3293 2096 3329 est
2107 3287 2236 3337 Deus,
2255 3283 2373 3343 quod
2396 3273 2539 3335 ζᾏῗῗῃῗῖζῖ

2393 3348 2490 3375 sentiae
2503 3349 2539 3375 si·

247 3359 487 3404 secundum
518 3360 804 3424 substantiam
824 3361 908 3405 dici
927 3377 1054 3406 nemo
1070 3363 1255 3408 dubitat.
1278 3363 1376 3408 Non
1397 3369 1542 3408 tamen
1562 3364 1747 3408 dicimus
1766 3363 1878 3408 hanc
1898 3363 2156 3407 Trinitatem
2177 3375 2265 3405 esse
2286 3365 2372 3403 tres
2392 3389 2536 3425 ganeam,

291 3527 416 3569 ¹Aug.‚
435 3525 474 3558 de
493 3527 594 3567 Tria„
615 3527 672 3559 lib.
689 3528 764 3560 VIII
777 3553 788 3569 ,
809 3528 844 3560 in
860 3528 1003 3570 princip.
1023 3531 1200 3571 prooemii,
1221 3540 1255 3564 n.
1279 3533 1306 3572 1,
1329 3533 1438 3573 quoad
1463 3541 1613 3564 sensum.
1628 3550 1668 3556 —
1684 3534 1697 3555 Ξ
1711 3533 1884 3573 Anibi-os„
1905 3532 1944 3563 de
1965 3530 2058 3569 Fide,
2077 3529 2136 3561 lib.
2154 3529 2196 3570 11,
2217 3527 2368 3569 Prolog„

247 3582 282 3606 n.
299 3576 373 3607 2.-
392 3574 406 3596 8
420 3575 518 3616 Aug„
539 3574 578 3606 de
599 3575 702 3616 Trin„
723 3575 780 3608 lib.
797 3577 838 3617 V,
860 3584 984 3618 e.xv1,
1006 3586 1039 3609 n.
1058 3579 1148 3610 12—
1164 3579 1175 3600 '⁴
1195 3584 1296 3621 Aug,
1314 3579 1352 3611 cle
1374 3579 1476 3619 Tria„
1499 3580 1554 3612 lib.
1575 3581 1615 3613 Vt
1632 3605 1642 3622 ,
1663 3590 1692 3612 c.
1709 3588 1782 3621 vin,
1802 3589 1837 3612 n.
1853 3582 1883 3612 9.
1906 3578 2035 3612 Similia
2050 3576 2267 3617 habetc.v1,
2286 3583 2321 3607 n.
2337 3576 2367 3608 7.
