2613 3990
3 2465 129 2495 Fundam
135 2485 143 2492 .

820 284 946 326 DIST.
974 283 1059 325 XX.
1088 283 1209 326 ART.
1240 283 1290 325 ΙΙ.
1324 284 1519 335 QUAEST.
1551 286 1601 326 Il.

152 376 328 429 tinguit3
358 377 500 416 tamen
525 375 569 415 in
597 374 683 416 suis
712 374 982 415 interioribus
1001 374 1174 415 distinc-

151 448 309 488 tionem
328 446 542 499 supponit.

207 519 245 558 5.
267 517 328 557 Ad
347 517 450 558 illud
469 517 581 570 quod
601 516 795 569 objicitur
813 530 821 556 :
850 515 957 556 «Ubi
977 518 1038 556 est
1055 516 1172 567 ordo,

151 588 210 629 ibi
239 588 536 641 dependentia3
554 602 572 625 ›)
597 587 821 628 dicendum
840 587 953 639 quod
972 588 1073 627 ordo
1089 587 1174 627 im-

151 661 289 712 portat
326 659 647 700 habitudinem:
690 660 731 698 et
763 657 861 710 quia
898 658 1100 699 habitudo
1131 659 1176 698 in

153 730 353 771 creaturis
373 731 534 772 ratione
558 729 883 782 imperfectionis
903 730 1002 770 dicit
1022 731 1176 783 depen-

153 801 352 852 dentiam,
382 801 474 842 ideo
501 801 548 840 in
576 800 778 840 creaturis
802 800 1001 853 importat
1022 801 1175 854 depen-

152 872 339 913 dentiam
359 887 367 913 :
390 873 436 912 in
452 872 605 913 divinis
621 874 763 912 autem
782 872 919 912 solum
932 874 1050 926 ponit
1067 886 1178 914 com-

152 944 414 997 parationem
443 945 484 984 et
510 942 832 992 connexionem,
855 946 896 984 et
917 945 1080 986 nullam
1102 946 1176 986 de-

154 1015 422 1068 pendentiam
443 1017 484 1055 et
506 1014 837 1055 inclinationem.

208 1090 247 1128 6.
280 1086 345 1128 Ad
373 1086 477 1127 illud
505 1086 619 1139 quod
652 1085 799 1127 ultimo
833 1087 1043 1140 objicitur,
1067 1088 1179 1140 quod

155 1157 257 1199 ordo
304 1157 594 1211 praesupponit
640 1169 897 1209 numerum;
952 1158 1179 1198 dicendum

155 1229 283 1282 quod,
315 1229 422 1269 sicut
449 1228 495 1268 in
525 1228 680 1269 divinis
706 1241 914 1270 numerus
939 1229 1135 1270 distrahit
1156 1243 1180 1271 a

155 1302 315 1341 ratione
345 1299 531 1350 numeri,
565 1300 666 1352 quia
692 1300 750 1340 ihi
778 1304 838 1341 est
867 1300 1076 1342 distinctio
1095 1301 1179 1353 hy-

155 1374 371 1425 postasum
388 1373 571 1423 tantum,
592 1372 649 1412 ita
670 1371 771 1412 ordo
796 1385 821 1412 a
839 1372 1002 1413 ratione
1023 1373 1199 1414 ordinis·

156 1443 413 1496 simpliciter,
436 1443 550 1496 quia,
573 1443 768 1496 quamvis
796 1443 848 1483 sit
870 1444 928 1483 ibi
955 1444 1072 1496 ordo,
1095 1457 1180 1485 non

155 1516 300 1555 tamen
321 1517 382 1555 est
399 1514 458 1555 ibi
478 1515 720 1566 antecessio,
745 1515 816 1556 sed
840 1515 977 1556 solum
1003 1515 1180 1567 originis

156 1586 381 1627 emanatio.
413 1585 489 1627 Vel
519 1585 638 1626 aliter
666 1585 918 1637 dicendum,
950 1587 1063 1639 quod
1094 1600 1181 1627 non

156 1672 322 1713 semper
357 1659 645 1713 praesupponit
680 1659 987 1700 distinctionem
1025 1673 1180 1701 secun-

156 1731 260 1772 dum
284 1743 531 1782 numerum,
562 1730 643 1770 nisi
672 1731 936 1783 intelligatur
962 1732 1011 1773 de
1036 1732 1182 1773 ordine

155 1802 291 1852 locali,
307 1803 397 1844 sive
411 1802 644 1844 secundum
658 1802 908 1855 positionem
925 1819 932 1844 :
951 1817 1050 1844 nam
1063 1805 1178 1855 ordo,

158 1874 387 1915 secundum
409 1876 606 1915 naturam
631 1877 670 1915 ct
694 1874 926 1915 secundum
946 1875 1183 1916 naturalem

158 1945 497 1999 intelligentiam,
525 1946 753 1987 attenditur
784 1946 893 1987 inter
921 1947 1115 2000 superius
1144 1949 1185 1987 01

157 2016 350 2067 10101105,
375 2017 485 2059 inter
513 2030 610 2071 quae
637 2030 723 2059 non
751 2018 859 2059 cadit
883 2031 1103 2060 numerus.
1137 2022 1183 2059 Et

157 2088 217 2130 ita
233 2090 345 2142 patet
362 2089 481 2131 illud.

432 2283 435 2285 Α
499 2242 732 2293 QUAESTIO
762 2243 814 2284 II.

351 2345 412 2381 An
429 2347 469 2380 in
489 2345 623 2380 divinis
641 2347 688 2380 sit
707 2344 789 2380 ordo
809 2346 948 2380 naturoe
967 2343 992 2379 ¹.

216 2445 367 2487 Utrum
384 2445 430 2486 in
448 2445 601 2487 divinis
621 2446 673 2486 sit
689 2445 790 2486 ordo
806 2447 996 2496 naturae3
1019 2447 1060 2486 et
1073 2445 1186 2498 quod

124 2534 127 2535 ⁷
162 2518 236 2569 sic,
264 2517 432 2559 videtur
462 2529 537 2570 per
566 2516 900 2569 Augustinum²,
932 2516 1007 2570 qui
1027 2517 1124 2557 dicit
1143 2517 1187 2557 in

161 2589 311 2640 littera,
330 2588 443 2642 quod
463 2600 560 2629 cum
579 2588 733 2629 dicitur
751 2587 882 2628 Filius
899 2599 924 2628 a
942 2587 1077 2639 Patre,
1101 2600 1190 2628 non

163 2659 316 2701 dicitur
333 2659 598 2712 inaequalitas
617 2659 874 2711 substantiae,
897 2659 967 2700 sed
988 2659 1090 2700 ordo
1110 2672 1190 2700 na-

164 2733 289 2773 turae.

220 2801 339 2852 Item,
359 2802 434 2843 uhi
452 2796 514 2843 est
532 2800 734 2843 naturalis
754 2801 888 2854 origo,
910 2801 968 2841 ihi
985 2802 1045 2842 est
1065 2803 1190 2842 natu-

167 2874 266 2915 ralis
283 2873 385 2915 ordo
405 2889 414 2915 z
437 2874 508 2915 sed
521 2873 566 2914 in
579 2873 733 2914 divinis
747 2875 808 2913 est
821 2873 1025 2913 naturalis
1039 2873 1160 2926 origo
1180 2888 1188 2915 ε

167 2957 271 2998 ergo
301 2948 342 2987 et
371 2945 576 2987 naturalis
610 2944 711 2985 ordo
730 2957 740 2985 ε
773 2956 876 2997 ergo
907 2947 969 2985 est
998 2945 1057 2985 ibi
1089 2946 1192 2986 ordo

168 3019 348 3058 naturae.

223 3087 342 3138 Item,
363 3088 437 3129 ubi
450 3091 512 3130 est
524 3100 649 3130 causa
664 3090 704 3129 et
719 3088 905 3136 effectus,
925 3087 982 3127 ibi
997 3089 1058 3128 est
1075 3088 1194 3141 prius

171 3161 212 3200 01
224 3160 429 3212 posterius
445 3175 454 3199 :
471 3161 543 3201 sed
555 3160 817 3212 ubicumque
833 3158 927 3207 1100,
943 3158 1002 3198 ibi
1016 3162 1076 3199 est
1092 3159 1194 3200 ordo

172 3233 336 3271 naturae
355 3245 364 3271 t
386 3243 503 3284 ergo,
529 3243 627 3272 cum
650 3231 695 3271 in
713 3230 868 3271 divinis
887 3229 1106 3282 contingat
1124 3243 1194 3271 rc-

173 3301 310 3355 perire
334 3314 504 3343 causam
523 3305 564 3343 et
580 3303 791 3352 effectum,
815 3301 921 3341 510111
940 3300 1038 3341 dicit
1060 3301 1195 3355 Chry-

175 3375 383 3413 sostomus
395 3373 408 3395 ³
426 3384 551 3426 super
563 3375 706 3426 princi
704 3373 828 3426 piam
842 3371 893 3424 (a)
911 3371 968 3412 ad
982 3372 1192 3424 Hebroe033

218 3456 229 3478 ¹
243 3455 297 3497 Cf.
317 3455 412 3487 Alex.
428 3455 570 3496 Alensis,
585 3465 618 3496 p.
637 3457 671 3497 1,
693 3466 726 3497 q.
746 3463 837 3492 nvi,
856 3454 983 3485 memb.
997 3455 1037 3494 23
1059 3455 1094 3486 S.
1111 3455 1197 3486 Tho-

176 3514 267 3545 mas,
292 3513 326 3545 p.
346 3506 382 3543 1,
402 3513 434 3545 q.
451 3512 545 3544 xm,
566 3507 626 3536 art.
642 3507 681 3546 33
703 3509 736 3536 et
763 3506 774 3536 l
797 3504 902 3543 Semt„
923 3503 998 3534 dist.
1019 3511 1087 3544 xx,
1108 3513 1140 3545 q.
1162 3512 1195 3544 1,

178 3555 240 3585 art.
262 3555 299 3592 13
321 3551 409 3583 etde
426 3552 567 3591 Patent„
596 3562 627 3593 q.
645 3561 687 3594 X,
709 3554 770 3584 art.
789 3553 829 3592 33
858 3550 1028 3591 Richard.,
1060 3551 1071 3582 l
1093 3551 1198 3591 Sent„

179 3600 256 3632 dist.
273 3607 319 3631 xx
333 3624 343 3640 ,
371 3609 403 3641 q.
426 3607 472 3631 lv,
492 3617 533 3622 —-
550 3601 563 3621 2
579 3601 678 3641 Aug„
709 3600 801 3632 Cont.
832 3599 1024 3639 .1111.ῑιίιιιίι.,
1050 3597 1107 3630 lib.
1128 3600 1169 3630 lll
1186 3623 1196 3640 ,

2197 294 2272 333 349

1249 377 1290 415 et
1300 374 1580 417 Damascenus
1588 376 1696 417 libro
1708 376 1723 417 I
1737 391 1744 417 :
1756 392 1775 415 α
1783 376 1904 418 Pater
1915 379 1976 418 est
1987 389 2111 418 causa
2120 378 2212 419 Filii
2226 395 2235 431 3
2248 396 2266 418 ι)

1249 449 1374 499 patet,
1396 451 1472 489 etc.

1304 518 1453 559 Contra
1473 533 1482 559 ε
1512 522 1550 559 1.
1580 518 1893 572 Cujuscumque
1917 521 1978 560 est
1993 520 2109 571 ordo,
2130 520 2272 573 ipsum

1250 589 1469 630 ordinatur
1487 605 1495 630 :
1518 602 1620 642 ergo
1648 591 1683 630 si
1701 591 1746 630 in
1773 591 1926 631 divinis
1946 594 2007 631 est
2025 591 2126 632 ordo
2145 595 2274 633 natu-

1250 671 1325 708 rae,
1356 663 1509 701 natura
1528 661 1776 702 ordinatur:
1801 662 1872 702 sed
1897 662 2009 715 quod
2037 663 2271 715 ordinatur,

1251 731 1541 784 distinguitur,
1580 735 1620 773 et
1654 733 1942 773 numeratur&
1977 732 2020 774 Si
2052 733 2146 783 hoc,
2173 746 2276 786 ergo

1251 802 1295 842 in
1314 803 1470 843 divinis
1489 806 1642 844 natura
1656 804 1931 856 distinguitur
1945 808 1983 845 et
1998 808 2247 847 numeratur
2265 821 2273 847 :

1252 874 1323 914 sed
1343 874 1422 914 1100
1439 874 1591 915 falsum
1610 877 1697 915 est:
1719 887 1838 927 ergo,
1860 878 1936 916 etc.

1306 949 1344 987 2.
1377 946 1495 997 Item,
1524 947 1568 986 in
1593 946 1748 987 divinis
1766 947 1878 988 idem
1898 950 1958 988 est
1980 949 2133 989 natura
2153 951 2192 989 et
2211 960 2278 989 es-

1253 1017 1398 1069 sentia,
1428 1018 1529 1070 quia
1563 1021 1718 1058 natura
1748 1030 1906 1059 nomen
1935 1022 1996 1059 est
2026 1020 2274 1062 essentiale:

1253 1089 1324 1129 sed
1351 1089 1396 1129 111
1421 1089 1578 1130 divinis
1605 1089 1721 1130 nullo
1748 1089 1872 1130 modo
1901 1090 2071 1142 ponitur
2091 1091 2192 1132 ordo
2213 1104 2279 1132 es-

1254 1160 1398 1201 50111100
1417 1173 1427 1201 z
1450 1172 1553 1213 ergo
1572 1158 1652 1201 nec'
1667 1163 1847 1201 naturae.

1309 1234 1346 1272 3.
1369 1231 1487 1276 Item,
1509 1232 1584 1273 ubi
1605 1235 1664 1273 est
1685 1233 1786 1273 ordo
1807 1235 1985 1283 naturae,
2004 1233 2062 1273 ihi
2082 1235 2143 1274 est
2163 1233 2281 1286 prius

1254 1305 1294 1343 et
1314 1304 1519 1355 posterius
1539 1304 1773 1345 secundum
1793 1307 1990 1345 naturam
2011 1319 2019 1344 :
2043 1317 2162 1357 ergo,
2183 1305 2217 1345 si
2235 1305 2281 1345 in

1255 1375 1410 1415 divinis
1429 1378 1489 1416 est
1508 1375 1610 1416 ordo
1629 1378 1809 1426 naturae,
1832 1375 1890 1416 ibi
1909 1378 1970 1416 est
1989 1376 2106 1428 prius
2125 1379 2165 1416 et
2184 1388 2282 1429 pos-

1255 1446 1412 1487 terius:
1436 1447 1507 1487 sed
1528 1446 1608 1487 hoc
1632 1447 1749 1487 nullo
1772 1447 1895 1488 modo
1920 1447 2120 1500 recipitur
2140 1462 2149 1488 2
2179 1459 2282 1499 ergo

1255 1529 1332 1558 nec
1348 1517 1450 1558 ordo
1469 1521 1649 1558 naturae.
1671 1517 1790 1567 Quod
1810 1521 1953 1559 autem
1968 1518 2012 1558 in
2025 1518 2179 1558 (livinis
2196 1531 2284 1559 non

1255 1588 1307 1628 sit
1338 1589 1456 1641 prius
1485 1601 1533 1629 ac
1564 1589 1784 1642 posterius,
1813 1589 2047 1630 ostenditur
2066 1589 2139 1630 sic.
2162 1589 2283 1630 Rela-

1255 1659 1341 1700 tiva
1366 1663 1467 1701 sunt
1494 1660 1621 1701 simul
1645 1662 1823 1701 natura³³
1843 1675 1852 1701 ε
1882 1673 1985 1712 ergo
2006 1660 2128 1702 Pater
2149 1664 2190 1702 et
2209 1661 2283 1701 Fi-

1255 1731 1353 1782 lius,
1385 1731 1619 1772 secundum
1649 1731 1762 1784 quod
1787 1730 1908 1772 Pater
1928 1735 1967 1772 et
1987 1731 2134 1783 Filius,
2155 1732 2285 1773 simul

1256 1807 1354 1844 51101
1388 1808 1566 1844 natura:
1597 1806 1637 1844 et
1667 1804 1766 1856 quia
1796 1803 2018 1844 relationes
2050 1804 2096 1844 in
2127 1804 2285 1844 divinis

1256 1888 1342 1917 non
1358 1879 1457 1916 sunt
1475 1875 1757 1926 advenientes,
1779 1888 1856 1916 nec
1873 1878 2039 1916 tantum
2059 1878 2157 1916 sunt
2178 1875 2285 1916 ratio

1256 1947 1477 1998 referendi,
1500 1947 1570 1988 sed
1586 1947 1712 1988 etiam
1729 1947 1948 1995 existendi,
1972 1959 2075 1999 ergo
2099 1946 2222 1987 Pater
2247 1949 2287 1987 et

1258 2018 1386 2059 filius
1401 2051 1410 2067 ,
1445 2018 1679 2059 secundum
1717 2030 1814 2059 suas
1855 2018 2115 2071 hypostases,
2155 2018 2286 2059 simul

1258 2092 1356 2130 sunt
1378 2092 1529 2130 natura
1553 2104 1562 2130 ε
1591 2102 1694 2142 ergo
1713 2102 1800 2130 non
1819 2091 1880 2130 est
1899 2089 1958 2129 ibi
1978 2089 2080 2130 ordo
2100 2093 2280 2131 naturae.

1312 2163 1350 2200 4.
1374 2160 1493 2210 Item,
1515 2161 1561 2200 in
1580 2160 1716 2201 causis
1731 2160 1879 2200 creatis
1896 2160 2091 2200 videmus
2108 2160 2284 2212 gradus,

1259 2233 1361 2286 quia
1379 2232 1612 2273 substantia
1629 2235 1781 2282 creata,
1806 2234 1964 2284 quanto
1993 2232 2115 2273 citius
2134 2235 2284 2285 potest,

1259 2305 1445 2346 velocius
1464 2307 1662 2357 operatur
1682 2316 1691 2344 ε
1715 2303 1826 2344 unde
1845 2303 2040 2356 quaedam
2056 2306 2289 2357 operantur

1260 2377 1525 2429 intempore,
1556 2375 1751 2428 quaedam
1778 2377 1966 2427 repente,
1990 2374 2188 2427 quasdam
2215 2386 2288 2414 su-

1260 2448 1347 2488 bito
1369 2462 1377 2488 :
1403 2450 1443 2488 et
1461 2447 1531 2487 illa
1555 2458 1681 2486 causa
1700 2457 1796 2498 quae
1817 2447 2014 2498 operatur
2035 2445 2187 2495 subito,
2212 2445 2290 2485 ali-

1262 2519 1431 2572 quando
1455 2530 1542 2558 non
1573 2517 1769 2570 praecedit
1797 2519 2001 2569 tempore,
2029 2516 2101 2557 sed
2121 2519 2288 2557 natura.

1263 2590 1306 2631 Si
1337 2602 1441 2642 ergo
1480 2589 1589 2630 Deus
1624 2588 1817 2642 producit
1857 2587 2016 2628 Filium
2051 2588 2287 2629 secundum

1263 2674 1435 2703 omnem
1455 2660 1719 2702 nobilitatem
1745 2662 1785 2700 et
1810 2659 2012 2700 virtutem
2033 2671 2121 2700 suae
2142 2662 2291 2712 poten-

1262 2732 1348 2784 11110,
1383 2734 1425 2773 01
1448 2732 1584 2773 virtus
1608 2742 1698 2771 511εο
1726 2729 1923 2783 potenti-ee
1954 2729 2134 2770 infinitae
2155 2731 2292 2783 maj0r

1264 2806 1326 2844 051
1344 2814 1473 2856 quam
1490 2802 1636 2851 finitae,
1654 2813 1741 2842 non
1757 2813 1860 2852 ergo
1879 2803 2043 2841 tantum
2061 2799 2188 2840 simul
2207 2801 2292 2841 du-

1265 2874 1442 2924 ratione,
1471 2873 1542 2914 sed
1571 2873 1697 2914 etiam
1730 2871 1858 2912 simul
1885 2874 2040 2912 natura
2064 2871 2289 2924 producit:

1265 2959 1369 2999 ergo
1388 2958 1473 2987 non
1490 2947 1551 2986 est
1568 2945 1626 2985 ibi
1643 2944 1745 2985 ordo
1763 2947 1944 2984 naturae.

1320 3021 1358 3059 5.
1387 3018 1506 3067 Item,
1530 3017 1728 3059 videmus*
1743 3016 1789 3056 in
1808 3013 2163 3067 cognoscibilibus
2180 3013 2307 3067 quod·

1266 3090 1463 3144 quaedam
1492 3089 1649 3129 habent
1686 3087 1752 3128 sui
1789 3086 2075 3138 cognitionem
2114 3084 2293 3126 investi—

1267 3162 1423 3214 gando,
1459 3163 1500 3201 et
1526 3159 1733 3213 posterius
1761 3161 1963 3211 tempore,
1994 3159 2034 3198 et
2062 3156 2213 3209 loquor
2242 3155 2292 3196 de

1269 3233 1434 3281 actuali,
1454 3244 1541 3272 non
1559 3231 1610 3272 de
1627 3229 1846 3278 habituali,
1863 3231 1910 3269 ut
1923 3228 2064 3269 anima
2077 3228 2268 3268 humana
2279 3241 2289 3277 3

1268 3307 1308 3345 01
1335 3303 1532 3356 quaedam
1563 3301 1690 3342 simul
1721 3300 1956 3349 duratione,
1991 3301 2040 3340 ut
2068 3297 2291 3350 Angelus:

1270 3400 1311 3431 al.
1335 3400 1361 3430 ll
1376 3423 1386 3439 ,
1407 3408 1435 3430 c.
1455 3405 1529 3437 x1V,
1549 3406 1583 3428 11.
1600 3398 1629 3428 S.
1644 3413 1683 3418 —
1702 3395 1715 3417 3
1729 3396 1828 3427 Joan.
1849 3395 2040 3436 Chrysost„
2068 3395 2103 3425 7'72
2122 3394 2231 3434 Epist,
2252 3391 2298 3423 ad

1269 3446 1368 3479 Helm.
1389 3446 1482 3477 hom.
1501 3453 1546 3484 11,
1575 3453 1610 3475 n.
1625 3446 1655 3475 2.
1678 3461 1712 3466 —
1735 3444 1747 3466 ¹·
1761 3444 1912 3484 Aristot.,
1942 3441 2125 3483 MetaplzyS.
2154 3441 2212 3471 lib.
2231 3440 2293 3478 lv,

1270 3498 1361 3526 cont.
1377 3496 1429 3526 43.
1442 3511 1483 3517 —-
1498 3493 1628 3533 5111001,
1647 3491 1927 3533 Postproedicam„
1949 3500 1978 3522 c.
1996 3490 2034 3522 de
2054 3489 2189 3530 Priori,·
2208 3489 2295 3520 Proe-

1271 3543 1407 3581 dicam„
1426 3551 1455 3573 c.
1476 3540 1514 3572 cle
1531 3539 1768 3572 Relatz‘onzhus.

1315 3595 1354 3635 (a)
1378 3591 1526 3624 Suhaudz'
1543 3591 1718 3633 Epistolae.

2294 543 2348 579 ‚Ad
2364 560 2435 586 opp.
