2613 3990
115 1960 136 1988 F
139 1961 252 1989 undam.

287 285 364 322 422

287 370 395 411 cadit
413 369 582 422 aliquod
603 368 790 409 medium
811 367 925 420 quod
951 379 1038 415 non
1058 367 1110 406 sit
1128 366 1308 406 alterum

286 441 457 481 illorum
478 454 487 480 :
509 443 549 480 et
569 440 626 479 sie
652 439 773 479 Pater
801 438 982 478 refertur
1000 438 1135 490 seipso
1155 437 1206 477 ad
1239 436 1268 477 1³
1274 437 1307 476 i-

283 512 406 562 lium,
430 514 470 552 et
489 523 511 551 e
535 521 751 551 converso.
784 508 891 548 Nan]
911 507 1032 548 Pater
1054 511 1114 548 est
1134 521 1211 548 sua
1232 520 1308 560 pa-

283 583 477 631 ternitas,
497 585 538 622 et
556 581 635 621 hoc
654 582 824 632 propter
854 591 1069 619 summam
1100 579 1309 632 simplici-

282 657 425 694 tatem.
448 653 587 693 Tertio
607 650 732 690 modo
762 649 910 690 referri
941 650 1075 703 seipso
1094 652 1175 698 est,
1209 650 1309 702 quia

281 726 421 779 ipsum
452 724 563 777 quod
580 723 761 763 refertur
780 733 866 762 non
896 725 957 762 est
985 722 1067 762 nisi
1087 722 1245 772 relatio,
1269 725 1309 762 et

281 799 493 849 respectus
510 806 643 847 purus
663 808 671 833 :
695 796 735 833 et
754 792 835 833 1100
854 796 914 833 θεῖ
941 793 1200 846 impossibile
1219 805 1307 833 esse

281 879 418 920 neque
438 866 482 905 in
502 865 598 915 Deo,
613 876 750 917 neque
765 864 810 904 in
829 867 1023 904 creatura
1041 879 1050 914 3
1070 864 1184 916 quia,
1201 863 1308 904 sicut

280 939 378 978 dicit
408 936 699 989 Augustinus,
733 948 859 976 omne
889 935 1002 988 quod
1034 935 1215 975 refertur
1246 938 1308 975 θεῖ

279 1008 457 1062 aliquid,
483 1010 657 1060 excepto
687 1019 736 1047 eo
765 1007 876 1060 quod
910 1006 1084 1048 relative
1119 1006 1271 1047 dicitur
1295 1022 1303 1047 ι

278 1082 468 1135 alioquin
494 1081 709 1122 relationis
739 1083 846 1122 esset
862 1081 1024 1121 relatio.
1048 1080 1098 1121 Et
1118 1081 1176 1121 sic
1196 1084 1308 1134 patet

279 1154 390 1206 quod
419 1153 557 1193 omnis
586 1153 819 1206 proprietas
838 1152 1036 1201 relativa,
1059 1153 1147 1193 sive
1180 1153 1230 1193 sit
1261 1154 1306 1193 in

277 1225 376 1274 Deo,
398 1225 486 1265 sive
506 1225 550 1265 in
570 1225 788 1273 creaturis,
811 1224 1048 1265 necessario
1065 1224 1204 1265 differt
1229 1225 1307 1265 ali-

278 1309 362 1350 quo
385 1296 510 1337 modo
529 1296 581 1336 ab
602 1308 651 1336 eo
672 1297 795 1349 cujus
811 1299 872 1336 est
888 1296 1135 1349 proprietas,
1157 1300 1198 1337 et
1214 1309 1306 1338 ma-

279 1368 345 1420 gis
364 1368 408 1407 in
431 1371 622 1408 creatura
645 1380 774 1420 quam
792 1367 836 1407 in
857 1368 1064 1409 Creatore.
1087 1368 1138 1408 Et
1156 1369 1306 1409 intelli-

278 1443 437 1492 gantur
466 1439 610 1480 omnia
629 1439 742 1489 haec,
763 1439 871 1480 sicut
890 1440 1008 1493 prius
1038 1440 1305 1493 assignatum

277 1514 352 1562 est,
390 1511 593 1563 quoniam
624 1523 751 1551 omne
782 1510 1068 1563 respectivum
1101 1512 1306 1552 fundatur

277 1594 405 1635 super
423 1581 594 1635 aliquod
613 1581 869 1622 absolutum.

628 1730 866 1780 QUAESTIO
897 1730 948 1772 ll.

323 1833 417 1876 Quid
434 1835 508 1869 sint
532 1835 572 1869 in
598 1833 733 1869 divinis
753 1835 995 1880 proprietates
1010 1835 1213 1881 personales
1229 1836 1254 1870 ¹.

327 1938 383 1979 De
401 1939 752 1992 proprietatibus,
776 1940 878 1993 quid
898 1940 1006 1991 sint,
1027 1943 1067 1981 et
1085 1942 1199 1994 quod
1220 1942 1304 1982 sint

272 2010 516 2060 relationes,
537 2011 718 2062 videtur,
739 2012 843 2065 quia
873 2011 971 2052 dicit
989 2012 1188 2064 Hilarius,
1211 2013 1298 2063 XII,

241 2076 243 2078 ’
271 2081 322 2123 cle
347 2081 556 2124 Trz'nilale
569 2086 582 2106 ²
596 2097 609 2122 .·
634 2098 653 2121 (ι
671 2081 898 2136 Proprium
917 2086 979 2124 est
996 2083 1079 2125 Deo
1095 2087 1194 2126 nato
1213 2098 1301 2126 esse

107 3310 151 3338 Ad
165 3320 233 3348 opp.

270 2152 407 2193 filium
431 2169 439 2194 :
460 2169 479 2192 ›)
505 2154 576 2195 sed
597 2154 742 2195 filiatio
761 2157 823 2195 θεῖ
840 2155 987 2196 relatio
1010 2168 1019 2196 z
1044 2156 1196 2208 igitur,
1220 2160 1297 2198 etc.

324 2223 428 2264 Item
461 2224 768 2266 Damascenus³
793 2241 801 2266 :
838 2241 856 2264 (ι
885 2225 1081 2266 Dicamus
1111 2227 1300 2268 divinam

269 2291 396 2332 Verbi
413 2293 673 2346 hypostasim
693 2293 924 2333 nativitatis
949 2294 1075 2335 modo
1108 2300 1148 2334 et
1176 2295 1299 2336 habi—

269 2365 415 2406 tudine
437 2379 462 2406 a
481 2367 685 2419 paternali
704 2367 921 2419 hypostasi
949 2367 1216 2420 differentem
1243 2384 1251 2409 :
1273 2384 1292 2407 ›)

268 2437 339 2476 sed
371 2437 524 2478 modus
552 2438 814 2479 habitudinis
844 2442 905 2479 est
927 2439 1072 2480 relatio
1095 2454 1103 2480 :
1134 2440 1294 2492 igitur,

267 2511 346 2548 etc.

320 2579 423 2621 Item
445 2580 679 2623 Richardus
693 2582 743 2622 de
762 2581 913 2623 Sancto
925 2582 1105 2634 Victore,
1124 2585 1169 2624 in
1186 2585 1296 2626 libro

265 2652 316 2693 de
352 2653 386 2693 T
384 2654 581 2705 rz'nz'late,
618 2654 743 2695 dicit⁴
773 2655 886 2707 quod
918 2668 1111 2708 personae
1144 2657 1294 2698 distin-

265 2727 462 2776 guuntur
490 2725 746 2778 proprietate
771 2726 952 2778 originis
975 2742 983 2767 :
1008 2728 1079 2767 sed
1109 2728 1231 2781 origo
1251 2729 1295 2770 in

265 2795 418 2836 divinis
436 2809 522 2838 non
552 2800 613 2838 est
633 2801 796 2847 motus,
828 2798 899 2839 sed
929 2798 1135 2840 habitudo
1157 2815 1165 2840 :
1190 2813 1294 2853 ergo

265 2869 305 2906 et
323 2867 484 2908 relatio.

320 2938 423 2979 Item
442 2940 522 2981 hoc
540 2940 681 2993 ipsum
701 2940 870 2982 videtur
885 2942 1062 2994 ratione,
1079 2943 1179 2996 quia
1199 2956 1294 2997 pro-

265 3011 408 3063 prium
427 3014 488 3052 est
504 3013 617 3064 quod
636 3013 836 3054 convenit
855 3013 931 3054 soli
956 3026 965 3054 :
986 3014 1057 3055 sed
1085 3015 1191 3055 nihil
1219 3016 1294 3055 ab-

264 3081 454 3122 solutum
474 3086 536 3123 est
554 3084 951 3126 incommunicabile
974 3085 1019 3125 in
1050 3085 1203 3126 divinis
1220 3118 1230 3137 ,
1254 3089 1294 3127 et

264 3154 521 3194 conveniens
558 3155 635 3195 soli
670 3171 678 3197 :
714 3156 847 3208 igitur
882 3157 1022 3197 omnis
1058 3157 1294 3210 proprietas

265 3225 497 3278 personalis
513 3229 574 3266 θεῖ
596 3227 757 3269 relatio.

318 3297 471 3339 Contra
492 3312 501 3338 :
521 3302 559 3339 1.
583 3298 700 3340 Sicut
717 3302 945 3353 paternitas
962 3304 1023 3343 est
1044 3301 1206 3351 relatio,
1234 3301 1293 3342 sic

308 3403 384 3444 ¹Cf.
405 3404 500 3436 Alex.
521 3405 664 3445 AlensiS,
684 3415 717 3446 p.
736 3408 760 3447 1,
782 3417 930 3449 q.Lv111,
951 3409 1076 3441 memb,
1091 3411 1126 3449 23
1149 3410 1183 3440 S.
1205 3408 1292 3440 Tho-

265 3460 352 3492 mas,
371 3461 406 3492 p.
425 3453 459 3493 1,
478 3460 637 3493 q.xxx11,
658 3455 721 3485 art.
736 3456 776 3495 23
797 3455 908 3496 AEgid.
923 3457 1034 3497 Rom.,
1059 3457 1070 3488 1
1091 3456 1195 3493 Seni„
1213 3455 1290 3487 dist.

264 3506 359 3539 xxvi,
377 3509 410 3540 q.
426 3507 472 3541 113
492 3501 664 3542 Richard„
683 3502 693 3532 l
709 3502 815 3543 Seni„
835 3503 912 3535 dist.
927 3512 1023 3544 xxvi,
1045 3513 1078 3545 q.
1095 3512 1116 3535 11
1132 3514 1141 3544 ;
1164 3503 1290 3535 Marsil.

268 3546 422 3587 Inguen„
449 3550 459 3580 l
482 3549 585 3588 Sent.,
607 3559 641 3590 q.
660 3557 766 3591 xxix,
788 3554 838 3582 art
857 3553 896 3591 23
927 3553 1046 3583 Petrus
1072 3552 1113 3583 de
1138 3552 1289 3590 Taraut.‚

267 3595 278 3626 l
300 3595 405 3636 Seni„
424 3596 500 3629 dist.
515 3605 610 3640 XXVI,
629 3607 663 3640 q.
681 3606 718 3630 11.
734 3616 774 3622 -
788 3600 802 3621 ²
816 3599 933 3642 Hilar.,
953 3600 992 3631 cle
1010 3601 1114 3640 Trin„
1134 3599 1192 3631 lib.
1210 3600 1289 3640 xil,

1047 276 1462 319 SENTENTIARUM
1488 278 1585 319 LIB.
1614 278 1644 318 Ι.

1387 367 1635 419 magnitudo
1666 367 1891 420 quantitas,
1921 368 1961 407 et
1993 367 2160 407 bonitas
2194 368 2401 420 qualitas:

1384 438 1454 478 sed
1484 439 1734 491 magnitudo
1766 437 1834 478 Dei
1865 449 1951 477 non
1985 440 2048 478 θεῖ
2070 438 2303 490 quantitas,
2328 453 2404 480 nec

1383 507 1547 549 bonitas
1578 510 1756 562 qualitas
1791 524 1799 547 :
1829 508 1962 560 igitur
1988 520 2066 548 nec
2091 509 2317 561 paternitas
2345 514 2405 550 est

1382 579 1529 620 relatio
1553 594 1561 620 ε
1585 581 1657 620 sed
1685 580 1913 633 paternitas
1943 581 2004 619 θεῖ
2035 580 2266 632 proprietas
2287 595 2295 620 ε
2318 580 2402 633 igi-

1381 651 1471 700 tur,
1494 653 1570 690 etc.

1436 720 1480 760 Si
1507 721 1617 761 dicas
1644 723 1757 774 quod
1794 734 1879 762 non
1912 724 1975 762 est
2004 722 2159 773 simile,
2195 723 2295 775 quia
2321 722 2403 763 alia

1382 794 1602 832 transeunt
1620 792 1664 831 in
1684 793 1982 849 substantiam,
2001 793 2146 833 relatio
2165 805 2275 843 non;
2298 805 2402 833 0011-

1381 863 1561 903 trarium
1584 864 1815 904 ostenditur
1834 865 1970 917 primo
1990 864 2047 904 sic
2071 879 2079 904 :
2103 864 2219 904 Sicut
2238 864 2402 917 quanti-

1380 935 1443 973 tas
1462 937 1523 974 est
1538 946 1677 974 unum
1692 946 1829 986 genus
1847 935 2090 975 distinctum
2107 948 2132 974 a
2152 934 2398 985 substantia,

1382 1004 1437 1044 ita
1457 1007 1497 1045 et
1514 1005 1659 1046 relati«)
1680 1018 1689 1044 :
1713 1006 1782 1046 sed
1799 1006 1899 1058 quia
1918 1007 1962 1046 111
1981 1006 2062 1046 Deo
2093 1019 2180 1046 non
2205 1006 2313 1046 cadit
2340 1006 2402 1046 di-

1380 1077 1578 1127 versitas,
1606 1077 1698 1117 ideo
1731 1077 1963 1117 necessario
1994 1091 2131 1130 genus
2160 1077 2404 1131 quantitatis

1380 1149 1528 1189 transit
1548 1149 1592 1188 in
1613 1149 1906 1199 substantiam,
1927 1162 2024 1190 cum
2043 1151 2098 1189 ibi
2119 1163 2203 1190 11011
2226 1150 2277 1189 ε1ῖ
2297 1149 2405 1189 acci-

1380 1222 1503 1269 dens,
1532 1234 1608 1261 nee
1637 1221 1855 1262 diversitas
1884 1233 2126 1273 generum:
2153 1222 2287 1274 igitur
2316 1221 2404 1274 pari

1380 1292 1544 1334 ratione
1563 1293 1722 1334 relatio.

1433 1367 1472 1405 2.
1494 1364 1612 1416 Item,
1636 1365 1743 1405 sicut
1763 1365 1870 1406 Deus
1890 1368 1949 1406 est
1969 1377 2046 1405 sna
2063 1365 2327 1416 magnitudo,
2346 1366 2405 1405 ita

1379 1434 1489 1475 Deus
1517 1439 1577 1475 est
1596 1448 1673 1475 sua
1699 1436 1956 1489 paternitas:
1981 1436 2053 1476 sed
2082 1436 2183 1488 quia
2212 1436 2318 1476 Deus
2344 1438 2406 1475 est

1379 1519 1456 1547 sua
1475 1508 1741 1559 magnitudo,
1763 1508 1857 1548 ideo
1878 1507 2089 1560 quantitas
2106 1519 2192 1547 non
2222 1507 2359 1547 differt
2381 1520 2405 1547 a

1379 1579 1627 1629 substantia,
1650 1580 1721 1620 sed
1741 1579 1785 1619 in
1804 1591 1898 1620 eam
1926 1579 2075 1619 transit
2096 1591 2104 1617 :
2128 1591 2231 1630 ergo
2263 1582 2303 1619 et
2330 1592 2405 1632 pa-

1378 1651 1554 1691 ternitas
1573 1651 1781 1691 similiter.
2272 1706 2276 1708 ἡ

1432 1725 1471 1763 3.
1493 1722 1597 1763 Item
1616 1722 1784 1762 videtur
1803 1722 1917 1775 quod
1943 1721 2089 1762 relatio
2119 1721 2257 1773 magis
2284 1724 2403 1761 tran—

1377 1794 1456 1843 sit,
1505 1794 1606 1846 quia
1621 1825 1631 1844 ,
1680 1793 1788 1834 inter
1832 1793 1976 1834 omnia
2017 1805 2175 1845 genera
2212 1792 2405 1833 acciden-

1376 1865 1507 1915 tium,
1528 1865 1674 1906 relatio
1694 1865 1894 1917 importat
1925 1865 2131 1917 majorem
2159 1864 2404 1916 dependen-

1376 1936 1479 1976 tiam
1494 1967 1503 1985 ,
1527 1936 1629 1989 quia
1649 1935 1701 1976 ad
1731 1936 1946 1988 obJectum
1974 1938 2014 1975 et
2037 1935 2275 1987 subjectum
2299 1948 2308 1975 :
2333 1935 2404 1976 sed

1376 2008 1486 2049 Deus
1505 2008 1680 2049 omnino
1699 2011 1760 2049 est
1778 2008 2065 2061 independens
2089 2022 2097 2048 :
2116 2007 2250 2060 igitur
2267 2010 2309 2048 et
2336 2021 2404 2049 re-

1374 2080 1474 2121 latio
1495 2080 1672 2121 minime
1690 2083 1832 2120 manet
1850 2079 1895 2119 in
1917 2079 2013 2120 Deo.

1428 2155 1464 2193 4.
1491 2152 1617 2201 Item,
1640 2152 1749 2192 iuter
1778 2151 1921 2192 omnia
1939 2163 2098 2204 genera
2122 2151 2286 2191 entium
2301 2183 2310 2199 ,
2333 2164 2402 2191 re-

1373 2223 1472 2264 latio
1491 2224 1634 2264 minus
1648 2223 1775 2263 habet
1791 2223 1840 2262 de
1861 2224 2058 2272 entitate;
2081 2222 2139 2263 sic
2158 2225 2284 2275 patet,
2301 2223 2402 2276 quia

1373 2296 1559 2346 advenit,
1576 2299 1617 2336 et
1631 2296 1798 2346 recedit,
1816 2295 1904 2335 sine
1919 2294 2151 2335 mutatione
2163 2294 2276 2334 illius
2289 2295 2402 2348 quod

1372 2368 1582 2408 refertur⁵
1613 2382 1621 2407 ε
1656 2367 1728 2408 sed
1758 2367 1803 2407 in
1835 2378 2003 2407 summo
2032 2365 2136 2406 Ente
2164 2378 2250 2406 non
2282 2366 2403 2406 debet

1372 2439 1474 2493 poni
1492 2439 1572 2480 nisi
1601 2439 1714 2492 quod
1743 2438 1929 2479 multum
1955 2437 2083 2478 habet
2113 2437 2164 2478 de
2197 2437 2398 2478 entitate;

1372 2511 1521 2563 igitur,
1541 2514 1620 2552 etc.

1734 2610 2035 2653 CONCLUSIO.

1375 2716 1614 2761 Proprietales
1628 2715 1832 2760 personales
1850 2717 1933 2749 sant
1952 2714 2155 2755 relationes,
2174 2724 2251 2748 cum
2270 2714 2401 2748 incom-

1418 2775 1651 2810 municabiles
1669 2776 1757 2820 sint,
1779 2775 1913 2819 solique
1941 2775 2174 2815 conveniant,
2197 2776 2230 2808 et
2250 2774 2399 2809 realiter

1418 2835 1605 2880 differant.

1422 2942 1544 2996 Resp.
1567 2942 1619 2982 ad
1638 2942 1744 2995 Arg.
1766 2942 1992 2983 dicendum
2018 2942 2130 2995 quod
2158 2943 2399 2995 proprieta-

1369 3018 1430 3056 tes
1448 3014 1688 3067 personales
1708 3026 1876 3055 necesse
1894 3017 1956 3054 est
1975 3026 2065 3054 esse
2087 3013 2311 3055 relationes
2330 3029 2339 3064 ;
2358 3017 2399 3055 et

1369 3085 1449 3126 hoc
1465 3085 1621 3138 duplici
1642 3085 1801 3126 ratione
1822 3098 1832 3125 ε
1856 3088 1947 3125 tum
1972 3085 2072 3137 quia
2101 3087 2203 3125 sunt
2231 3085 2397 3126 incom-

1370 3156 1660 3204 municabiles,
1683 3159 1723 3197 et
1747 3157 1824 3197 soli
1847 3155 2129 3205 conveniunt3
2154 3158 2247 3196 tum
2267 3156 2395 3197 etiam

1369 3228 1469 3281 quia
1511 3228 1677 3269 realiter
1719 3227 1921 3269 differunt
1937 3259 1947 3278 ,
1985 3229 2033 3267 ut
2074 3230 2290 3268 ostensum
2335 3231 2397 3269 est

1368 3302 1485 3355 prius
1506 3317 1514 3343 :
1537 3302 1625 3343 sola
1641 3305 1784 3343 autem
1800 3301 1945 3342 relatio
1964 3304 2105 3342 manet
2123 3302 2167 3342 in
2186 3302 2356 3344 divinis.

1423 3373 1486 3414 Ad
1513 3375 1636 3427 cujus
1663 3372 1986 3425 intelligentiam
2016 3373 2251 3414 notandum
2280 3374 2394 3427 quod

1368 3465 1458 3489 c.1x.
1474 3457 1538 3479 -3
1550 3458 1649 3489 Joan.
1666 3458 1836 3497 Damasc.,
1853 3455 1892 3486 de
1911 3455 1994 3487 Fide
2007 3455 2150 3496 orthod„
2172 3456 2228 3489 lib.
2247 3457 2280 3498 Ι,
2299 3465 2391 3488 c.1x.

1367 3520 1403 3527 —-
1420 3503 1600 3536 l*Richaid
1614 3505 1655 3536 de
1673 3506 1707 3537 S.
1723 3504 1823 3543 Vict.,
1839 3503 1878 3534 cle
1898 3503 2000 3542 Tria„
2016 3503 2072 3536 lib.
2090 3505 2146 3543 IV,
2165 3513 2194 3535 0.
2207 3511 2271 3536 x111
2289 3506 2322 3535 et
2335 3511 2390 3536 XV.

1365 3569 1407 3574 —
1424 3552 1437 3573 ὅ
1452 3553 1583 3592 Ανθ11.,
1611 3551 1796 3593 ΜθίιιρΙιῃε.
1824 3551 1881 3582 lib.
1902 3551 1982 3592 ΧΗ,
2010 3553 2101 3583 cont.
2120 3553 2169 3583 19.
2199 3551 2392 3583 Concordat

1366 3600 1400 3631 S.
1418 3596 1552 3640 Thomj,
1575 3601 1608 3640 Ι,
1628 3608 1660 3641 q.
1675 3607 1745 3640 xm,
1765 3600 1827 3630 art.
1845 3601 1874 3630 1.
