2613 3990
741 583 881 638 INDEX
911 583 1221 638 MATERIARUM
1255 584 1358 648 QUAE
1388 584 1435 638 IN
1466 584 1593 637 TOMO
1628 583 1778 636 PRIMO

1165 752 1363 794 OPERUM

262 903 616 978 SANCTI
695 905 1473 979 BONAVENTURAE
1551 900 2271 977 CONTINENTUR

202 1301 338 1341 Pre'face
354 1301 394 1333 de
411 1301 577 1334 l’e'dz'teur.

204 1350 288 1382 Sixti
306 1350 348 1392 V,
368 1350 498 1383 Summi
517 1349 696 1389 Pontificis,
720 1349 867 1391 Epistola
886 1350 1073 1382 decretalis.

205 1399 240 1431 S.
257 1398 511 1432 Bonaventurae,
521 1398 609 1430 Vita.

204 1446 252 1477 De
270 1445 410 1486 Scriptis
427 1447 460 1478 S.
477 1446 734 1486 Bomwenturae,
756 1445 810 1477 vel
825 1455 899 1486 quae
915 1446 1025 1477 eidem
1043 1455 1123 1487 quo-

243 1493 492 1534 modocumque
509 1493 745 1534 attribuuntur,
767 1493 906 1524 diatriba

204 1541 238 1572 S.
259 1541 506 1572 Eonaventurae
528 1540 564 1572 in
586 1543 729 1581 quatuor
747 1540 851 1572 libros
874 1541 1123 1573 Sententiarum

244 1589 429 1629 Expositio.

203 1636 357 1678 Elogium
377 1638 411 1669 S.
433 1637 692 1669 Bonaventurae.

202 1685 446 1725 Argumentum
464 1684 499 1716 in
517 1687 649 1725 partem
666 1684 815 1724 priorem
831 1684 1069 1725 Expositionis.

202 1733 242 1764 In
258 1731 381 1764 librum
400 1732 548 1772 primum
571 1732 821 1765 Sententiarum
840 1732 1059 1764 Prooemium.

203 1780 317 1818 Quaest
342 1782 371 1811 1.
404 1780 484 1818 Quae
512 1780 553 1811 sit
581 1780 744 1821 materia,
773 1780 906 1821 quodve
931 1780 1121 1821 subjectum

244 1826 436 1868 theologiae,
456 1827 511 1858 vel
529 1827 629 1868 hujus
644 1827 732 1858 libri.

203 1875 327 1912 Quaest.
348 1877 378 1907 2.
399 1875 481 1913 Quae
497 1883 597 1906 causa
614 1874 777 1913 formalis,
798 1874 896 1915 quive
915 1873 1122 1914 procedendi

243 1922 364 1954 modus
383 1922 425 1954 sit
443 1922 477 1953 in
492 1922 545 1953 his
563 1922 656 1953 libris
673 1922 936 1954 Sententiarum.

202 1970 326 2008 Quaest.
347 1972 378 2002 3.
400 1974 451 2001 An
470 1969 641 2011 theologia
665 1970 707 2002 sit
727 1970 832 2011 gratia
862 1969 1119 2010 speculationis,

241 2019 296 2051 vel
314 2019 445 2051 utboni
464 2019 596 2051 fiamus.

200 2067 327 2105 Quaest.
343 2068 372 2098 4.
388 2067 470 2104 Quae
487 2076 587 2098 causa
600 2076 715 2108 agens,
728 2067 799 2099 sive
814 2066 962 2098 efficiens
978 2067 1119 2108 hujusce

239 2114 325 2147 libri.

199 2165 363 2206 Prologus
380 2164 532 2206 Magistri
550 2164 583 2196 in
598 2164 703 2197 libros
723 2164 988 2197 Sententiarum.

201 2213 372 2254 Expositio
393 2215 514 2244 textus.

199 2261 296 2293 D1sT.
316 2269 341 2292 1.

199 2308 371 2349 Expositio
397 2310 521 2340 textus.

198 2357 281 2388 ΛΒΤ.
303 2363 327 2387 1.
347 2356 472 2394 Quaest.
491 2358 520 2388 1.
541 2355 593 2387 An
607 2354 674 2396 Uti,
687 2354 729 2386 sit
745 2357 839 2387 actus
852 2354 1045 2396 voluntatis,
1066 2355 1120 2386 vel

239 2402 392 2435 rationis.

199 2452 323 2490 Quaest.
346 2453 377 2483 2.
397 2451 446 2483 An
468 2451 563 2483 omni
583 2453 696 2482 creato
712 2449 875 2482 utendum
893 2449 946 2481 sit.

199 2500 326 2537 Quaest.
347 2500 378 2530 3.
395 2499 447 2530 An
465 2498 537 2530 solo
555 2499 647 2530 bono
665 2500 777 2530 creato
794 2498 958 2529 utendum
974 2497 1027 2529 sit.

198 2549 281 2579 Aur.
302 2554 339 2578 11.
362 2546 488 2584 Quaest.
511 2549 540 2578 1.
561 2547 612 2578 An
630 2546 709 2578 Frui
734 2545 775 2577 sit
800 2547 892 2576 actus
912 2544 1094 2577 voluntatis
1107 2569 1118 2585 ‚

241 2594 294 2626 vel
311 2594 454 2626 aliarum
469 2593 707 2635 potentiarum.

198 2643 280 2675 ART.
301 2649 354 2674 111.
373 2642 498 2680 Quaest.
519 2643 551 2673 2.
568 2643 621 2673 An
639 2642 710 2673 Deo
731 2640 773 2671 sit
790 2640 984 2671 fruendum.

197 2689 323 2728 Quaest.
343 2691 375 2722 2.
395 2691 447 2721 An
465 2688 537 2721 solo
557 2690 642 2729 Deo,
661 2688 716 2720 vel
730 2688 822 2720 bono
838 2687 988 2720 increato
1007 2687 1118 2719 fruen-

238 2737 320 2770 dum
339 2737 393 2769 sit.

197 2787 293 2819 DisT.
313 2793 350 2818 11.
480 2811 484 2813 ,

197 2833 371 2874 Expositio
386 2834 510 2865 textus.

198 2880 324 2918 Quaest.
345 2883 374 2912 1.
392 2880 445 2911 An
460 2879 503 2911 sit
522 2887 610 2911 unus
626 2879 716 2910 Deus
733 2881 878 2911 tantum.

198 2928 323 2966 Quaest.
343 2929 375 2960 2.
395 2928 449 2959 An
468 2936 545 2959 cum
571 2926 633 2958 Dei
654 2927 780 2959 unitate
805 2926 974 2967 pluralitas
994 2935 1112 2967 perso-

238 2984 360 3007 narum
378 2975 536 3015 ponenda
554 2974 606 3006 sit.

198 3023 325 3061 Quaest.
345 3024 377 3054 3.
398 3023 450 3054 An
467 3022 502 3054 in
518 3021 672 3063 personis
692 3021 814 3053 divinis
832 3021 875 3053 sit
892 3030 1019 3062 ponere
1038 3021 1114 3054 infi-

238 3069 390 3102 nitatem.

199 3118 322 3156 Quaest.
339 3119 371 3147 4.
388 3118 440 3149 An
455 3119 524 3149 tres
541 3118 672 3150 tantum
691 3116 757 3148 sint
776 3116 900 3148 divinae
915 3125 1082 3157 personae.

198 3166 292 3196 Dls’r.
313 3172 366 3196 111.
387 3166 479 3197 PARS
500 3171 522 3197 1.

198 3212 372 3253 Expositio
388 3215 511 3244 textus.

199 3260 325 3299 Quaest.
348 3263 376 3292 1.
398 3263 449 3291 An
470 3260 561 3291 Deus
585 3259 627 3291 sit
653 3258 890 3300 cognoscibilis
909 3268 928 3290 a
948 3261 1112 3292 creatura.

198 3307 323 3346 Quaest.
337 3309 366 3339 2.
384 3308 433 3339 An
448 3308 537 3339 Deus
553 3307 595 3338 sit
609 3306 846 3348 cognoscibilis
857 3316 917 3347 per
931 3310 1112 3339 creaturas.

199 3355 324 3393 Quaest.
350 3356 380 3386 3.
402 3356 454 3386 An
480 3354 515 3386 in
540 3355 633 3386 omni
658 3358 745 3386 statu
773 3357 998 3395 cognoscatur
1025 3356 1113 3386 Deus

239 3411 300 3443 per
319 3405 500 3434 creaturas.

199 3449 323 3487 Quaest.
345 3451 375 3480 4.
401 3450 452 3480 An
477 3448 606 3480 trinitas
630 3456 853 3489 personarum
879 3458 956 3480 cum
985 3449 1112 3481 unitate

239 3496 393 3528 essentiae
424 3495 619 3528 naturaliter
654 3505 715 3537 per
751 3499 919 3528 creaturas
954 3497 1114 3538 cognosci

238 3543 357 3584 possit.

197 3592 290 3624 PARS
310 3599 348 3623 11.

197 3638 369 3680 Expositio
384 3638 516 3670 litterae.

382 3709 480 3739 TOM.
515 3709 543 3738 1.

1192 1358 1225 1381 IV
1261 1360 1263 1404 1

1161 1405 1225 1429 XIII

1152 1500 1225 1525 XXII

1206 1592 1225 1762 <DQ-:top-

1300 1304 1381 1334 ART.
1410 1310 1433 1335 1.
1462 1302 1587 1339 Quaest.
1609 1303 1640 1332 1.
1671 1300 1723 1331 An
1760 1297 1916 1338 imaginis
1947 1296 2031 1327 ratio
2061 1295 2223 1327 consistat

1341 1350 1427 1382 circa
1444 1348 1708 1390 intelligentiam,
1729 1345 1929 1377 memoriam
1953 1345 1986 1375 et
2000 1343 2221 1375 voluntatem.

1300 1399 1425 1436 Qufiest.
1447 1400 1477 1429 2.
1492 1399 1543 1428 An
1563 1397 1675 1437 imago
1693 1393 1882 1425 attendatur
1902 1392 1936 1422 in
1955 1391 2007 1422 his
2027 1391 2146 1422 iisdem
2164 1399 2222 1430 po-

1341 1445 1452 1477 tentiis
1471 1454 1531 1485 per
1551 1442 1839 1482 comparationem
1860 1440 2009 1480 ipsarum
2032 1438 2075 1469 ad
2097 1439 2214 1469 Deum.

1300 1493 1424 1530 Qurest.
1445 1495 1474 1524 3.
1496 1494 1548 1523 An
1567 1490 1746 1530 memoria,
1767 1487 1997 1528 intelligentia,
2016 1489 2049 1517 et
2063 1485 2219 1517 voluntas

1340 1541 1406 1571 sint
1425 1541 1514 1572 idem
1530 1540 1563 1570 in
1584 1538 1729 1570 essentia
1749 1546 1826 1568 cum
1845 1535 1968 1566 anima.

1301 1591 1379 1620 ART.
1398 1597 1437 1620 11.
1461 1588 1584 1626 Quaest.
1600 1589 1629 1617 ’1.
1648 1587 1697 1617 An
1710 1585 1823 1625 imago
1839 1583 2029 1614 attendatur
2042 1581 2078 1612 in
2092 1582 2220 1620 mente,

1340 1635 1469 1674 notitia,
1490 1637 1522 1666 et
1541 1642 1668 1671 amore,
1691 1634 1726 1663 ut
1744 1632 1779 1663 in
1794 1630 1963 1672 potentiis,
1982 1631 2039 1660 aut
2060 1631 2096 1659 ut
2114 1628 2149 1659 in
2165 1628 2222 1658 ha-

1338 1683 1475 1722 bitibus,
1495 1684 1551 1713 aut
1569 1681 1604 1712 in
1624 1680 1772 1720 utrisque
1787 1677 1898 1718 simul,
1915 1676 1969 1707 vel
1986 1676 2020 1707 in
2037 1675 2222 1707 substantia

1342 1733 1372 1761 et
1388 1729 1568 1761 habitibus.

1300 1780 1420 1816 Quaest
1444 1781 1473 1810 2.
1496 1779 1546 1809 An
1576 1786 1693 1815 mens,
1720 1773 1857 1813 notitia,
1889 1774 1922 1804 et
1948 1781 2044 1803 amor
2073 1771 2223 1803 habeant

1340 1836 1371 1857 01
1382 1826 1507 1867 dinem,
1526 1824 1763 1866 aequalitatem,
1780 1823 1813 1852 et
1829 1819 2221 1852 consubstantialitatem.

1298 1876 1423 1913 Quaest.
1443 1876 1475 1904 3.
1497 1875 1547 1905 An
1568 1872 1699 1904 trinitas
1727 1869 1904 1910 imaginiS,
1925 1867 2049 1900 mentis
2076 1867 2222 1906 scilicet,

1340 1922 1467 1953 notitiae
1488 1923 1519 1952 et
1539 1920 1685 1960 amoris,
1708 1919 1831 1949 ducant
1849 1925 1912 1947 nos
1936 1916 1971 1946 in
1991 1914 2221 1955 cognitionem

1340 1978 1480 2001 summae
1500 1967 1667 2001 Trinitatis
1688 1968 1851 2008 quantum
1872 1964 1914 1996 ad
1933 1972 2109 2004 personas.

1298 2019 1393 2049 D1sr.
1416 2025 1460 2049 IV.

1299 2065 1472 2106 Expositio
1488 2066 1612 2096 textus.

1299 2115 1423 2152 Quaest.
1446 2115 1475 2143 1.
1490 2113 1541 2143 An
1560 2112 1650 2142 Deus
1669 2107 1822 2149 genuerit
1837 2108 1956 2139 Deum.

1300 2162 1425 2199 Quaest.
1446 2162 1476 2192 2.
1497 2161 1548 2190 An
1569 2160 1657 2190 Deus
1674 2156 1828 2198 genuerit
1843 2155 1944 2186 alium
1959 2155 2079 2185 Deum.

1300 2210 1423 2247 Qurest.
1442 2210 1471 2239 3.
1497 2209 1548 2239 An
1560 2214 1688 2238 nomen
1707 2205 1794 2235 Deus
1812 2212 1963 2244 congrue
1979 2201 2151 2243 pluraliter
2171 2201 2220 2232 in-

1339 2258 1504 2289 flectatur.

1299 2306 1424 2343 Qurest.
1446 2305 1474 2335 4.
1491 2304 1541 2334 An
1554 2302 1620 2333 hoc
1634 2309 1772 2341 nomen,
1789 2299 1887 2338 Deus,
1907 2306 1969 2339 pro
1983 2305 2132 2338 persona
2145 2305 2220 2337 sup-

1338 2354 1453 2393 ponat,
1474 2351 1526 2381 vel
1545 2359 1605 2390 pro
1622 2350 1753 2380 natura.

1297 2402 1392 2432 Disr.
1414 2408 1445 2431 v·

1297 2448 1469 2487 Expositio
1488 2447 1611 2477 textus.

1296 2498 1377 2527 Aur.
1400 2503 1423 2525 1.
1446 2494 1570 2531 Quaest.
1588 2495 1615 2523 1.
1634 2492 1685 2522 An
1705 2487 1902 2528 substantia,
1917 2486 1973 2519 vel
1993 2484 2137 2523 essentia
2158 2493 2216 2526 ge-

1296 2545 1483 2628 ΩΠΠΕΞΞΞΠΞΓ..
1495 2590 1547 2619 An
1565 2585 1667 2618 Filius
1692 2585 1875 2626 generetur
1894 2582 1935 2614 de
1954 2579 2141 2613 substantia
2159 2580 2218 2612 Pa-

1294 2640 1436 2717 Agisil·
1465 2683 1588 2721 Quaest.
1612 2683 1640 2713 1.
1667 2681 1718 2712 An
1749 2678 1956 2718 substantia,
1981 2676 2037 2709 vel
2066 2675 2214 2708 essentia

1335 2733 1528 2771 generetur.

1294 2771 1417 2818 Qu‘aest.
1441 2781 1473 2810 2.
1495 2779 1544 2809 An
1571 2775 1716 2809 essentia
1742 2774 1855 2807 divina
1872 2782 1933 2815 per
1960 2771 2215 2815 generationem

1336 2826 1617 2860 communicetur.

1295 2878 1388 2910 DisT.
1410 2885 1457 2908 vi.

1293 2924 1465 2966 Expositio
1484 2924 1610 2955 textus.

1293 2974 1415 3011 Quaest.
1439 2975 1468 3002 1.
1490 2973 1541 3002 An
1555 2967 1748 3002 necessario
1773 2967 1810 2999 in
1837 2964 1960 2998 divinis
1977 2964 2020 2997 sit
2039 2962 2212 3005 generatio

1332 3022 1416 3054 Filii.

1292 3071 1418 3109 Quaest.
1438 3071 1467 3101 2.
1494 3069 1545 3099 An
1567 3064 1739 3108 generatio
1770 3064 1804 3095 in
1823 3062 1945 3095 divinis
1963 3061 2006 3093 sit
2024 3059 2212 3093 secundum

1332 3118 1498 3150 rationem
1512 3114 1707 3147 voluntatis.

1293 3166 1415 3203 Quaest.
1437 3165 1464 3195 3.
1482 3166 1532 3195 An
1553 3160 1726 3203 generatio
1745 3158 1818 3191 Filii
1836 3157 1878 3190 sit
1899 3156 2088 3189 secundum
2105 3155 2212 3188 ratio-

1332 3222 1412 3244 nem
1431 3209 1707 3252 exemplaritatis.

1292 3262 1385 3291 Disr.
1408 3268 1468 3291 vii.

1291 3307 1463 3347 Expositio
1492 3307 1616 3338 textus.

1291 3357 1370 3387 Am.
1395 3364 1418 3386 1.
1447 3356 1572 3392 Quaest.
1600 3355 1630 3384 1.
1652 3353 1702 3384 An
1717 3359 1819 3392 posse
1839 3357 2002 3391 generare
2030 3347 2065 3379 in
2090 3345 2211 3378 divinis

1331 3403 1418 3434 dicat
1437 3401 1529 3442 quid,
1545 3400 1600 3432 vel
1619 3399 1660 3430 ad
1681 3398 1816 3439 aliquid.

1291 3451 1414 3488 Quaest.
1437 3452 1466 3480 2.
1488 3450 1538 3480 An
1554 3446 1704 3488 potentia
1719 3443 1904 3487 generandi
1923 3443 1965 3474 sit
1982 3442 2017 3474 in
2035 3441 2131 3473 Filio.

1291 3498 1415 3536 Quaest.
1434 3498 1464 3528 3.
1480 3498 1532 3528 An
1547 3504 1646 3536 posse
1663 3501 1836 3535 generare,
1852 3494 1885 3523 et
1897 3499 1996 3531 posse
2017 3497 2132 3521 creare
2145 3488 2210 3519 sint

1330 3545 1466 3576 unicum
1486 3551 1598 3584 posse.

1290 3592 1414 3630 Quaest.
1434 3592 1465 3623 4.
1486 3591 1538 3622 An
1555 3598 1654 3631 posse
1676 3586 1832 3630 generari
1850 3588 1883 3618 et
1898 3593 1998 3627 posse
2019 3583 2126 3616 creari
2142 3583 2208 3615 sint

1330 3639 1515 3671 univocum
1532 3646 1643 3679 posse.

2063 3689 2129 3730 35*

2285 1343 2324 1374 77

2285 1437 2322 1468 79

2283 1534 2320 1564 80

2287 1723 2324 1754 84

2287 1819 2325 1849 86

2287 1965 2325 1995 88

2285 2013 2325 2043 89

2284 2061 2323 2090 90

2283 2108 2322 2137 94

2284 2250 2322 2280 97

2284 2344 2322 2375 98

2283 2392 2322 2422 99

2263 2439 2320 2469 105

2263 2533 2320 2564 109

2260 2628 2318 2659 112

2261 2725 2317 2756 114

2259 2821 2316 2852 115

2260 2868 2318 2900 117

2259 2917 2316 2947 118

2256 3013 2312 3043 120

2257 3108 2315 3138 122

2256 3203 2315 3234 123

2256 3251 2313 3282 125

2256 3299 2314 3330 127

2253 3394 2311 3425 130

2253 3441 2312 3472 132

2252 3535 2311 3566 135

2254 3629 2312 3661 136
