2613 3990
99 1236 218 1264 Divisio.

234 290 311 328 278

1003 279 1415 322 SENTENTIARUM
1437 280 1540 321 LIB.
1574 280 1605 321 1.

235 376 365 431 dona,
384 389 484 435 quae
503 380 606 419 sunt
625 375 873 434 quibusque
894 373 1068 430 propria
1088 368 1360 413 dividuntur.
1383 369 1481 413 Non
1502 370 1618 414 enim
1637 370 1801 427 singuli
1821 370 1985 429 quique
2005 369 2164 413 habent
2181 370 2344 424 onmia,

235 453 307 496 sed
336 452 383 495 hi
413 453 510 505 illa,
536 452 610 496 alii
639 452 724 495 alia
738 468 748 505 3
780 447 983 508 quamvis
1004 448 1147 506 ipsum
1166 446 1347 501 donum,
1371 462 1395 490 a
1414 463 1502 506 quo
1527 448 1684 506 cuique
1705 448 1877 507 propria
1900 446 2176 501 dividuntur,
2199 461 2347 491 omnes

238 530 445 584 habeant,
468 529 512 573 id
536 534 614 584 est,
633 527 845 586 Spiritum
869 530 1082 568 sanctuni.
1100 542 1121 564 »
1144 523 1249 567 Ecce
1270 529 1415 582 aperte
1433 524 1550 580 dicit,
1574 540 1649 583 per
1668 525 1833 568 donum
1855 524 1968 568 dona
1984 523 2152 567 donari.

635 737 786 786 PART.
820 737 853 788 I.

308 865 355 892 DE
384 861 590 892 INVISIBILI
616 860 795 889 SPIRITUS
825 859 965 887 SANCTI
994 858 1196 887 MISSIONE.

497 993 770 1036 EXPOSITIO
800 991 1003 1034 TEXTUS

239 1109 313 1139 Jam
332 1116 422 1139 1111116
439 1106 642 1138 accedamus
659 1104 700 1136 ad
720 1103 958 1145 assignandam
976 1103 1177 1135 missionem
1198 1102 1270 1144 Spi-

454 1153 538 1185 ritus
559 1152 686 1193 sancti,
706 1161 772 1194 qua
789 1151 978 1192 visibiliter,
997 1153 1062 1182 etc.

293 1234 535 1276 Terminata
562 1234 679 1286 parte
711 1232 757 1272 in
782 1244 866 1284 qua
886 1231 1086 1284 Magister
1110 1232 1199 1284 egit
1222 1232 1272 1273 de

241 1306 506 1360 processione
537 1303 721 1357 Spiritus
750 1303 884 1343 sancti
911 1303 1094 1355 visibili,
1117 1303 1163 1344 in
1193 1304 1273 1345 hac

241 1381 358 1432 parte
378 1377 467 1429 agit
485 1376 535 1417 de
550 1373 765 1415 invisibili.
785 1373 835 1414 Et
851 1373 1054 1415 dividitur
1068 1375 1162 1415 haec
1178 1388 1274 1428 pars

242 1450 285 1489 111
307 1449 436 1489 duas:
461 1447 505 1487 in
526 1446 664 1500 prima
686 1444 942 1486 determinat
962 1445 1163 1498 Magister
1180 1447 1273 1500 Spi-

241 1521 348 1560 ritus
367 1518 500 1559 sancti
521 1517 767 1558 missionem
787 1517 1023 1558 secundum
1045 1530 1167 1558 suam
1187 1519 1274 1571 opi-

240 1592 439 1641 nionem;
462 1590 507 1629 in
536 1588 722 1629 secunda
746 1600 871 1638 verO,
904 1588 1002 1640 quia
1028 1601 1105 1628 sua
1133 1589 1275 1642 opinio

242 1662 390 1703 habuit
432 1660 588 1701 multos
631 1659 956 1711 impugnatores
983 1691 993 1709 ,
1022 1659 1143 1711 ponit
1180 1660 1277 1713 opi—

244 1734 383 1774 nionis
402 1745 491 1773 suae
511 1731 798 1773 defensionem
815 1762 825 1778 ,
847 1730 905 1770 ibi
924 1744 932 1770 :
950 1730 1031 1772 Hic
1052 1732 1275 1783 quaeritur,

244 1810 283 1847 sc·
302 1805 491 1847 charitas
518 1803 708 1856 Spiritus
727 1805 902 1843 sanctus
922 1805 996 1843 est.

300 1877 443 1918 Prima
462 1877 620 1917 iterum
646 1887 742 1928 pars
772 1874 899 1914 habet
917 1874 1022 1914 duas
1045 1887 1053 1915 :
1076 1875 1121 1915 in
1142 1875 1280 1928 prima

247 1949 491 1990 missionem
510 1947 691 2001 Spiritus
709 1946 842 1986 sancti
861 1946 1120 1988 invisibilem
1140 1948 1279 1988 notifi-

247 2025 334 2071 cat3
357 2021 402 2060 in
421 2019 606 2059 secunda
623 2018 861 2066 confirmat,
884 2017 945 2058 ibi
965 2031 974 2059 ε
994 2018 1053 2060 Ne
1073 2024 1215 2062 autem
1233 2021 1282 2062 in

247 2104 292 2134 rc
308 2095 429 2134 tanta
448 2089 619 2143 aliquid
639 2088 689 2131 de
710 2092 872 2140 nostro,
890 2092 968 2129 etc.

304 2164 409 2205 Item
434 2163 572 2216 prima
596 2173 716 2214 pars,
739 2161 783 2201 in
809 2173 895 2213 qua
923 2160 1126 2211 notificat,
1158 2162 1284 2203 habet

252 2236 370 2286 duas,
389 2235 434 2274 in
451 2245 634 2286 quarum
648 2232 786 2285 prima
800 2232 993 2285 praedicit
1007 2245 1128 2273 suam
1142 2233 1285 2274 inten-

252 2307 429 2354 tionem,
453 2304 512 2345 ibi
535 2319 545 2345 z
567 2305 661 2345 Jam
690 2314 805 2345 mmc
830 2303 1081 2345 accedamus
1101 2304 1159 2346 ad
1178 2305 1286 2346 assi-

254 2379 445 2422 namlam
455 2392 471 2430 ,·
485 2378 528 2417 in
541 2376 739 2425 secunda,
753 2376 970 2429 supposito
981 2376 1094 2429 quod
1107 2376 1288 2429 Spiritus

255 2454 426 2493 sanctus
445 2450 497 2490 sit
516 2461 635 2489 amor
652 2460 737 2502 quo
752 2448 972 2500 diligimus
986 2447 1117 2488 Deum
1139 2450 1179 2488 et
1197 2459 1289 2500 pro-

256 2524 424 2564 ximum
441 2555 451 2573 ,
476 2521 656 2561 ostendit
680 2521 822 2573 ipsum
855 2519 1124 2560 invisibiliter
1154 2519 1287 2570 mitti,

258 2594 428 2648 quando
447 2593 491 2633 in
510 2592 633 2633 nobis
653 2592 781 2632 efficit
792 2591 908 2631 hunc
929 2590 1140 2641 effectum,
1158 2593 1200 2631 et
1213 2591 1292 2631 hoc

259 2666 358 2705 facit
373 2665 432 2705 ibi
454 2679 463 2705 ε
486 2664 572 2705 Hoc
592 2667 736 2705 autem
755 2661 1086 2716 intelliqz‘bilz'us,
1103 2665 1180 2702 etc.

315 2739 516 2779 Similiter
537 2737 720 2778 secunda
730 2749 828 2789 pars
844 2769 854 2787 ,
879 2736 926 2776 in
940 2749 1024 2789 qua
1041 2736 1292 2788 positionem

263 2823 384 2851 suam
417 2810 664 2859 confirmat,
692 2808 820 2848 habet
849 2810 1034 2860 quatuor
1061 2811 1214 2861 partes.
1248 2807 1294 2848 In

265 2883 402 2936 prima
432 2881 613 2923 ostendit
640 2880 754 2934 quod
792 2892 911 2920 amor
948 2892 1031 2933 quo
1076 2880 1296 2932 diligimus

267 2958 399 2998 Deum
424 2989 434 3008 ,
472 2960 533 2997 est
572 2956 767 2996 similiter
805 2967 926 2996 amor
956 2967 1041 3007 quo
1079 2954 1298 3007 diligimus

267 3029 511 3082 proximum
521 3041 533 3081 3
564 3029 609 3068 in
636 3027 823 3068 secunda
850 3038 953 3067 vero
983 3026 1166 3066 ostendit
1184 3026 1298 3078 quod

268 3114 388 3142 amor
406 3101 475 3141 ille
500 3101 668 3153 proprie
699 3103 761 3140 est
784 3099 964 3153 Spiritus
984 3101 1154 3139 sanctus
1169 3130 1180 3149 ,
1204 3099 1263 3138 ibi
1286 3111 1296 3138 ε

272 3174 375 3215 Cum
393 3176 533 3214 autem
552 3173 745 3223 fraterna
763 3170 931 3213 dilectio
959 3171 1019 3213 sit
1043 3170 1153 3211 Deus
1166 3200 1178 3219 ,
1199 3172 1294 3219 etc.;

270 3246 315 3285 111
344 3244 466 3285 tertia
498 3243 677 3284 ostendit
706 3242 819 3296 quod
850 3242 1035 3295 Spiritus
1051 3244 1220 3282 sanctus
1238 3244 1300 3282 est

270 3317 450 3357 charitas
478 3327 565 3355 non
591 3314 835 3364 causaliter,
858 3314 929 3354 sed
958 3313 1234 3354 essentialiter
1259 3318 1299 3354 et

270 3387 500 3428 formaliter
526 3385 759 3439 loquendo,
780 3385 839 3425 ibi
864 3401 871 3425 :
898 3385 975 3427 Sed
1004 3396 1056 3427 rte
1087 3386 1193 3437 forte
1215 3385 1297 3428 alt-

270 3461 367 3513 qut‘s
395 3459 511 3501 dicat
540 3456 653 3499 illud
686 3455 873 3507 dicttwm
901 3459 1051 3508 quarto
1080 3460 1120 3497 et
1146 3456 1298 3497 ultimo

271 3530 449 3571 ostendit
472 3532 677 3580 tanquam
701 3527 1017 3567 manifestatum
1044 3529 1160 3579 Jam,
1186 3528 1297 3580 quod

273 3601 451 3654 Spiritus
479 3602 649 3641 sanctus
678 3602 776 3639 tunc
801 3597 984 3638 mittitur
1015 3599 1295 3648 invisibiliter,

1339 731 1508 783 quando
1536 743 1614 772 nos
1647 732 1744 772 facit
1772 732 1839 773 [lei
1859 734 1898 773 et
1918 731 2103 785 proximi
2131 730 2361 781 dilectores,

1340 801 1509 842 ibizEoe
1536 801 1757 853 praedictis
1788 803 2003 854 clarescit,
2025 801 2138 855 quod
2168 801 2365 854 Spiritus

1341 876 1513 914 sanctus
1532 872 1721 916 charitas
1739 878 1811 924 est,
1835 876 1912 914 etc.

1780 1010 1869 1039 DUB.
1903 1009 1931 1038 Ι.

1346 1093 1409 1131 Qui
1428 1093 1623 1134 proximum
1641 1093 1759 1135 diligit,
1780 1102 1992 1135 consequens
2009 1099 2060 1128 est
2081 1098 2117 1127 ut
2140 1095 2249 1136 ipsam
2269 1094 2372 1127 dilec—

1719 1142 1848 1173 tionem
1875 1143 2001 1184 diligat.

1414 1230 1589 1272 Videtur
1627 1232 1707 1272 ista
1754 1233 2052 1285 consequentia
2088 1245 2175 1273 non
2218 1232 2372 1273 valere.

1348 1302 1553 1352 Quamvis
1570 1302 1686 1343 enim
1712 1303 1905 1355 possibile
1937 1303 1988 1343 sit
2017 1304 2283 1344 dilectionem
2313 1304 2376 1344 di-

1347 1374 1446 1426 ligi,
1468 1386 1555 1414 non
1575 1376 1718 1414 tamen
1736 1376 1797 1415 est
1818 1386 1987 1415 necesse
2007 1375 2119 1427 quod
2137 1375 2290 1428 aliquis
2319 1375 2377 1415 di-

1348 1444 1454 1497 ligat
1470 1457 1563 1485 eam
1587 1457 1597 1485 :
1621 1445 1755 1485 multa
1775 1445 1888 1485 enim
1907 1445 2150 1498 frequenter
2169 1457 2376 1494 amamus,

1350 1528 1447 1570 quae
1466 1516 1677 1556 nollemus
1696 1528 1854 1557 amare.
1873 1517 1975 1557 Item
1998 1517 2214 1558 dubitatur
2235 1518 2284 1558 de
2305 1518 2380 1558 ista

1351 1588 1653 1641 consequentia
1672 1601 1680 1628 :
1706 1588 1787 1638 Qui
1805 1589 1943 1641 diligit
1963 1588 2254 1639 dilectionem,
2280 1602 2382 1629 con-

1352 1673 1533 1713 sequens
1553 1662 1614 1700 est
1633 1663 1679 1700 ut
1697 1659 1830 1701 Deum
1850 1660 2025 1712 diligat3
2049 1660 2149 1713 quia
2171 1664 2244 1700 aut
2259 1660 2382 1700 intel-

1351 1731 1448 1784 ligit
1479 1732 1529 1773 de
1558 1732 1744 1772 increata
1761 1764 1771 1780 ,
1794 1735 1867 1772 aut
1897 1734 2034 1772 creata
2054 1745 2062 1771 ε
2084 1732 2117 1771 51
2149 1731 2199 1772 (16
2228 1734 2381 1780 creata,

1353 1803 1460 1843 nihil
1489 1803 1601 1844 valet
1629 1815 1639 1842 z
1673 1818 1691 1841 «
1718 1803 1862 1855 Diligit
1898 1803 1999 1855 quid
2031 1805 2244 1853 creatum,
2280 1815 2385 1854 ergo

1354 1875 1617 1925 increatum3
1644 1890 1662 1912 1)
1685 1875 1719 1915 51
1744 1875 1794 1915 (16
1816 1875 2024 1924 increata,
2055 1878 2156 1915 tunc
2188 1875 2234 1914 in
2269 1874 2386 1915 nullo

1356 1948 1580 1988 concordat
1598 1960 1698 1988 cum
1718 1947 1849 2000 priori
1868 1948 2087 1999 sententia,
2106 1948 2206 2000 (11116
2222 1947 2386 1988 dilectio

1357 2031 1442 2071 qua
1459 2018 1596 2071 diligit
1615 2019 1878 2072 proximum,
1897 2023 1959 2060 est
1978 2019 2143 2060 dilectio
2162 2021 2314 2059 creata.

1410 2089 1535 2142 Resp.
1555 2089 1787 2130 Dicendum
1806 2091 1919 2143 quod
1936 2093 2117 2143 utraque
2131 2102 2389 2143 consequen-

1357 2161 1416 2203 tia
1437 2161 1548 2202 hona
1568 2163 1629 2202 est
1647 2161 1691 2201 in
1717 2161 1946 2214 proposito.
1983 2160 2163 2211 Quidam
2194 2161 2310 2201 enim
2330 2164 2392 2201 est

1359 2245 1479 2275 amor
1498 2233 1542 2273 in
1565 2244 1650 2286 quo
1670 2244 1757 2272 non
1777 2235 1838 2272 est
1860 2232 2062 2284 quietatio
2077 2264 2086 2281 ,
2109 2245 2187 2273 nec
2209 2233 2387 2273 delecta-

1360 2306 1431 2355 tio,
1448 2318 1525 2346 nec
1536 2304 1841 2357 complacentia
1865 2318 1873 2344 :
1900 2306 2053 2356 utputa
2079 2304 2148 2344 ille
2165 2304 2239 2357 qui
2261 2308 2395 2344 estex

1362 2378 1572 2431 pronitate
1585 2376 1885 2429 corruptionis,
1904 2375 1975 2415 cui
1988 2375 2094 2415 ratio
2110 2375 2287 2416 obsistit.
2299 2374 2395 2425 Qui-

1362 2451 1459 2491 dam
1479 2462 1580 2490 vero
1598 2451 1659 2489 est
1677 2460 1799 2489 amor
1816 2447 1891 2500 qui
1905 2449 1966 2487 est
1989 2458 2088 2487 cum
2103 2446 2394 2495 delectatione,

1364 2521 1682 2575 complacentia,
1702 2522 1742 2560 et
1763 2519 2023 2573 quietatione
2039 2522 2099 2560 :et
2111 2519 2155 2558 in
2167 2518 2239 2559 tali
2255 2530 2398 2558 amore

1364 2605 1449 2633 non
1471 2595 1531 2633 est
1552 2595 1720 2632 tantum
1740 2590 1968 2644 acceptatio
1992 2590 2054 2630 rei
2074 2593 2241 2638 61116166,
2266 2589 2399 2629 11111110

1365 2665 1492 2704 etiam
1521 2665 1655 2718 ipsius
1673 2663 1830 2704 amoris
1852 2675 1862 2703 :
1884 2665 1924 2704 et
1950 2663 2043 2703 talis
2068 2674 2188 2702 amor
2214 2664 2275 2701 est
2301 2661 2400 2701 cha-

1365 2737 1467 2776 ritas
1482 2752 1489 2777 :
1504 2739 1545 2777 et
1559 2736 1652 2776 ideo
1666 2736 1857 2788 sequitur
1872 2747 1882 2775 z
1905 2735 2015 2784 «Qui
2029 2737 2143 2775 amat
2157 2734 2401 2787 proximum

1368 2811 1481 2848 amat
1496 2808 1775 2857 dilectionem,
1793 2822 1809 2844 ›)
1830 2807 1871 2847 id
1883 2810 1966 2857 est,
1990 2809 2189 2859 acceptat.
2208 2805 2403 2859 861111110-

1369 2880 1486 2920 niam
1509 2879 1700 2932 sequitur
1719 2893 1726 2919 :
1744 2894 1762 2916 <‹
1778 2878 1857 2927 Qui
1881 2881 2068 2931 acceptat
2090 2878 2250 2930 aliquid
2271 2890 2322 2918 ex
2342 2891 2400 2927 se,

1373 2952 1507 2992 multo
1528 2951 1666 3003 magis
1690 2953 1876 3003 acceptat
1895 2950 1998 2990 illud
2017 2950 2063 2990 in
2081 2961 2166 3002 quo
2186 2949 2405 2990 invenitur

1372 3024 1480 3065 ratio
1510 3023 1743 3065 dilectionis
1767 3037 1775 3062 :
1797 3036 1815 3059 n
1838 3021 1872 3061 si
1904 3020 2092 3068 dilectio,
2119 3031 2168 3059 60
2193 3019 2284 3072 ipso
2317 3032 2403 3072 quo

1372 3095 1551 3143 dilectio,
1569 3096 1823 3146 acceptatur,
1840 3094 1976 3146 major
1997 3091 2163 3132 dilectio
2179 3092 2316 3143 magis
2331 3104 2403 3131 ac-

1373 3168 1578 3218 ceptatur.
1605 3166 1711 3206 (luni
1731 3177 1836 3217 ergo
1854 3163 2020 3205 dilectio
2040 3165 2184 3203 nostra
2204 3162 2257 3202 sit
2275 3162 2403 3202 dilec-

1372 3238 1430 3278 tio
1447 3237 1701 3290 exemplata,
1721 3239 1762 3277 et
1778 3235 1942 3276 dilectio
1956 3233 2101 3274 divina
2118 3236 2166 3273 ut
2184 3233 2403 3286 exemplar
2456 3228 2458 3231 ’

1373 3309 1512 3349 01111115
1531 3306 1932 3354 rectaedilectioniS,
1955 3307 1994 3345 et
2013 3304 2057 3344 in
2077 3304 2148 3345 illa
2176 3308 2237 3345 est
2265 3304 2403 3357 prima

1375 3384 1415 3421 et
1442 3392 1610 3420 summa
1643 3380 1749 3420 ratio
1781 3377 1920 3419 omnis
1948 3376 2271 3429 acceptationis3
2302 3376 2401 3415 hinc

1372 3452 1563 3505 sequitur
1582 3452 1694 3503 quod
1715 3450 1788 3503 qui
1805 3448 1947 3500 diligit
1963 3447 2242 3498 dilectionem,
2263 3447 2400 3499 diligit

1373 3526 1521 3566 Deum.
1562 3523 1678 3565 Unde
1714 3521 1983 3573 Augustinus
2012 3526 2023 3546 ¹
2049 3519 2192 3571 arguit
2233 3531 2282 3558 ex
2320 3518 2398 3557 hac

1417 3610 1428 3630 1
1444 3593 1601 3649 Augsscle
1622 3607 1725 3644 Trtn„
1746 3605 1805 3636 lib.
1821 3604 1894 3636 vm
1913 3626 1920 3642 ‚
1941 3613 1970 3634 ο.
1988 3610 2064 3643 vm,
2084 3611 2119 3634 n.
2140 3604 2189 3634 12.
