2570 3986
801 273 867 348 5.
925 271 1005 346 R.
1062 269 1136 345 E.
1191 266 1719 344 CARDINALIS

381 450 896 564 SANCTI
995 444 2114 557 BONAVENTURAE

921 643 989 685 EX
1030 641 1271 685 ORDINE
1309 640 1610 682 MINORUM

672 769 871 807 EPISCOPI
896 770 1170 806 ALBANENSIS
1184 796 1196 814 ,
1224 769 1362 805 ΕΧΙΜΙΙ
1387 767 1614 804 ECCLESIAE
1640 766 1862 804 DOCTORIS

1173 920 1376 975 VITA.

1010 1045 1089 1091 (Em
1117 1045 1216 1080 Edit.
1243 1046 1367 1081 Venet.
1401 1043 1532 1088 1751.)

1214 1193 1336 1200 μ

264 1336 440 1378 Sanctus
457 1335 778 1384 Bonaventura,
808 1333 1024 1374 Minorum
1050 1332 1223 1382 lumen,
1249 1343 1297 1371 ac
1322 1330 1474 1379 decus,
1504 1327 1799 1369 Universitatis
1825 1326 2074 1367 Parisiensis
2102 1325 2281 1366 Auditor
2300 1327 2344 1366 et

213 1407 426 1460 Magister,
449 1405 491 1458 S.
513 1406 561 1447 R.
584 1406 632 1447 E.
663 1407 963 1446 ornamentum
983 1437 993 1455 ,
1020 1403 1093 1445 Vir
1118 1404 1198 1444 fuit
1219 1418 1237 1441 (1
1257 1401 1481 1443 eminentis
1509 1399 1719 1450 scientiae,
1747 1401 1787 1439 et
1812 1397 2064 1451 eloquentiae
2087 1429 2097 1447 ,
2126 1397 2344 1437 sanctitate

213 1479 454 1532 praecipuus
471 1511 481 1529 ,
503 1478 592 1520 vita
605 1509 615 1527 ‚
628 1477 1004 1518 'commiseratione
1023 1507 1033 1525 ,
1056 1487 1104 1515 ac
1124 1474 1320 1515 moribus
1339 1471 1704 1512 excellentissimis
1722 1470 1942 1511 decoratus
1958 1502 1968 1520 ,
1987 1469 2224 1521 benignus,
2245 1468 2344 1508 affa-

214 1550 331 1600 bilis,
353 1550 471 1603 pius,
494 1552 534 1591 et
550 1549 807 1599 misericors,
830 1547 1061 1589 virtutibus
1082 1546 1247 1599 plenus,
1273 1545 1356 1585 Deo
1375 1546 1414 1584 et
1431 1543 1676 1584 hominibus
1694 1542 1920 1582 dilectus...
1943 1540 2012 1581 cui
2034 1540 2144 1580 hanc
2161 1539 2345 1592 gratiam

216 1624 476 1663 concesserat
494 1620 698 1662 Dominus
715 1652 726 1671 ,
748 1619 862 1672 quod
881 1619 1140 1672 quicumque
1159 1629 1260 1658 eum
1277 1616 1479 1658 videbant
1499 1615 1633 1668 ipsius
1652 1626 1796 1655 amore
1817 1612 2099 1654 incontinenti
2120 1611 2344 1665 capieban-

216 1695 288 1734 tur
308 1705 362 1733 ex
381 1692 505 1733 corde
520 1693 546 1733 ¹.
566 1706 585 1730 n

271 1763 403 1805 Natus
421 1767 483 1804 est
499 1763 635 1815 igitur
651 1761 724 1803 Vir
750 1762 925 1814 ingenio
942 1794 951 1812 ,
981 1764 1020 1801 et
1048 1760 1252 1813 sapientia
1269 1759 1502 1810 excellens,
1531 1770 1643 1799 anno
1665 1756 1858 1809 vulgaris
1888 1768 1986 1796 aerae
2013 1758 2202 1797 vertente
2224 1758 2345 1805 1221,

218 1835 265 1876 111
287 1835 439 1888 oppido
459 1835 777 1887 Balneoreqz'zcm
797 1833 906 1874 dicto
927 1832 978 1885 (a)
1001 1832 1045 1872 in
1063 1831 1224 1872 Tusciae
1251 1831 1383 1872 Italiae
1407 1830 1583 1882 regione
1609 1829 1708 1879 sito,
1736 1828 1849 1881 quod
1873 1828 1918 1867 in
1937 1827 2142 1868 orientem
2167 1826 2349 1867 Urbem-

219 1910 406 1949 veterem
431 1909 615 1960 spectat,
639 1906 685 1946 in
712 1905 972 1946 occidentem
992 1916 1094 1944 vero
1120 1903 1251 1944 solem
1271 1903 1440 1955 respicit
1462 1901 1713 1942 Viterbium.
1741 1916 1759 1938 α
1783 1899 1942 1940 Joanne
1963 1901 2245 1951 cognomento
2275 1897 2348 1938 Fi-

221 1979 376 2027 danza,
397 1981 438 2019 et
453 1977 603 2019 Ritella
620 1977 793 2018 nomine
809 2009 820 2027 ,
842 1976 1037 2017 fidelibus
1058 1975 1318 2027 conjugibus
1337 1977 1468 2024 ortus,
1491 1971 1753 2026 baptismatis
1773 1971 1888 2011 unda
1904 1982 2123 2023 respersus
2141 1970 2233 2019 fuit,
2252 1982 2350 2023 quae

224 2062 278 2090 ex
293 2049 466 2091 Joannae
485 2049 704 2090 medicinae
729 2048 935 2100 magistro
952 2080 962 2098 ,
984 2050 1025 2087 et
1044 2046 1182 2087 Felice
1203 2045 1403 2096 Antonii,
1432 2044 1508 2097 qui
1538 2047 1579 2084 et
1602 2043 1684 2096 ipsi
1704 2043 1756 2083 ab
1775 2043 1855 2082 illis
1875 2042 2110 2095 maioribus
2130 2042 2344 2094 originem

224 2121 423 2172 trahunt,
445 2123 572 2174 atque
591 2120 684 2160 aliis
706 2120 881 2160 testibus
901 2118 1214 2170 Balneo-regiis
1233 2118 1364 2170 probe
1385 2118 1600 2169 comperta
1618 2116 1758 2155 sunt
1781 2129 1800 2151 ))

277 2192 493 2244 Fuerunt,
519 2192 595 2245 qui
618 2191 930 2233 Bonaventurae
956 2193 1152 2244 parentes
1176 2190 1305 2242 longe
1334 2188 1585 2236 ditissimos,
1612 2189 1652 2227 et
1678 2185 1832 2226 illustri
1859 2187 1948 2226 loco
1968 2187 2090 2225 natos
2108 2185 2349 2236 traderent3

225 2265 401 2306 fuerunt
416 2277 439 2306 e
459 2264 649 2315 diverso,
670 2264 744 2317 qui
762 2263 945 2316 plebeios
962 2295 971 2312 ‚
995 2276 1042 2304 ac
1064 2274 1232 2304 summe
1256 2264 1406 2302 tenues
1432 2260 1560 2300 fuisse
1580 2258 1780 2299 dicerent.
1804 2256 1932 2297 Nobis
1952 2260 2096 2297 autem
2113 2257 2354 2297 istiusmodi

229 2336 405 2388 gloriola
426 2335 532 2375 nihil
554 2335 728 2376 honoris
744 2334 1057 2376 Bonaventurae
1078 2334 1230 2375 addere
1250 2333 1433 2383 videtur,
1456 2344 1554 2373 cum
1574 2332 1685 2371 recte
1704 2330 1913 2370 factorum
1930 2361 1940 2380 ,
1966 2332 2006 2369 et
2026 2341 2285 2381 magnorum
2308 2328 2354 2368 in

229 2407 505 2448 Christianam
529 2407 847 2460 Rempublicam
874 2407 1127 2447 meritorum
1147 2418 1235 2446 una
1255 2405 1308 2445 sit
1336 2404 1472 2456 gloria
1489 2436 1498 2454 ,
1527 2405 1654 2455 atque
1681 2401 1774 2441 laus
1801 2400 2119 2441 consideranda.
2145 2415 2164 2438 α
2184 2399 2356 2440 Joannis

228 2491 385 2520 nomen
403 2479 448 2519 in
468 2491 584 2519 sacro
611 2479 778 2520 lavacro
799 2479 977 2529 tulerat,
1006 2481 1053 2518 ut
1078 2478 1227 2518 docent
1252 2479 1412 2517 vetercs
1440 2475 1624 2522 codices,
1655 2473 1700 2513 111
1727 2472 1884 2525 quibus
1910 2471 2117 2512 Joannem
2137 2470 2352 2511 nominari

229 2553 404 2591 testatur
425 2549 656 2591 Galesinius
675 2554 703 2591 ³.
727 2549 776 2590 Et
794 2549 982 2590 fortassis
1001 2561 1077 2602 pro
1098 2549 1332 2588 multorum
1352 2559 1435 2587 usu
1452 2546 1497 2586 in
1517 2544 1764 2586 nominihus
1783 2543 2012 2591 nectendis,
2039 2543 2173 2583 dictus
2193 2545 2254 2582 est
2274 2541 2356 2583 Pe-

230 2624 321 2663 trus
344 2621 525 2663 Joannes
540 2654 550 2673 ,
579 2621 647 2662 vel
670 2621 852 2662 Joannes
879 2620 1042 2661 Petrus.
1072 2619 1180 2660 Nam
1206 2622 1397 2660 auctores
1417 2618 1562 2659 Mallez'
1582 2616 1873 2667 maleficarum
1889 2618 1917 2664 ⁶,
1939 2615 2013 2668 qui
2033 2614 2074 2655 S.
2098 2614 2187 2656 Viri
2213 2625 2356 2656 aevum

231 2694 404 2747 propius
422 2693 682 2745 attigerunt,
705 2693 895 2733 scribunt
913 2704 1066 2733 verum
1085 2703 1245 2731 nomen
1270 2692 1365 2743 ejus
1384 2689 1511 2730 fuisse
1533 2689 1704 2729 Petrum
1725 2688 1775 2728 de
1796 2686 2138 2728 Donaventura⁵.
2160 2700 2177 2723 ›)

285 2765 322 2806 A
353 2777 487 2818 puero
518 2765 563 2804 in
590 2764 859 2804 mortiferum
889 2764 1089 2804 morbum
1121 2763 1293 2813 incidit,
1328 2764 1451 2815 qu'us
1482 2761 1550 2814 pia
1583 2763 1718 2801 mater
1751 2771 1921 2800 summo
1951 2770 2150 2811 oppressa
2185 2757 2356 2807 dolore,

234 2835 277 2878 S.
297 2835 508 2877 Francisci
525 2867 535 2886 ,
562 2836 635 2888 qui
656 2837 748 2888 j‘am
768 2836 818 2876 de
837 2836 993 2876 recenti
1012 2835 1057 2875 111
1075 2835 1230 2875 coelum
1256 2834 1442 2884 abierat,
1470 2845 1593 2886 opem
1618 2834 1764 2885 petens
1785 2831 1909 2871 enixe
1926 2862 1936 2880 ,
1961 2830 2010 2869 fit
2028 2829 2099 2869 illa
2123 2829 2212 2869 voti
2239 2841 2358 2868 com-

233 2920 309 2961 pos
323 2939 333 2957 ,
354 2910 395 2948 et
413 2919 519 2960 puer
536 2910 709 2960 repente
733 2907 932 2947 surrexit.
958 2922 977 2945 1(
996 2906 1073 2947 Per
1089 2907 1236 2959 ipsius,
1265 2905 1405 2958 inquit
1424 2904 1723 2945 Bonaventura
1739 2902 1767 2952 ὃ,
1800 2900 1955 2952 (sancti
1976 2898 2006 2940 F
2010 2899 2208 2953 rancisci)
2232 2899 2359 2940 invo-

236 2980 442 3020 cationem
462 2981 502 3019 et
520 2979 691 3030 merita,
714 2979 759 3018 in
777 2978 930 3032 puerili
956 2980 1077 3018 aetate
1092 3008 1104 3027 ,
1132 2978 1239 3018 sicut
1264 2976 1423 3018 recenti
1442 2975 1649 3016 memoria
1674 2979 1793 3014 teneo
1809 3005 1819 3023 ,
1843 2985 1868 3012 a
1887 2972 2034 3012 mortis
2050 2971 2241 3012 faucibus
2261 2983 2361 3012 eru-

236 3053 304 3092 tus
317 3083 327 3100 ‚
349 3051 384 3091 si
402 3050 612 3104 praeconia
630 3050 764 3090 laudis
783 3051 818 3102 ej
827 3062 875 3090 us
895 3052 1065 3090 tacuero
1079 3082 1089 3101 ,
1110 3049 1240 3090 timeo
1264 3048 1432 3090 sceleris
1452 3047 1579 3100 argui
1597 3079 1607 3096 ,
1634 3048 1683 3087 ut
1701 3046 1912 3097 ingratus.

291 3122 484 3164 Pristinae
508 3121 741 3165 valetudini
762 3121 806 3161 111
825 3121 1045 3174 integrum
1065 3121 1287 3162 restitutus
1303 3153 1312 3171 ,
1340 3120 1415 3161 uhi
1441 3132 1516 3173 per
1537 3121 1706 3160 aetatem
1729 3117 1876 3166 licuit,
1907 3117 2077 3169 iuvenis
2095 3128 2233 3157 unum
2251 3147 2262 3167 ,
2289 3126 2362 3155 eo-

243 3266 268 3298 C
282 3219 356 3297 1lt10}
373 3219 523 3297 Scriptorl·
541 3218 581 3259 is,
603 3217 659 3296 {lui
681 3218 833 3259 Lugdun.
855 3218 984 3250 Concil.
1008 3218 1033 3249 ΙΙ
1057 3217 1226 3258 interfuit,
1249 3218 1387 3259 ejusque
1407 3217 1549 3249 brevem
1573 3214 1754 3247 Historiam
1774 3213 1947 3254 narravit,
1967 3213 2056 3254 apud
2078 3212 2197 3254 Labb„
2218 3215 2302 3244 tom.
2317 3212 2360 3243 XI

269 3267 340 3298 oncz'
358 3289 382 3307 .‚
405 3271 491 3307 part.
531 3290 540 3305 ‚
563 3276 601 3297 co
621 3268 713 3296 ..060.

282 3315 296 3336 2
309 3315 388 3345 Haec
403 3314 528 3345 auritus
550 3313 643 3344 testis
663 3312 839 3344 Octavian.
859 3321 877 3342 a
897 3312 1050 3344 Martinis
1070 3313 1104 3344 in
1124 3315 1215 3345 Orat.
1236 3312 1274 3344 cle
1298 3312 1373 3343 Vita
1391 3312 1425 3343 S.
1444 3311 1640 3350 Bonavent„
1663 3309 1752 3350 apud
1776 3308 1970 3342 Sollerium.

286 3362 299 3381 ⁸
312 3362 418 3402 Cap.1
444 3362 525 3392 Vitae
546 3362 582 3393 S.
599 3362 790 3399 Bonavent„
811 3360 900 3400 apud
920 3360 1112 3392 Sollerium.

286 3410 346 3444 ¹·P.
369 3413 406 3443 111
431 3412 543 3452 Man„
565 3419 641 3452 C1.1.

287 3459 300 3482 ὃ
314 3459 369 3491 Sic
387 3460 592 3500 Theophilus
611 3457 840 3500 Raymundus,
860 3457 895 3488 in
913 3458 1062 3490 Inclae'culo
1082 3459 1143 3491 SS.
1161 3457 1440 3499 Luqdanensz'um,
1460 3457 1544 3488 tom.
1564 3455 1661 3495 V1113
1684 3454 1858 3495 Lugduni,
1882 3456 1974 3493 1665,
1994 3462 2029 3493 p.
2045 3459 2177 3484 xxxva.

290 3506 351 3538 6111
371 3506 503 3538 Praefat.
523 3507 565 3538 ad
589 3507 697 3537 Vitam
715 3505 739 3536 S
755 3505 937 3536 Franciscz'.

291 3565 334 3608 (α)
356 3566 457 3597 Hodie
481 3567 663 3607 Bagnarea.
