2613 3990
713 218 965 261 DISTINCT.
996 218 1120 259 XXXI
1147 218 1299 259 PART.
1332 219 1382 259 II.
1413 218 1532 259 ΛΒΤ.
1562 219 1592 259 Ι.
1624 218 1819 268 QUAEST.
1848 220 1879 260 I.

224 308 458 349 influentiae
477 311 517 349 et
536 308 836 349 conformitatis
857 311 1021 348 naturae
1041 323 1049 348 τ
1072 309 1164 349 ideo
1179 309 1240 348 di-

223 379 331 420 citur
363 380 550 421 Christus
586 383 712 433 caput
744 392 831 420 esse
866 380 994 420 totius
1031 379 1236 421 Ecclesiaee

223 451 304 492 Sed
324 452 510 493 Hilarius
530 452 758 494 extensiori
782 452 907 492 modo
923 452 1093 504 accipit,
1120 456 1244 505 prout

222 528 352 576 caput
382 525 481 565 dicit
511 524 717 576 originale
747 523 1003 576 principium
1027 538 1035 563 :
1069 527 1108 563 et
1137 537 1244 576 quo—

221 595 337 635 niam
362 595 470 636 Deus
490 596 610 636 Pater
628 598 688 635 est
707 595 962 647 principium
987 595 1078 635 filii
1091 628 1101 646 ,
1122 599 1162 635 et.
1182 596 1246 636 Fi-

220 666 302 706 lius
331 667 588 719 principium
618 666 808 707 omniun]
826 697 836 715 ,
872 665 928 705 ita
967 667 1080 718 quod
1115 666 1245 707 Filius

221 738 467 790 producitur
487 741 527 778 et
541 736 745 790 producit,
768 735 860 776 ideo
875 741 999 789 caput
1018 740 1098 785 est,
1114 740 1155 778 et
1168 738 1243 778 ha-

221 808 291 848 bet
310 812 451 862 caput.
471 809 548 850 Sed
566 808 685 848 Pater
700 808 904 860 quoniam
920 812 1045 861 cap-ut
1064 822 1150 849 non
1166 810 1246 850 ba-

221 879 305 931 bet,
324 892 423 920 cum
442 880 494 920 sit
512 879 786 929 innascibiliS,
809 883 869 919 est
891 883 1017 932 caput
1034 881 1244 931 omnium,

222 954 262 991 et
280 951 374 992 ideo
393 951 544 991 dicitur
562 950 717 990 fontale
738 950 994 1003 principium
1015 964 1038 991 a
1056 963 1141 1003 quo
1160 964 1248 991 om-

219 1021 305 1073 nia,
327 1025 368 1062 et
383 1022 428 1062 in
440 1034 568 1075 quem
588 1021 730 1061 omnia
751 1034 825 1074 per
853 1021 1007 1062 Filium
1035 1023 1249 1063 reducun-

219 1095 319 1134 tur:
342 1094 446 1134 etin
474 1093 554 1134 hac
583 1093 825 1134 reductione
853 1094 1011 1145 gradus
1029 1097 1113 1145 est,
1133 1107 1249 1135 com-

222 1165 410 1218 parando
427 1167 640 1205 creaturas
657 1165 708 1205 ad
726 1164 881 1205 Filium
897 1179 906 1214 3
924 1165 994 1205 sed
1009 1165 1120 1205 ultra
1140 1178 1250 1206 com-

220 1236 406 1289 parando
425 1235 580 1277 Filium
604 1236 657 1277 ad
677 1236 842 1276 Patrem
859 1248 947 1277 non
979 1240 1040 1277 est
1065 1237 1247 1289 gradus,

221 1308 293 1348 sed
312 1308 430 1358 ordo,
451 1311 491 1348 et
505 1308 641 1360 origo.
667 1308 715 1348 Et
732 1308 826 1349 ideo
845 1308 1029 1348 Hilarius
1047 1321 1133 1349 non
1152 1309 1251 1349 dicit

222 1375 291 1417 his
309 1376 532 1429 madibus,
553 1377 625 1418 sed
649 1377 722 1418 hoc
740 1376 893 1429 oracla.
913 1376 1032 1425 Quod
1052 1377 1251 1429 objicitur

222 1447 273 1488 de
293 1447 453 1501 Spiritu
472 1452 630 1499 sancto,
653 1447 877 1488 dicendum
904 1448 1016 1500 quod
1036 1448 1125 1501 ipse
1157 1447 1252 1501 Spi-

222 1518 332 1559 ritus
351 1523 519 1560 sanctus
538 1532 635 1560 cum
660 1520 855 1572 procedat
879 1532 903 1559 a
928 1519 1034 1559 Filio
1050 1551 1059 1568 ,
1084 1531 1158 1572 per
1178 1519 1250 1559 Fi-

222 1588 331 1630 lium
349 1603 447 1631 cum
468 1591 558 1631 aliis
571 1591 623 1632 ad
640 1590 807 1631 Patrem
824 1591 1052 1641 reducitur,
1075 1593 1115 1631 et
1128 1602 1253 1643 prop-

224 1663 340 1702 terea
358 1661 463 1703 Filio
482 1662 777 1716 appropriatur
798 1662 1000 1702 reductio.

649 1807 739 1835 DUB.
768 1806 825 1834 lx.

226 1887 272 1919 Ut
287 1886 353 1919 sint
372 1886 509 1929 quidem
534 1897 595 1928 per
622 1887 844 1919 substantiam
869 1887 949 1929 tria,
974 1897 1035 1928 per
1061 1897 1252 1920 consonan-

578 1935 659 1967 tiam
681 1945 762 1967 vero
787 1944 902 1966 unum.

279 2020 456 2062 Videtur
478 2021 571 2062 haec
590 2022 792 2062 confessio
819 2021 916 2062 fidei
934 2034 1021 2062 non
1043 2034 1132 2062 esse
1149 2034 1253 2062 con-

226 2094 427 2145 veniens;
452 2094 554 2147 quia
582 2094 632 2135 de
660 2094 795 2134 tribus
813 2094 1062 2134 hominibus
1081 2107 1252 2135 concor-

227 2165 424 2206 dantibus
440 2167 576 2219 potest
591 2166 694 2206 illud
712 2166 806 2217 dici,
829 2167 941 2219 quod
961 2179 1036 2219 per
1055 2167 1253 2207 substan-

226 2235 332 2276 tiam
345 2239 444 2277 sunt
456 2237 550 2286 tria,
563 2249 638 2289 per
651 2237 967 2278 consonantiam
981 2250 1083 2278 vcro
1099 2250 1234 2278 unum
1243 2269 1252 2278 .

657 2380 747 2409 DUB.
778 2381 821 2408 X.

233 2470 319 2508 Quia
339 2471 578 2513 cognominato
600 2472 725 2513 Spiritu
753 2475 888 2514 sancto,
912 2472 945 2504 id
975 2474 1048 2512 est,
1070 2471 1254 2512 Paraclito,

230 2529 234 2534 ’
270 2519 501 2550 consonantice
517 2520 629 2559 potius
644 2529 742 2561 quam
759 2521 912 2552 essentiae
926 2529 987 2561 per
1003 2519 1255 2551 similitudinem

269 2566 464 2598 substantiae
482 2567 660 2608 praedicari
680 2568 839 2600 convenit
858 2568 1032 2610 unitatem.

281 2665 456 2707 Videtur
474 2666 579 2708 illud
599 2667 768 2718 falsum,
784 2667 896 2720 quod
916 2667 1064 2708 debeat
1082 2666 1163 2707 (lici
1181 2678 1255 2719 per

231 2738 550 2779 consonantiam
586 2742 756 2792 propter
794 2739 1002 2792 Spiritum
1038 2741 1252 2788 sanctum,

228 2808 328 2860 quia
354 2803 536 2861 Spiritus
563 2813 733 2850 sanctus
760 2813 823 2851 est
848 2810 1038 2863 ejusdem
1065 2809 1255 2850 essentiae

227 2892 327 2920 011111
345 2879 481 2931 Patre,
509 2881 616 2922 sicut
634 2881 779 2922 Filius.

280 2950 402 3005 Resp.
425 2952 657 2994 Dicendum
679 2954 812 3006 quod,
841 2954 948 2995 sicut
975 2953 1159 2993 Hilarius
1189 2952 1255 2992 in-

228 3023 360 3064 tendit
381 3025 599 3066 ostendere
622 3025 869 3066 catholicam
900 3025 1073 3066 Patrum
1093 3024 1257 3066 confes-

227 3093 410 3144 sionem,
437 3108 538 3136 cum
564 3095 766 3137 dixerunt
797 3097 910 3149 quod
929 3100 1028 3137 sunt
1055 3109 1129 3150 per
1154 3096 1258 3137 51111-

228 3165 425 3205 stantiam
460 3167 566 3219 tria,
608 3180 683 3221 per
728 3169 1047 3209 consonantiam
1091 3180 1229 3209 unum
1244 3201 1255 3218 ,

229 3238 360 3276 sancti
389 3237 532 3279 Patres
550 3239 738 3280 volentes
765 3239 918 3280 elidere
950 3240 1148 3281 haeresim
1179 3239 1258 3281 Sa-

228 3307 474 3359 bellianam,
501 3321 598 3362 quae
617 3310 834 3360 eludebat,
855 3310 898 3351 id
917 3313 999 3362 est,
1027 3310 1258 3352 evacuabat

228 3378 451 3420 veritatem
475 3379 608 3421 Patris
635 3384 678 3422 et
704 3381 801 3422 Filii
829 3394 904 3435 per
923 3383 1259 3423 nominationem

229 3450 384 3502 solum,
405 3463 535 3504 quam
555 3451 717 3494 dicebat
736 3453 915 3505 11110550,
932 3466 1019 3495 non
1038 3466 1144 3504 rem,
1164 3466 1259 3494 con-

273 3533 316 3574 (a)
335 3533 428 3566 Edit.
455 3535 532 3567 Ven.
553 3535 688 3577 dicitur,
706 3536 815 3568 mend.

2261 227 2338 265 499

1319 309 1414 349 fessi
1451 311 1550 349 sunt
1583 308 1686 349 adeo
1719 320 1914 361 expresse
1947 309 2255 363 pluralitatem,
2291 317 2340 353 ut

1318 381 1460 420 minus
1487 393 1681 433 expresse
1701 381 2003 421 confiterentur
2027 383 2215 423 essentiae
2242 384 2340 423 11111-

1317 453 1474 490 tatem:
1508 463 1596 490 11011
1624 453 1765 490 tamen
1800 454 2060 491 recesserunt
2086 465 2110 491 a
2140 453 2338 504 veritate,

1319 521 1418 574 quia
1442 533 1515 573 per
1536 523 1622 562 ῖνὶα
1648 524 1732 562 tres
1761 533 1828 562 res
1856 521 2169 572 intelliguntur,
2198 523 2240 563 id
2265 527 2340 573 est,

1319 594 1402 631 tres
1421 591 1688 643 hypostase&
1710 605 1784 645 per
1808 592 2095 635 substantiam
2114 605 2237 644 vero,
2258 606 2344 634 non

1319 661 1412 701 usia
1427 661 1691 714 intelligitur,
1708 664 1777 704 sed
1795 676 1974 716 persona
1992 679 2000 704 z
2023 666 2064 703 et
2082 663 2174 704 ideo
2193 676 2245 703 ex
2266 664 2345 705 hac

1320 736 1436 785 parte
1454 745 1608 774 verum
1625 734 1837 775 dixerunt.
1852 735 1914 775 Ex
1928 738 2044 788 parte
2060 736 2346 776 consonantiae

1321 803 1511 844 similiter
1530 816 1682 845 verum
1703 805 1916 857 dixerunt,
1939 809 1979 846 et
1997 805 2347 859 irreprehensibi-

1322 875 1442 916 liter:
1475 889 1575 916 nam
1605 877 1710 917 sicut
1740 890 1814 930 per
1846 877 1980 919 Patris
2008 882 2048 919 et
2076 878 2168 918 Filii
2192 890 2349 918 nomen

1324 947 1517 988 innuitur
1536 949 1677 989 unitas
1695 952 1860 989 naturae
1875 982 1884 999 ,
1907 950 2006 1002 quia
2028 949 2156 989 Filius
2174 952 2236 990 est
2255 961 2351 990 con-

1324 1019 1529 1059 naturalis
1550 1019 1684 1071 Patri,
1711 1020 1769 1061 ita
1799 1033 1874 1073 per
1903 1020 2107 1073 Spiritum
2133 1024 2348 1072 sanctum,

1324 1090 1397 1143 qui
1426 1093 1487 1131 est
1509 1103 1643 1140 amor,
1674 1091 1799 1131 datur
1821 1091 2001 1143 intelligi
2025 1092 2166 1133 unitas
2199 1105 2351 1133 conso-

1323 1161 1504 1211 nantiae3
1540 1165 1580 1202 et
1609 1162 1702 1203 ideo
1734 1163 1912 1203 verbum
1949 1163 2029 1204 hoc
2061 1176 2148 1205 non
2181 1164 2353 1205 habebit

1325 1233 1602 1284 caluniniani3
1625 1237 1665 1275 et
1681 1237 1851 1288 propter
1869 1236 1949 1276 1100
1967 1235 2109 1288 ipsum
2126 1236 2348 1277 dixerunt:

1325 1306 1365 1342 et
1394 1304 1474 1345 boc
1502 1305 1596 1346 vult
1629 1306 1767 1347 dicere
1797 1306 2006 1358 Hilarius,
2042 1320 2141 1348 cum
2169 1308 2272 1348 dicit
2298 1308 2350 1361 (a)

1325 1377 1437 1428 quod
1468 1378 1608 1429 potius
1644 1380 1928 1420 consonantiae
1965 1393 2091 1432 quan]
2128 1381 2317 1421 essentiae
2341 1395 2350 1421 ε

1325 1459 1411 1487 11011
1431 1449 1530 1500 quia
1549 1452 1781 1503 utrumque
1801 1462 1887 1491 non
1903 1451 1954 1491 sit
1973 1464 2139 1503 verum,
2163 1451 2234 1492 sed
2254 1452 2354 1505 quia

1325 1517 1405 1558 1100
1423 1521 1484 1559 051
1500 1521 1756 1572 expressius,
1773 1524 1813 1561 et
1829 1522 1956 1562 habet
1971 1522 2180 1563 minorem
2196 1523 2355 1563 calum-

1325 1589 1441 1630 niam
1460 1604 1467 1629 :
1490 1594 1631 1632 tamen
1654 1592 1795 1633 adhuc
1816 1593 2007 1645 sequitur
2026 1593 2150 1644 illud,
2180 1594 2294 1646 quod
2320 1593 2356 1633 si

1327 1661 1449 1704 Pater
1477 1667 1517 1704 et
1547 1663 1678 1705 Filius
1698 1677 1835 1705 unum
1856 1678 1910 1706 ex
1935 1677 1978 1706 50
1997 1666 2238 1719 producunt
2257 1666 2355 1719 Spi—

1326 1734 1460 1775 ritum
1474 1768 1483 1786 ,
1505 1736 1666 1777 ratione
1689 1738 1812 1789 cujus
1832 1740 1893 1777 est
1919 1737 1976 1777 ihi
1996 1738 2138 1778 unitas
2159 1750 2234 1791 per
2254 1750 2357 1779 con-

1327 1808 1589 1859 sonantiam,
1615 1821 1783 1850 necesse
1811 1812 1873 1850 est
1901 1810 2016 1862 quod
2040 1810 2248 1850 unitatem
2274 1810 2355 1851 ha-

1326 1876 1452 1918 beant
1470 1877 1515 1918 in
1537 1879 1730 1919 essentia.

1636 2041 1957 2086 ARTICULUS
1989 2042 2024 2086 I.

1381 2162 1445 2203 Ad
1463 2163 1789 2216 intelligentiam
1807 2177 1956 2205 eorum
1976 2175 2072 2217 quae
2093 2164 2291 2205 dicuntur
2309 2164 2357 2205 in

1329 2236 1409 2276 hac
1439 2238 1555 2288 parte
1569 2268 1579 2285 ,
1622 2235 1707 2276 duo
1746 2236 2031 2289 principaliter
2067 2239 2321 2288 quaeruntur
2343 2248 2353 2276 z

1327 2307 1466 2360 primo
1497 2307 1703 2360 quaeritur
1731 2307 1781 2348 de
1813 2307 2152 2361 appropriatione
2183 2307 2352 2358 Hilarii3

1332 2379 1515 2420 secundo
1552 2380 1602 2420 de
1639 2379 1978 2432 appropriatione
2014 2379 2261 2432 Augustini.
2306 2379 2358 2420 Et

1330 2453 1541 2503 quantum
1554 2451 1606 2491 ad
1623 2451 1812 2503 primum
1827 2453 2080 2504 quaeruntur
2096 2451 2176 2491 tria
2192 2462 2201 2490 :
2220 2450 2357 2504 primo

1328 2521 1537 2574 quaeritur
1555 2524 1703 2562 utrum
1718 2521 1862 2574 imago
1883 2522 2046 2562 dicatur
2061 2522 2106 2562 in
2125 2522 2280 2563 divinis
2297 2535 2360 2564 50-

1328 2593 1518 2633 cundum
1537 2593 1832 2644 substantiam,
1851 2605 1907 2633 an
1925 2594 2159 2634 secundum
2184 2594 2358 2635 relatio-

1328 2677 1448 2714 nem3
1471 2665 1669 2715 secundo,
1686 2665 1782 2706 dato
1796 2665 1909 2718 quod
1929 2666 2167 2706 secundum
2184 2666 2358 2708 relatio-

1329 2748 1443 2784 nem,
1471 2735 1679 2788 quaeritur
1709 2738 1856 2776 utrum
1881 2736 2026 2788 imago
2055 2736 2107 2789 sit
2137 2736 2358 2790 proprium

1330 2807 1360 2848 F
1363 2808 1444 2858 ilii;
1466 2808 1588 2848 tertio
1621 2808 1828 2860 quaeritur
1848 2808 1898 2849 de
1925 2808 2087 2849 ratione
2111 2809 2359 2862 appropria-

1329 2879 1454 2920 tionis
1471 2879 1642 2920 illorum
1658 2879 1804 2931 trium,
1820 2879 1975 2920 scilicet
1991 2880 2251 2932 aeternitatis,
2268 2893 2358 2934 spe-

1330 2951 1422 3000 ciei,
1445 2953 1485 2991 et
1502 2963 1618 2991 usus.

1694 3048 1930 3098 QUAESTIO
1962 3049 1994 3089 I.

1330 3151 1392 3186 An
1417 3153 1538 3196 Imaqo
1567 3153 1606 3186 in
1637 3150 1772 3186 divinis
1795 3151 1981 3187 secundum
2017 3151 2270 3196 substantiam,
2302 3150 2359 3186 vel

1533 3210 1722 3247 secundum
1742 3211 1956 3247 relationem
1975 3211 2118 3247 dicatur
2131 3211 2156 3246 ¹.

1386 3307 1505 3357 Quod
1534 3308 1678 3361 imago
1711 3308 1874 3349 dicatur
1903 3308 2137 3350 secundum
2167 3306 2360 3347 substan-

1375 3391 1386 3412 ¹
1403 3391 1456 3431 Cf.
1475 3391 1570 3422 Alex.
1583 3391 1727 3433 Alensis,
1744 3402 1779 3433 p.
1794 3393 1820 3432 I,
1839 3402 1872 3433 q.
1888 3400 1959 3433 in,
1976 3391 2101 3423 memb.
2117 3393 2157 3431 23
2174 3391 2210 3422 S.
2223 3389 2359 3430 Thom.,

1331 3448 1365 3479 p.
1386 3439 1418 3479 l,
1449 3448 1482 3480 q.
1502 3447 1608 3480 xxxv,
1640 3442 1703 3471 art.
1725 3447 1756 3480 13
1786 3442 1819 3471 et
1847 3442 1858 3471 1
1885 3441 1989 3478 Seni„
2015 3439 2091 3471 dist.
2107 3445 2239 3479 xxvm,
2260 3447 2294 3478 q.
2311 3446 2358 3478 11,

1332 3488 1394 3518 art.
1414 3488 1454 3526 23
1482 3487 1594 3528 AEgid.
1615 3488 1728 3528 Rom,
1759 3489 1771 3519 l
1800 3488 1906 3528 Sent„
1936 3487 2012 3518 dist.
2033 3494 2164 3527 xxvin,
2191 3486 2301 3527 princ.
2317 3487 2359 3525 2,

1331 3543 1364 3575 q.
1380 3542 1440 3574 111;
1460 3535 1631 3576 Richard„
1651 3537 1663 3567 l
1685 3536 1790 3575 Sent„
1810 3535 1888 3567 dist.
1902 3542 2032 3575 xxvm,
2051 3536 2114 3565 art.
2130 3535 2161 3574 3,
2177 3542 2211 3574 q.
2230 3541 2255 3565 1.

2389 3312 2435 3340 Ad
2450 3321 2518 3348 opp.
