2570 3986
349 282 422 312 xw
1166 267 1207 309 S.
1243 264 1645 308 BONAVENTURAE

348 359 453 401 berti
474 358 542 400 Fr.
565 358 658 400 Ord.
682 357 818 399 Praed.
837 357 889 398 ad
909 357 989 398 1106
1007 356 1240 409 specialiter
1259 369 1283 396 a
1304 356 1348 396 ll.
1372 354 1484 408 Papa
1499 354 1639 396 vocati
1654 354 1682 394 ¹.
1704 367 1724 392 »
1746 353 1909 395 Horum
1932 356 2075 396 autem
2094 355 2288 396 omnium
2307 355 2467 408 palino—

347 431 460 473 diam
479 431 663 472 cecinere
692 430 788 470 Mil.
814 429 899 470 Odo
922 429 971 469 de
995 428 1134 469 Duaco
1154 460 1163 477 ,
1195 431 1236 468 et
1266 427 1525 469 Christianus
1547 425 1812 466 Belvacensis
1828 459 1839 478 ,
1868 426 1942 479 qui
1960 426 2196 468 Academiae
2223 425 2468 468 Parisiensis

347 507 486 557 partes
504 505 544 543 et
563 514 734 543 causam
758 501 873 542 velut
894 512 969 553 pro
996 500 1082 540 aris
1112 502 1152 540 et
1169 500 1270 539 focis
1288 498 1383 539 tuiti
1400 499 1582 539 fuerant.
1602 497 1666 538 Ad
1685 497 1778 538 haec
1793 499 1994 551 juravere
2010 531 2020 550 ,
2042 511 2085 539 se
2105 497 2360 551 Aquinatem
2378 511 2467 539 non

348 575 492 615 minus
507 606 517 623 ,
547 586 675 626 quam
704 572 1045 613 Bonaventuram
1059 603 1068 620 ,
1099 571 1144 610 in
1171 570 1400 610 amicitiam
1417 602 1428 620 ,
1450 569 1576 610 fidem
1591 601 1601 620 ,
1623 571 1663 610 et
1682 569 1988 622 magistrorum
2016 570 2256 611 societatem
2275 573 2468 623 receptu—

348 658 431 687 ros.
453 645 737 695 Quamobrem
762 642 998 684 Cardinales
1015 674 1025 691 ,
1054 642 1127 694 qui
1145 641 1245 682 huic
1267 641 1441 693 negotio
1461 642 1701 694 praeerant,
1725 642 2060 684 lustramentum
2082 641 2230 682 confici
2245 642 2468 694 jusserunt

349 730 460 758 anno
479 719 597 766 1256,
617 716 682 756 die
702 718 751 755 23
770 714 949 755 octobris
968 726 978 753 :
1001 714 1043 753 iu
1064 725 1149 766 quo
1169 713 1278 754 inter
1298 716 1435 754 cetera
1452 713 1698 755 mandatum
1718 713 1795 754 fuit
1815 712 2045 765 magistris,
2069 728 2087 751 «
2107 715 2154 753 ut
2172 712 2338 753 Fratres
2359 712 2469 754 Prae-

349 790 549 830 dicatores
567 788 748 829 Minores
770 786 938 826 Parisiis
964 785 1163 836 degentes
1179 816 1189 834 ‚
1215 785 1442 837 magistros
1465 788 1505 826 et
1528 785 1740 827 auditores
1765 797 1915 832 eorum
1931 817 1941 835 ,
1964 787 2004 825 et
2020 785 2253 837 specialiter
2269 797 2316 826 ac
2335 785 2471 825 nomi-

349 861 481 901 natim
502 860 666 900 Fratres
688 858 892 899 Thomam
914 857 964 897 de
983 857 1153 909 Aquino
1175 856 1226 897 de
1246 856 1402 898 Ordine
1422 856 1752 898 Praedicat01·um
1769 888 1779 906 ,
1809 858 1849 896 et
1871 855 2216 897 Bonaventuram
2241 856 2291 897 de
2317 856 2470 898 Ordine

349 932 560 973 Minorum
579 931 766 972 doctores
786 928 1012 980 theologiae
1033 941 1087 968 ex
1106 930 1209 969 tunc
1228 931 1441 981 quantum
1460 928 1505 968 in
1524 928 1584 969 eis
1609 931 1742 978 esset,
1776 928 1822 969 111
1851 928 2093 969 societatem
2121 928 2412 969 scholasticam
2431 930 2472 970 et

349 1003 400 1044 ad
419 1002 739 1043 Universitatem
766 1000 1043 1041 Parisiensem
1070 999 1330 1053 reciperent,
1358 1003 1399 1041 et
1424 1012 1619 1054 expresse
1640 1000 1829 1041 doctores
1851 1000 1962 1053 ipsos
1985 1000 2220 1053 reciperent
2238 1002 2287 1041 ut
2311 1000 2472 1053 magis-

353 1079 434 1116 tros
449 1075 476 1115 ².
498 1088 517 1112 1)
538 1073 840 1114 Yerumtameu
869 1071 1085 1125 promissis
1114 1084 1202 1113 non
1228 1074 1377 1113 stetere
1406 1071 1646 1113 Academici
1667 1084 1678 1112 t
1706 1084 1808 1112 nam
1835 1083 1951 1124 aegre
1982 1072 2160 1113 ferentes
2184 1071 2468 1125 palinodiam,

349 1158 476 1199 quam
501 1147 644 1185 contra
672 1143 916 1185 Parisiensis
936 1143 1229 1184 Universitatis
1246 1145 1365 1197 Jussa
1385 1143 1622 1184 cecinerant
1644 1144 1854 1196 Anagniae,
1879 1143 2074 1196 magistri
2091 1176 2101 1189 ,
2128 1143 2238 1197 90551
2267 1155 2355 1185 11011
2374 1147 2474 1185 511111

350 1221 395 1257 111
415 1216 602 1269 Aquinas
621 1219 661 1256 et
681 1214 977 1256 Bonaventura
1003 1215 1237 1266 magisterii
1265 1215 1370 1255 rude
1394 1215 1668 1256 donarentur.
1696 1214 1774 1256 Ubi
1799 1214 1979 1257 Parisios
2004 1215 2126 1256 rediit
2144 1215 2444 1257 Bonaventura
2459 1246 2471 1267 ,

349 1301 519 1341 sperans
538 1288 641 1328 sorte
661 1300 703 1327 se
724 1290 980 1327 conventum
1000 1287 1043 1326 in
1060 1286 1242 1339 episcopi
1261 1286 1358 1326 aula
1376 1286 1646 1335 habiturum,
1669 1286 1847 1339 diruptis
1868 1287 2066 1327 omnihus
2086 1287 2302 1328 modestiae
2321 1287 2470 1336 modis,

351 1359 394 1399 in
411 1360 551 1399 virum
572 1360 815 1411 ceteroquin
834 1359 1046 1399 insontem
1065 1359 1252 1399 furentes
1270 1357 1514 1399 debacchati
1533 1360 1633 1398 sunt
1652 1357 1906 1398 Academici.
1939 1358 2112 1398 Interim
2139 1358 2364 1399 commisso
2393 1358 2472 1399 sibi

350 1430 470 1482 gregi
490 1442 573 1470 11011
595 1430 752 1480 defuit,
780 1430 850 1470 sed
877 1431 1034 1483 profuit
1053 1431 1268 1471 maxime:
1304 1442 1405 1471 nam
1425 1442 1525 1470 cum
1545 1430 1706 1470 videret
1735 1429 1891 1480 multa,
1921 1430 2098 1483 haecque
2129 1430 2387 1471 correctione
2411 1431 2474 1471 di-

349 1514 458 1553 gna,
485 1501 659 1541 malain
679 1499 877 1542 Ordinem
906 1502 1145 1543 clanculum
1171 1502 1386 1555 irrepsisse
1403 1535 1413 1554 ,
1444 1503 1569 1556 coepit
1594 1503 1805 1556 gradatim
1829 1516 1878 1544 ea
1903 1503 2146 1552 restituere,
2173 1515 2270 1556 quae
2296 1514 2476 1543 consue-

349 1573 450 1613 tudo
477 1573 627 1613 vitiosa
648 1573 899 1614 detraxerat.
929 1574 973 1615 ld
999 1586 1086 1627 quo
1113 1574 1277 1614 facilius
1301 1578 1470 1626 ageret,
1496 1575 1715 1627 epistolam
1732 1608 1742 1626 ,
1774 1587 1905 1628 quam
1932 1574 2189 1628 encyclicam
2219 1574 2473 1626 nominant,

350 1657 447 1684 cum
467 1644 550 1684 sale
564 1644 841 1685 humanitatis
861 1658 1048 1698 sparsam
1066 1678 1076 1697 ,
1100 1649 1193 1686 tum
1213 1646 1370 1686 amoris
1390 1646 1500 1686 notis
1519 1646 1732 1699 insignem
1750 1679 1760 1696 ,
1784 1647 1985 1688 universo
2005 1647 2116 1688 dedit
2137 1646 2306 1696 Ordini3
2326 1646 2369 1686 in
2391 1658 2476 1699 qua

350 1728 391 1757 se
411 1719 547 1757 totum
575 1717 620 1757 in
648 1717 931 1758 convellendis
960 1717 1082 1758 malis
1105 1720 1359 1770 occupatum
1384 1718 1578 1758 ostendit.
1610 1718 1710 1759 Haec
1739 1731 1865 1771 porro
1892 1718 2063 1772 epistola
2081 1751 2091 1769 ,
2123 1729 2219 1771 quae
2251 1718 2360 1758 inter
2384 1719 2477 1770 eJus

351 1787 482 1840 Opera
496 1788 737 1838 collocatur,
761 1788 929 1829 Parisiis
948 1789 1044 1829 data
1063 1789 1142 1829 fuit
1161 1801 1272 1829 anno
1290 1791 1409 1841 1257,
1430 1793 1454 1829 9
1475 1789 1552 1830 cal.
1571 1790 1686 1830 maii.
1704 1789 1825 1830 Hisce
1845 1790 1971 1830 rebus
1990 1789 2304 1831 Bonaventurae
2323 1788 2474 1829 sollici-

351 1859 466 1909 tudo,
489 1861 636 1901 nitoris
655 1861 793 1911 ardor,
817 1860 1022 1913 sapientia
1037 1893 1047 1911 ,
1069 1873 1118 1901 ac
1134 1861 1360 1913 prudentia
1379 1861 1437 1901 sic
1457 1861 1670 1909 inclaruit,
1693 1864 1741 1902 ut
1760 1862 2000 1902 Alexander
2019 1860 2087 1912 IV,
2111 1861 2181 1902 cui
2200 1874 2370 1902 summo
2389 1864 2479 1902 erat

350 1931 394 1972 in
413 1931 567 1985 pretio,
595 1932 850 1985 gravissimo
875 1932 928 1973 ad
945 1932 1064 1972 illum
1092 1931 1325 1985 Diplomate
1352 1933 1480 1973 misso
1499 1965 1508 1982 ,
1535 1945 1623 1973 non
1647 1933 1774 1974 modo
1802 1933 1979 1974 calcaria
2003 1933 2235 1984 addiderit,
2264 1933 2335 1974 sed
2359 1933 2478 1973 miris

350 2002 470 2044 illum
494 2004 689 2045 laudibus
717 2005 844 2044 etiam
873 2004 1075 2045 evexerit.
1107 2002 1263 2045 Notatu
1291 2007 1389 2044 sunt
1415 2004 1573 2057 digna,
1609 2017 1706 2058 quae
1735 2005 1787 2045 ad
1817 2005 1974 2046 calcem
2006 2005 2251 2058 Diplomatis
2282 2004 2478 2058 adjunxit

351 2077 588 2118 Alexander
608 2091 616 2117 ε
641 2092 660 2114 1(
685 2076 894 2116 Caeterum
912 2108 920 2125 ‚
947 2077 1090 2129 inquit
1105 2079 1133 2126 ³,
1158 2075 1259 2128 quia
1279 2088 1355 2128 pro
1377 2079 1490 2117 certo
1513 2079 1706 2117 tenemus
1724 2109 1734 2127 ,
1767 2077 1880 2130 quod
1902 2077 1998 2117 data
2019 2077 2070 2117 sit
2092 2077 2168 2117 tibi
2193 2077 2356 2117 coelitus
2377 2089 2478 2129 gra—

351 2149 407 2189 tia
429 2148 604 2201 regendi
631 2147 855 2188 salubriter
883 2148 1092 2201 populum
1118 2150 1309 2188 sanctum
1339 2147 1437 2199 Dei,
1471 2160 1519 2188 ac
1551 2149 1742 2201 ejusdem
1773 2149 2065 2201 gubernacula
2087 2149 2252 2191 Ordinis
2281 2161 2478 2202 prospere

352 2220 582 2272 dirigendi3
605 2219 792 2261 Nobisde
809 2223 848 2260 te
863 2220 1017 2260 fiducia
1032 2232 1190 2272 magna
1205 2219 1418 2272 praebetur
1431 2221 1501 2272 (α),
1516 2221 1629 2273 quod
1642 2221 1778 2262 dictus
1800 2220 1907 2262 Ordo
1929 2225 1968 2262 te
1987 2221 2047 2261 1111
2068 2221 2318 2274 praesidente
2340 2220 2478 2261 conti-

352 2292 491 2331 nuatis
515 2294 751 2332 concrescet
771 2291 1013 2344 augmentis
1030 2324 1039 2341 ,
1065 2292 1243 2344 ejusque
1263 2294 1395 2331 status
1411 2323 1422 2342 ,
1446 2295 1617 2333 auctore
1647 2292 1730 2333 Deo
1747 2325 1757 2344 ,
1789 2296 1910 2345 grata
1929 2293 2126 2346 suscipiet
2149 2305 2224 2346 per
2244 2294 2369 2333 tuum
2393 2291 2478 2332 mi·-

352 2364 574 2404 nisterium
595 2365 854 2406 incrementa
876 2365 1137 2406 virtutum...
1159 2363 1310 2405 Datum
1331 2363 1514 2413 viterbi,
1541 2367 1590 2404 12
1614 2364 1690 2405 cal.
1715 2365 1932 2414 novemb.,
1956 2376 2068 2404 anno
2092 2366 2210 2405 1257.

407 2435 493 2477 Sub
513 2436 605 2477 haec
626 2437 877 2477 tumultuari
897 2437 1056 2478 desiere
1081 2436 1336 2477 Parisienses
1358 2436 1598 2477 Academici
1616 2469 1625 2487 ,
1648 2439 1689 2476 61
1713 2448 1814 2489 pace
1837 2449 1936 2476 611111
1958 2435 2292 2476 Mendicantibus
2314 2438 2481 2478 utcum-

353 2521 436 2561 que
456 2508 560 2549 inita
576 2541 587 2560 ,
609 2509 829 2562 Principio
851 2522 874 2550 a
897 2509 1197 2551 Bonaventura
1220 2509 1330 2549 circa
1350 2508 1508 2549 mensis
1534 2508 1715 2549 octobris
1735 2509 1867 2548 finem
1892 2508 2034 2548 habito
2051 2540 2061 2559 ,
2088 2507 2278 2549 volentes
2294 2540 2304 2559 ,
2329 2508 2481 2549 1101611-

355 2583 414 2620 tes
430 2612 440 2631 ,
461 2581 688 2621 interfuere
711 2596 719 2622 :
754 2582 896 2634 sicque
918 2580 1149 2633 Magisterii
1168 2581 1361 2621 lauream
1381 2613 1391 2632 ,
1419 2593 1549 2633 quam
1581 2592 1655 2633 per
1681 2592 1902 2621 summum
1928 2580 2044 2620 nefas
2066 2580 2118 2619 ab
2140 2580 2212 2620 1110
2235 2580 2481 2621 nitebantur

355 2652 533 2703 auferre,
555 2652 738 2693 obtinuit
754 2653 938 2693 tandem.
958 2651 1038 2693 Sed
1059 2652 1161 2705 quid
1182 2652 1234 2692 ab
1253 2664 1365 2693 anno
1387 2655 1505 2703 11:257,
1528 2665 1614 2705 quo
1633 2665 1732 2692 cum
1751 2652 1961 2705 Aquinate
1975 2650 2205 2703 Magisterii
2224 2651 2328 2692 rude
2348 2652 2481 2693 dona-

356 2725 424 2763 tus
442 2723 542 2774 fuit,
562 2736 697 2776 usque
714 2724 765 2764 ad
786 2736 948 2764 annum
970 2727 1088 2775 1260,
1110 2736 1195 2777 quo
1219 2724 1389 2764 comitia
1411 2724 1629 2776 generalia
1646 2722 1856 2764 Narbonae
1881 2723 2122 2772 celebravit,
2146 2723 2263 2776 quid,
2286 2723 2478 2777 inquam,

355 2793 422 2835 ille
443 2795 590 2847 ege1it,
610 2808 871 2848 quamquam
891 2796 1012 2836 nobis
1031 2799 1296 2849 compertum
1315 2809 1403 2836 non
1421 2796 1499 2846 sit,
1518 2797 1711 2848 conjectu
1729 2798 1871 2836 tamen
1888 2807 2074 2848 pronum
2095 2798 2178 2846 est,
2198 2795 2243 2835 in
2261 2795 2342 2836 hoc
2360 2796 2481 2837 illum

355 2865 586 2915 laborasse,
616 2871 664 2907 ut
692 2866 992 2907 Parisicnsium
1019 2868 1270 2909 damnatum
1295 2867 1485 2908 libellum
1515 2868 1668 2920 scripto
1692 2868 1940 2908 confutaret.
1968 2866 2128 2908 Verum
2151 2867 2201 2908 de
2228 2868 2380 2921 scripto
2402 2868 2483 2909 hoc

356 2938 472 2978 alias.
494 2938 616 2978 Anno
634 2938 775 2991 itaque
797 2941 900 2978 1260
917 2971 926 2989 ,
957 2939 1001 2978 in
1024 2938 1285 2980 Ρ61116605165
1303 2940 1408 2981 festo
1424 2972 1434 2991 ,
1464 2939 1578 2993 quod
1597 2939 1642 2979 in
1664 2941 1713 2979 10
1735 2938 1812 2978 601.
1832 2939 1946 2991 junii
1970 2938 2141 2988 incidit,
2165 2939 2325 2980 vocatis
2343 2939 2480 2980 comi—

356 3009 425 3049 tiis
440 3041 450 3059 ,
474 3007 671 3049 Generale
693 3010 931 3062 Capitulum
952 3009 1162 3051 Narbonae
1190 3011 1304 3064 egit,
1328 3011 1373 3051 111
1398 3024 1484 3064 quo
1512 3023 1611 3051 cum
1638 3010 1771 3050 multa
1791 3010 2036 3063 prudenter,
2064 3013 2161 3051 tum
2181 3014 2292 3051 recte
2312 3011 2479 3062 sanxit,

357 3093 453 3134 quae
473 3081 655 3120 multum
679 3080 821 3121 Ordini
844 3081 1055 3134 profuere.
1079 3081 1098 3123 J
1106 3095 1228 3123 ussus
1242 3083 1312 3123 hic
1327 3096 1352 3123 a
1370 3082 1565 3124 Patribus
1584 3082 1663 3122 fuit
1676 3114 1685 3131 ,
1713 3084 1760 3122 ut
1779 3081 2051 3134 perquisitius
2067 3114 2077 3133 ,
2101 3094 2230 3135 quam
2251 3083 2382 3123 eoaevi
2398 3085 2482 3123 tes-

356 3156 418 3193 tes
436 3153 644 3203 fecerant,
671 3151 810 3193 Sancti
833 3152 862 3193 F
865 3154 1041 3194 rancisci
1065 3153 1202 3194 Vitam
1224 3155 1504 3196 conscriberet
1525 3167 1534 3194 :
1559 3166 1687 3207 quem
1708 3153 1882 3206 quidem
1902 3154 2090 3194 laborem
2111 3167 2197 3195 non
2216 3154 2479 3207 suscepisset,

357 3225 439 3265 nisi
455 3224 575 3264 illum
597 3224 793 3265 Fratrum
814 3226 979 3275 sert-ens
1001 3226 1223 3268 incitasset
1240 3226 1440 3280 affectus,
1464 3225 1674 3280 qeneratis
1700 3236 1862 3278 qnoque
1886 3226 2068 3278 capituti
2094 3236 2262 3268 concors
2280 3226 2482 3269 induxis-

359 3301 419 3339 set
443 3297 657 3338 instantia
671 3299 698 3335 ³⁴.
724 3295 915 3337 Generali
934 3298 1070 3358 soluto
1088 3298 1272 3351 capitulo
1286 3331 1296 3350 ,
1320 3311 1368 3339 ac
1387 3299 1587 3340 omnibus
1607 3298 1816 3350 sapienter
1837 3297 2097 3348 constitutis,
2125 3296 2254 3338 Gallia
2273 3298 2482 3350 profectus

359 3373 420 3410 est
438 3369 604 3419 statim,
626 3370 675 3408 ut
694 3368 826 3410 locum
844 3370 1026 3422 ortgyinis
1041 3402 1053 3421 ,
1073 3372 1436 3423 conversationis,
1459 3375 1499 3414 et
1518 3371 1729 3414 transitus
1758 3369 1856 3412 Viri
1877 3369 2046 3422 Sancti,
2069 3368 2302 3422 Francisci,
2323 3369 2478 3422 adiret,

409 3455 463 3485 1111
482 3462 583 3494 opere
601 3451 640 3482 tle
660 3451 797 3492 Apibus,
818 3452 876 3483 lib.
896 3453 943 3493 11,
965 3463 993 3485 c.
1008 3462 1044 3493 X,
1064 3464 1099 3486 n.
1115 3457 1165 3495 23,
1186 3465 1221 3496 p·
1238 3458 1310 3488 1·Ῑὸ-

400 3502 524 3542 ²Apud
544 3499 734 3538 Boutaeum,
754 3502 836 3530 tom.
857 3500 921 3540 111,
944 3510 977 3541 p.
993 3504 1066 3532 315,

403 3548 416 3570 ³
431 3549 513 3581 Vide
532 3551 616 3580 tom.
634 3548 661 3579 ll
682 3546 805 3578 Αηηαί.
826 3547 1010 3589 Waddingi
1028 3548 1070 3579 ad
1084 3557 1165 3581 ann.
1186 3552 1276 3591 1257,
1298 3560 1331 3592 p.
1350 3553 1419 3589 161,
1440 3560 1474 3582 11.
1491 3558 1526 3582 x.
1600 3580 1603 3584 .

402 3596 416 3617 ⁴
429 3596 463 3628 S.
480 3597 610 3628 Bonav.
629 3594 665 3626 in
682 3593 817 3635 Proloy-
843 3594 926 3626 Vitoe
944 3594 980 3626 S.
996 3595 1024 3626 F
1026 3597 1179 3628 rancz'sci.
1200 3615 1239 3622 --
1261 3598 1301 3639 (α)
1319 3598 1413 3631 Edit.
1432 3598 1509 3630 Ven.
1523 3596 1704 3639 probetur.
