2570 3986
1082 276 1369 320 DISTINCTIO
1396 277 1426 318 Ι.

200 370 344 415 verbis
362 369 537 414 videtur
555 367 830 427 Augustinus
850 367 1096 423 ostendere,
1118 366 1236 426 quod
1256 367 1439 411 virtutes
1467 380 1555 409 non
1582 370 1756 425 propter
1783 380 1826 409 50
1841 401 1852 422 ,
1875 365 1947 409 sed
1975 369 2149 424 propter
2177 366 2315 409 solam

201 447 514 492 beatitudinem
534 445 730 491 amandae
748 444 848 488 sint.
874 443 998 497 Quod
1019 444 1054 487 si
1074 444 1132 487 ita
1151 449 1228 499 est,
1252 459 1352 502 ergo
1374 444 1433 488 eis
1453 443 1688 487 fruendum
1709 458 1797 486 non
1817 448 1894 486 est.
1919 442 2028 485 Aliis
2045 456 2148 486 vero
2167 448 2316 486 contra

202 524 390 580 videtur,
413 525 570 568 scilicet
589 522 705 582 quod
721 521 954 565 fruendum
978 521 1036 564 eis
1057 521 1125 577 sit,
1150 521 1253 580 quia
1272 526 1446 580 propter
1464 536 1506 564 50
1525 521 1737 579 petendae,
1756 525 1797 563 01
1811 519 2006 563 amandae
2028 524 2142 562 sunt.
2161 519 2216 562 Et
2236 519 2316 562 hoc

2266 280 2317 317 *29

201 601 460 646 confirmant
471 600 722 645 auctoritate
737 599 967 654 Ambrosii,
986 599 1065 658 qni
1085 599 1143 642 ait
1159 614 1287 658 super
1306 600 1432 642 illum
1447 598 1589 642 locum
1605 598 1807 657 Epistola}
1822 598 1874 641 ad
1890 597 2062 641 Galatas
2077 601 2088 622 1
2109 614 2117 640 ι
2134 599 2318 640 Fructus

203 688 350 723 antem
369 679 546 739 spiritus
566 686 642 731 est,
666 677 875 730 chamas,
899 676 1127 736 qazcdz'zcm,
1145 692 1254 736 paz,
1266 676 1504 736 patientia,
1529 681 1607 719 etc.
1629 692 1636 718 :
1659 692 1679 717 1(
1695 677 1750 719 At
1765 675 1933 719 hicnon
1950 675 2149 718 nominat
2169 689 2315 733 opera,

202 759 275 802 sed
305 758 494 812 fructus,
529 755 631 814 qnia
660 760 834 814 propter
858 769 902 797 se
931 754 1114 813 petenda
1143 760 1244 797 sunt
1269 771 1278 797 ;
1310 754 1345 797 51
1373 769 1476 797 vero
1508 758 1682 813 propter
1710 769 1753 796 50
1784 752 1967 812 petenda
1993 758 2120 807 sunt,
2143 767 2245 809 ergo
2275 757 2318 794 et

201 841 378 895 propter
397 850 440 878 se
460 833 644 877 amanda
662 835 692 875 ².
718 850 738 873 »
763 831 850 875 Nos
871 837 1016 875 autem
1037 831 1193 875 harum
1212 867 1222 887 ,
1246 847 1345 891 qnae
1366 831 1561 887 videtur,
1585 831 1889 875 auctoritatum
1911 830 2245 890 repugnantiam
2265 829 2317 873 de

203 912 345 957 medio
367 911 553 956 eximere
573 909 815 970 cupientes,
838 909 1043 965 dicimus,
1067 909 1183 968 quod
1205 909 1386 953 virtutes
1411 913 1585 968 propter
1605 924 1647 952 se
1667 908 1885 968 petendas,
1909 913 1950 952 et
1969 908 2165 952 amandae
2187 913 2288 951 sunt
2306 942 2316 963 ,

202 996 243 1034 et
263 995 405 1033 tamen
424 994 598 1048 propter
617 987 752 1032 solam
771 987 1099 1031 beatitudinem.
1123 987 1306 1046 Propter
1325 1002 1368 1031 se
1395 986 1571 1046 quidem
1597 985 1792 1030 amandae
1823 990 1950 1041 sunt,
1974 985 2080 1045 quia
2106 985 2321 1029 delectant

201 1066 269 1111 sui
298 1081 559 1126 possessores
585 1065 750 1109 sincera
780 1070 821 1109 et
848 1070 994 1108 sancta
1023 1064 1324 1120 delectatione,
1357 1070 1398 1108 et
1430 1065 1475 1107 in
1508 1064 1568 1108 eis
1599 1064 1777 1123 pariunt
1810 1063 2020 1122 gaudium
2061 1062 2315 1122 spirituale;

201 1149 501 1189 verumtamen
521 1158 609 1187 11011
634 1149 696 1186 051
715 1142 784 1186 1110
802 1142 1149 1198 consistendum,
1179 1142 1251 1186 sed
1278 1142 1392 1185 ultra
1412 1141 1716 1200 gradiendum.
1739 1141 1837 1185 Non
1858 1141 1926 1184 hic
1952 1141 2114 1184 haereat
2134 1140 2319 1184 delecta-

200 1221 329 1266 tionis
358 1236 554 1279 gressus,
578 1235 720 1279 neque
751 1220 819 1263 1110
844 1220 897 1263 511
916 1219 1156 1263 dilectionis
1184 1220 1417 1275 terminus3
1448 1219 1521 1263 sed
1546 1220 1759 1263 referatur
1779 1219 1859 1262 hoc
1887 1218 1939 1262 ad
1960 1218 2071 1262 illud
2093 1233 2317 1261 summum

200 1299 382 1355 honum,
404 1299 474 1343 cui
497 1298 577 1342 soli
596 1298 773 1341 0111111110
793 1297 1098 1341 inhaerendum
1119 1303 1197 1353 cst,
1221 1296 1451 1356 quiaillud
1473 1303 1645 1356 propter
1665 1312 1708 1340 se
1731 1301 1899 1340 tantum
1921 1296 2157 1340 amandum
2179 1301 2256 1351 est,
2278 1301 2319 1340 et

200 1378 318 1421 ultra
336 1377 446 1421 illud
468 1376 577 1431 1111111
599 1375 886 1436 quaerendum
906 1380 968 1419 est
992 1392 999 1418 :
1024 1375 1134 1418 illud
1156 1380 1216 1418 est
1237 1375 1352 1418 enim
1373 1390 1603 1434 supremus
1623 1374 1739 1417 finis.
1764 1374 1863 1417 Ideo
1883 1374 2162 1432 Augustinus
2187 1374 2290 1418 dicit
2308 1410 2318 1430 ,

202 1454 319 1515 quod
339 1470 410 1498 eas
428 1454 651 1511 diligimus
670 1458 844 1513 propter·
863 1453 997 1497 solam
1017 1452 1329 1495 beatitudinem
1348 1469 1358 1506 ;
1382 1467 1469 1495 non
1490 1451 1609 1510 quod
1633 1467 1702 1495 eas
1721 1457 1894 1511 propter
1914 1467 1956 1495 se
1982 1452 2038 1510 (a)
2064 1451 2314 1510 diligamus,

201 1532 275 1576 sed
295 1532 399 1592 quia
421 1532 464 1575 id
496 1532 666 1590 ipsum,
688 1530 804 1590 quod
834 1546 903 1574 eas
931 1530 1179 1587 diligimus,
1202 1530 1434 1573 referimus
1456 1529 1509 1572 ad
1535 1529 1647 1573 illud
1674 1545 1899 1574 summum
1921 1529 2114 1585 bonum,
2137 1530 2208 1573 cui
2242 1530 2323 1574 soli

202 1609 508 1654 inhaerendum
527 1613 603 1664 est,
626 1608 671 1652 in
692 1623 741 1652 eo
762 1607 1123 1666 permanendum,
1147 1606 1334 1666 finisque
1353 1607 1514 1651 laetitiae
1534 1607 1776 1666 ponendus.
1801 1607 1944 1660 Quare
1972 1607 2208 1653 virtutibus
2227 1623 2315 1652 non

204 1693 266 1732 est
282 1687 533 1731 fruendum.

264 1764 348 1808 Sed
368 1765 478 1808 dicet
496 1764 655 1824 aliquis
678 1780 687 1807 :
711 1764 819 1807 Frui
838 1768 899 1807 est
917 1778 1062 1807 amore
1082 1763 1294 1807 inhaerere
1314 1763 1446 1807 alicui
1474 1763 1536 1808 rei
1557 1769 1731 1824 propter
1750 1764 1932 1824 seipsam
1949 1799 1959 1821 ‚
1989 1770 2038 1808 ut
2057 1765 2316 1825 praedictum

205 1848 268 1887 est
290 1843 350 1887 :si
367 1857 469 1900 ergo
488 1846 661 1901 propter
680 1856 723 1885 se
741 1841 923 1885 virtutes
942 1840 1140 1885 amanda}
1158 1847 1276 1897 sunt,
1299 1847 1340 1885 et
1361 1841 1420 1885 eis
1440 1842 1678 1886 fruendum
1701 1848 1778 1886 est.
1802 1843 1869 1886 Ad
1892 1843 2008 1902 quod
2027 1842 2210 1887 dicimus
2235 1859 2243 1887 :
2267 1843 2318 1886 In

2353 1785 2483 1821 Objecfiu

2371 1831 2468 1853 contra

2368 1870 2461 1896 datam

2355 1920 2474 1945 l'pspusi-

204 1920 280 1964 illa
296 1919 593 1978 descriptione,
617 1918 694 1962 ubi
715 1918 890 1975 dicitur,
906 1926 1089 1979 popter
1107 1919 1308 1978 seipsam,
1330 1919 1666 1977 intelligendum
1683 1925 1745 1963 est
1763 1920 2079 1976 tantummodo,
2098 1927 2146 1964 ut
2161 1921 2321 1964 scilicet
2354 1953 2474 1978 mmm,

204 2001 374 2040 ametur
404 2001 578 2056 propter
605 1996 787 2055 seipsam
812 2002 1007 2052 tantum,
1041 2002 1090 2040 ut
1115 2012 1202 2040 non
1225 1997 1438 2040 referatur
1466 1996 1520 2040 ad
1540 1996 1687 2053 aliud,
1710 1997 1783 2040 sed
1811 1997 1871 2040 1111
1902 2003 2090 2057 ponatur
2119 1998 2248 2055 finis3
2273 2005 2322 2042 ut

203 2088 334 2132 supra
352 2073 538 2117 ostendit
556 2073 832 2131 Augustinus
850 2073 995 2117 dicens
1015 2078 1028 2099 ³
1053 2090 1061 2116 :
1090 2092 1112 2116 «
1134 2073 1180 2117 Si
1203 2073 1442 2129 inhaeseris,
1460 2079 1589 2133 atque
1610 2074 1913 2133 permanseris,
1930 2075 2064 2119 finem
2087 2076 2136 2134 (h)
2156 2091 2321 2136 ponens

203 2155 291 2194 tuae
309 2150 486 2206 laetitiae,
509 2155 614 2194 tunc
637 2166 753 2206 vere,
775 2156 816 2194 et
837 2151 1009 2210 proprie
1030 2151 1118 2194 frui
1138 2151 1347 2194 dicendus
1367 2167 1425 2194 es.
1448 2151 1574 2203 Quod
1596 2167 1684 2195 11011
1704 2158 1765 2195 051
1786 2152 2050 2208 faciendum,
2072 2154 2156 2197 nisi
2177 2154 2220 2197 111
2243 2154 2321 2197 1110

203 2227 414 2272 Trinitate
429 2263 440 2284 ,
463 2227 507 2271 id
527 2233 612 2284 est,
633 2243 805 2272 summo
828 2233 870 2272 et
889 2228 1238 2272 incommutabili
1258 2229 1388 2272 bono.
1411 2246 1432 2269 »
1454 2228 1678 2273 Utendum
1700 2235 1763 2273 est
1782 2245 1884 2288 ergo
1901 2230 2139 2275 virtutibus
2153 2266 2164 2288 ,
2187 2237 2227 2276 et
2247 2246 2323 2291 per

202 2319 273 2349 eas
296 2305 532 2349 fruendum
560 2320 731 2350 summo
758 2306 889 2350 bono.
921 2306 985 2350 Ita
1014 2312 1054 2349 et
1081 2305 1133 2350 de
1165 2306 1391 2350 voluntate
1418 2306 1533 2350 bona
1564 2306 1775 2363 dicimus;
1799 2308 1916 2352 unde
1945 2309 2247 2367 Augustinus,
2275 2309 2323 2351 in

202 2382 314 2427 libro
332 2382 376 2426 X
394 2387 407 2409 ⁴
430 2381 482 2426 cle
502 2383 730 2437 Trinitate,
755 2383 813 2426 ait
838 2400 846 2426 :
874 2401 895 2426 «
915 2383 1132 2428 Voluntas
1153 2389 1215 2426 est
1234 2399 1310 2443 per
1329 2399 1463 2443 quam
1490 2383 1697 2428 fruimur.
1723 2402 1743 2426 »
1768 2385 1832 2428 Ita
1851 2394 1892 2429 et
1914 2401 1991 2445 per
2010 2386 2194 2429 virtutes
2214 2385 2323 2429 frui-

203 2475 319 2516 mur,
341 2475 429 2504 non
449 2460 537 2517 015,
560 2460 643 2503 11151
664 2460 773 2504 forte
793 2461 942 2520 aliqua
963 2461 1102 2505 virtus
1122 2461 1176 2504 sit
1201 2461 1338 2516 Deus,
1362 2466 1411 2505 ut
1437 2461 1623 2505 charitas
1646 2461 1675 2518 ⁵,
1699 2462 1751 2506 de
1781 2478 1868 2522 qua
1897 2468 1993 2522 post
2012 2463 2025 2485 ⁶
2051 2464 2317 2508 tractabitur.

262 2537 472 2581 Omnium
489 2537 626 2596 igitur
645 2554 743 2599 quae
764 2538 876 2582 dicta
899 2544 1022 2594 sunt,
1046 2554 1097 2582 ex
1119 2554 1206 2598 quo
1228 2539 1280 2582 de
1300 2539 1430 2583 rebus
1449 2538 1692 2598 specialiter
1712 2540 2017 2597 tractavimus,
2039 2541 2131 2586 haec
2151 2558 2322 2587 summa

203 2619 266 2659 est
292 2631 301 2658 :
325 2615 442 2675 quod
462 2615 560 2660 aliae
582 2621 705 2672 sunt,
730 2616 892 2676 quihus
912 2616 1148 2660 fruendum
1169 2621 1256 2672 est,
1277 2615 1374 2660 aliae
1394 2616 1556 2675 quibus
1575 2616 1790 2661 utendum
1815 2622 1902 2674 est,
1925 2618 2022 2662 aliae
2041 2636 2140 2679 quae
2167 2620 2323 2665 fruun-

202 2697 301 2749 tur,
323 2698 364 2736 et
383 2698 597 2750 utuntur3
622 2699 662 2737 et
684 2693 797 2737 inter
817 2709 915 2751 eas,
937 2694 1098 2754 quibus
1118 2694 1332 2738 utendum
1353 2699 1442 2750 est,
1465 2694 1595 2738 etiam
1615 2695 1818 2754 quaedam
1838 2702 1967 2752 sunt,
1991 2713 2067 2757 per
2086 2714 2194 2757 quas
2213 2699 2323 2742 frui-

203 2785 319 2827 mur,
341 2776 392 2815 ut
411 2771 609 2828 virtutes,
632 2778 673 2816 et
692 2772 896 2832 potentiae
917 2772 1069 2829 animi,
1094 2788 1193 2831 quae
1214 2777 1316 2816 sunt
1336 2771 1555 2815 naturalia
1578 2772 1708 2816 bona.
1731 2773 1792 2817 De
1820 2773 1982 2833 quibus
2003 2776 2222 2833 omnibus,
2245 2792 2322 2822 an-

201 2852 378 2908 tequam
398 2848 450 2893 de
469 2849 604 2907 signis
624 2855 856 2894 tractemus
872 2885 883 2906 ,
905 2849 1126 2908 agendum
1147 2855 1236 2907 est;
1261 2865 1308 2894 ac
1328 2849 1522 2910 primum
1543 2849 1595 2894 de
1615 2851 1744 2895 rebus
1759 2886 1770 2908 ,
1792 2851 1953 2911 quibus
1972 2852 2209 2898 fruendum
2229 2861 2290 2899 est
2304 2890 2316 2913 ,

200 2925 362 2970 scilicet
379 2925 432 2971 de
449 2932 612 2984 sancta,
635 2933 765 2986 atque
783 2927 1015 2972 individua
1033 2927 1263 2972 Trinitate.

458 3089 730 3133 EXPOSITIO
759 3089 960 3133 TEXTUS

240 3185 290 3221 De
307 3186 463 3222 materia
484 3186 588 3233 hujus
608 3187 696 3223 libri
705 3214 716 3233 ,
737 3189 770 3222 et
799 3187 971 3224 librorum
991 3187 1179 3224 divisione.

323 3281 454 3315 Veteris
473 3292 511 3316 ac
530 3293 630 3316 novae
649 3284 734 3325 legis
756 3283 1014 3326 continentiam,
1036 3288 1100 3317 etc.

643 3381 784 3407 DIVISIO.

258 3445 305 3487 In
333 3451 450 3500 parte
477 3449 556 3490 ista
585 3450 733 3504 incipit
755 3454 957 3494 tractatus
995 3453 1118 3505 libri,
1149 3454 1225 3507 qui

202 3518 408 3559 dividitur
425 3519 470 3560 in
489 3524 671 3573 quatuor
701 3522 829 3564 libros
847 3524 1055 3577 partiales.
1082 3524 1226 3567 Prima

204 3601 300 3641 pars
315 3588 552 3632 hahetduas
566 3596 717 3644 partes,
742 3594 786 3635 ln
805 3595 942 3648 prima
961 3600 1078 3649 parte
1100 3610 1225 3640 vena—

1299 3092 1370 3130 tur
1399 3089 1598 3142 Magister
1624 3091 1846 3132 materiam
1873 3091 2005 3146 hujus
2036 3094 2153 3147 libri,
2181 3099 2222 3138 et
2250 3109 2325 3152 per

1300 3173 1561 3215 consequens
1592 3162 1788 3203 aliorum.
1811 3162 1859 3204 In
1886 3165 2070 3207 secunda
2100 3169 2326 3222 exequitur

1343 3270 1355 3291 1
1372 3269 1499 3307 Galat„
1519 3277 1552 3310 V,
1571 3272 1623 3302 22.
1636 3287 1677 3293 —-
1690 3271 1703 3292 ²
1718 3271 1840 3302 Ultima
1858 3281 1936 3313 pars
1955 3276 2162 3309 auctoritatis
2182 3287 2253 3310 nou
2268 3288 2326 3311 re-

1300 3316 1430 3357 peritur
1452 3317 1488 3348 iu
1510 3317 1667 3349 Ambros.
1689 3318 1896 3360 Comment„
1916 3322 1976 3353 sed
2001 3322 2037 3354 iu
2065 3323 2182 3356 Glossa
2199 3325 2324 3358 interli-

1300 3364 1415 3405 neari,
1437 3373 1539 3405 super
1565 3364 1631 3396 hoc
1654 3366 1761 3397 verbo
1790 3367 1835 3398 acl
1853 3368 1980 3408 Galat„
2004 3377 2038 3402 v,
2059 3388 2100 3394 ——
2123 3372 2136 3393 ³
2157 3372 2230 3404 Lib.
2254 3374 2264 3405 1
2286 3374 2326 3405 de

1301 3412 1412 3442 Doctr.
1438 3412 1578 3451 Christ„
1599 3422 1629 3444 0.
1645 3420 1777 3455 xxxtss,
1798 3424 1832 3446 n.
1851 3416 1957 3448 37,-
1978 3418 1990 3439 4
2011 3420 2111 3460 Aug„
2131 3419 2170 3451 cle
2192 3420 2326 3460 Trz'm't„

1300 3460 1359 3490 lib.
1379 3461 1454 3499 X,c.
1473 3467 1508 3500 x,
1528 3469 1563 3491 n.
1581 3462 1633 3492 13.
1652 3479 1692 3485 —
1706 3462 1719 3484 ⁵
1741 3462 1962 3507 1‚J0an.,1v,
1989 3467 2020 3498 8.
2038 3484 2079 3490 —-
2094 3467 2107 3489 ⁶
2126 3468 2210 3500 Dist.
2234 3470 2323 3502 xvii

1300 3506 1398 3548 hujus
1417 3507 1513 3548 libri,
1533 3511 1607 3550 part
1623 3511 1654 3551 l,
1675 3521 1708 3553 q.
1726 3517 1760 3549 1,
1779 3516 1841 3546 art.
1858 3516 1889 3548 1.

1300 3610 1322 3642 s
1345 3562 1384 3602 (a)
1408 3562 1530 3604 Sapple
1549 3574 1632 3598 uon.
1646 3584 1686 3590 -
1703 3566 1745 3609 (b)
1769 3569 1891 3611 Supple
1909 3570 1944 3602 iu
1961 3580 2021 3613 ea,
2042 3581 2165 3614 nempe
2185 3574 2328 3608 delecta-

1316 3619 1406 3643 ione.
