2613 3990
107 3335 219 3362 Funda-

83 3380 186 3405 menta.

245 247 322 285 426

299 335 336 372 5.
370 332 434 373 Ad
471 332 578 374 illud
607 334 720 386 quod
751 333 903 374 ultimo
932 333 1130 386 objicitur
1157 333 1271 385 quod

246 403 396 444 Petrus
439 407 479 444 et
521 404 677 445 Paulus
723 404 927 456 distingui
973 404 1272 456 intelliguntur

247 475 468 515 abstractis
506 476 832 528 proprietatibus
847 508 857 524 ,
899 475 1124 516 dicendum
1158 476 1271 528 quod

248 558 332 586 non
348 549 407 586 est
425 546 558 586 simile
582 561 590 586 :
610 559 710 586 nam
727 547 935 587 distinctio
949 550 1008 587 est
1029 547 1086 585 ibi
1106 559 1129 586 a
1153 549 1270 598 parte

246 617 428 670 propriae
443 618 645 667 materiae,
660 621 699 657 et
718 630 742 657 a
764 621 881 670 parte
900 618 1083 670 propria]
1104 618 1268 667 formae,

245 701 341 741 quae
358 688 581 728 innotescit
594 700 669 740 per
683 689 956 741 proprietates
969 689 1243 729 accidentales
1259 703 1267 729 :

245 760 314 800 sed
336 760 380 800 in
399 759 552 800 divinis
582 760 719 799 solum
741 763 801 800 est
822 759 1029 800 distinctio
1050 772 1123 813 per
1142 760 1271 812 origi-

244 842 344 871 nem
363 845 370 870 :
393 830 486 871 ideo
505 833 619 883 patet
638 830 756 870 illud.

589 991 825 1041 QUAESTIO
856 992 922 1034 IV.

294 1087 384 1130 Quot
403 1088 477 1121 sint
494 1088 735 1133 proprietates
751 1088 956 1134 personales
978 1090 1014 1123 in
1036 1088 1171 1123 divinis
1190 1089 1215 1121 ¹.

299 1187 352 1228 De
372 1188 696 1240 proprietatibus
715 1191 925 1241 quantum
942 1188 994 1229 ad
1014 1200 1268 1238 numerum;

243 1262 283 1299 et
301 1259 468 1301 videtur
496 1260 609 1312 quod
628 1261 712 1300 sint
738 1260 930 1310 infinitae,
954 1259 1053 1313 quia
1074 1259 1269 1312 proprie—

244 1331 348 1369 tates
367 1332 465 1369 sunt
491 1334 705 1383 respectus
725 1343 799 1384 per
822 1343 929 1384 quos
948 1330 1058 1371 Deus
1085 1331 1272 1371 innotes-

245 1400 299 1440 cit
322 1415 330 1441 :
359 1400 429 1440 sed
459 1400 518 1440 illi
536 1405 635 1442 sunt
661 1402 828 1451 infiniti,
851 1402 958 1443 sicut
976 1405 1088 1456 patet
1112 1415 1165 1443 ex
1184 1415 1271 1443 res-

242 1471 430 1523 pectibus
448 1471 653 1513 idealibus
675 1488 682 1513 :
707 1485 833 1525 ergo,
857 1476 934 1513 etc.

296 1545 334 1582 2.
357 1542 460 1583 Item
478 1575 487 1592 ,
514 1542 636 1584 Pater
661 1548 702 1585 et
722 1544 852 1584 Filius
882 1544 934 1584 ad
958 1544 1142 1585 invicem
1170 1543 1272 1584 assi-

243 1615 445 1655 milantur
476 1616 710 1656 secundum
744 1627 891 1656 omnes
916 1615 1176 1656 conditiones
1207 1628 1272 1656 es-

242 1685 436 1726 sentiales
459 1700 467 1726 :
501 1687 633 1739 igitur
665 1687 901 1728 secundum
926 1698 1074 1727 omnes
1100 1698 1271 1740 compa-

241 1759 406 1804 rantur,
431 1760 471 1797 et
488 1757 723 1798 secundum
744 1770 892 1799 omnes
910 1758 1179 1798 innotescunt
1194 1770 1271 1799 no-

241 1826 304 1866 bis
327 1841 335 1867 :
364 1828 435 1868 sed
458 1828 540 1869 illae
574 1832 673 1869 sunt
709 1829 753 1869 in
781 1841 963 1870 numero
982 1829 1148 1869 infinito
1173 1841 1271 1870 :er-

241 1910 312 1950 go,
335 1901 414 1939 etc.

294 1972 331 2009 3.
365 1969 468 2010 Item
487 2001 496 2018 ,
539 1972 698 2023 quanto
725 1970 885 2023 aliquid
915 1974 978 2012 est
1011 1971 1269 2025 simplicius,

241 2043 356 2081 tanto
388 2041 530 2093 plures
568 2041 695 2082 habet
723 2045 964 2095 respectuS,
1005 2046 1054 2083 ut
1089 2046 1272 2096 punctus

240 2124 370 2164 quam
398 2112 534 2161 linea,
557 2116 597 2153 et
618 2113 729 2154 linea
753 2126 883 2166 quam
903 2114 1147 2167 superficies
1167 2127 1176 2154 :
1201 2114 1272 2154 sed

240 2183 437 2223 divinum
463 2195 551 2223 esse
574 2186 635 2224 est
652 2184 1014 2236 simplicissimum
1037 2200 1045 2225 ε
1065 2185 1199 2237 igitur
1224 2186 1270 2225 in

239 2266 289 2294 eo
311 2257 410 2294 sunt
439 2254 595 2295 infiniti
627 2259 840 2308 respectus
864 2271 871 2296 :
895 2256 966 2296 sed
996 2269 1144 2297 omnes
1172 2260 1273 2297 sunt

239 2325 345 2365 ratio
368 2325 655 2366 innotescendi
682 2341 690 2366 ε
715 2326 848 2379 igitur
870 2327 1063 2368 notiones
1082 2330 1183 2368 sunt
1201 2328 1271 2367 in-

239 2396 386 2436 finitae.
419 2396 498 2437 Sed
530 2397 643 2450 quod
678 2401 760 2438 tres
788 2398 871 2438 sint
896 2401 1078 2447 tantum,
1100 2398 1270 2439 videtur

239 2480 314 2520 per
334 2467 640 2509 Damascenum
661 2470 689 2517 ²,
711 2469 787 2522 qui
807 2469 905 2510 dicit
921 2470 1035 2522 quod
1050 2470 1094 2510 in
1114 2470 1270 2510 divinis

239 2538 382 2578 omnia
427 2542 527 2579 sunt
568 2552 708 2580 unum
748 2544 902 2592 praeter
936 2541 1268 2592 generationem,

240 2609 604 2661 ingenerationem
637 2613 677 2650 et
705 2611 1016 2663 processionem
1049 2627 1057 2652 ε
1089 2612 1161 2652 sed
1180 2612 1269 2652 istae

239 2692 324 2720 non
344 2684 445 2721 sunt
463 2681 546 2720 nisi
576 2684 660 2738 tres
682 2682 958 2734 proprietates
986 2695 995 2723 :
1022 2683 1171 2734 igitur,
1191 2686 1268 2723 etc.

292 2754 331 2791 4.
356 2751 459 2792 Item
486 2752 654 2793 videtur
686 2753 868 2803 ratione,
904 2754 1004 2806 quia
1037 2753 1270 2806 proprietas

239 2823 499 2863 convertitur
530 2835 629 2864 cum
661 2835 711 2864 eo
741 2825 865 2876 cujus
898 2827 960 2864 est
994 2824 1227 2876 proprietas
1260 2836 1269 2864 ε

238 2892 311 2932 sed
338 2894 570 2946 proprietas
608 2897 670 2935 est
705 2906 896 2947 personae
935 2909 943 2934 :
975 2894 1047 2935 sed
1080 2906 1272 2947 personae

239 2968 338 3005 sunt
360 2969 443 3005 tres
463 2981 470 3006 :
497 2966 644 3018 igitur,
663 2969 745 3006 etc.

293 3039 331 3076 ὃ.
352 3035 455 3076 Item
472 3036 544 3076 fiat
562 3037 657 3077 talis
684 3036 944 3077 ratiocinatio
976 3051 984 3078 :
1008 3035 1152 3078 Omnis
1172 3049 1272 3090 per-

239 3122 341 3151 sona
349 3112 411 3150 est
420 3110 561 3162 aliqua
571 3111 716 3160 trium,
730 3112 822 3152 haec
833 3115 895 3152 est
906 3124 1006 3152 vera
1019 3123 1028 3151 :
1043 3111 1181 3152 omnis
1193 3123 1274 3151 no-

238 3182 296 3222 tio
317 3183 379 3222 est
389 3193 571 3234 persona
589 3182 747 3235 :igitur
764 3183 902 3224 omnis
918 3185 1165 3237 proprietaS,
1182 3183 1272 3224 sive

239 3252 369 3302 notio,
387 3255 449 3293 est
461 3251 604 3305 aliqua
619 3253 772 3304 trium;
788 3254 937 3306 igitur,
952 3256 1030 3295 etc.

294 3322 411 3372 Quod
431 3326 575 3364 autem
604 3323 687 3363 sint
711 3323 852 3376 plures
873 3324 1030 3376 tribus,
1053 3325 1111 3366 sic
1134 3328 1272 3367 osten-

285 3413 296 3434 1
310 3412 363 3452 Cf.
379 3412 473 3444 Alex.
489 3411 634 3452 Alensis,
650 3421 684 3452 p.
702 3412 735 3452 Ι,
753 3421 786 3452 q.
805 3420 909 3453 LV111,
925 3414 1052 3445 memb.
1068 3416 1104 3454 ῖς
1128 3416 1162 3447 S.
1183 3415 1271 3447 Tho-

242 3469 326 3500 mas,
346 3469 379 3501 p.
398 3460 428 3500 1,
448 3467 633 3501 q.XXV111,
654 3463 716 3491 art.
737 3462 766 3499 4,
788 3463 820 3491 et
838 3469 871 3501 q.
888 3468 999 3502 xxxu,
1021 3464 1082 3494 art.
1100 3464 1136 3501 33
1158 3463 1272 3503 AEgid.

242 3508 355 3547 Rom.,
376 3508 386 3538 Ι
407 3508 512 3545 Seni„
546 3507 624 3539 dist.
657 3514 760 3548 xxvx,
781 3516 833 3548 pr.
855 3509 895 3547 2,
926 3518 960 3549 q.
991 3516 1036 3549 113
1068 3509 1272 3551 Richardus,

246 3552 255 3583 l
273 3555 377 3596 Sent„
393 3555 470 3587 dist.
484 3562 585 3596 xxw,
603 3557 665 3588 art.
681 3556 712 3595 3,
734 3564 767 3596 q.
792 3562 837 3595 1¹3
861 3555 1025 3588 Henricus
1037 3580 1047 3597 ‚
1068 3557 1103 3588 in
1123 3558 1274 3597 Summa,

1011 243 1423 287 SENTENTIARUM
1451 245 1549 288 LIB.
1582 247 1614 289 I.

1344 334 1459 376 ditur
1484 348 1494 375 ε
1513 338 1719 388 notioueS,
1739 337 1827 379 sive
1854 337 2127 390 proprietates
2145 341 2243 380 sunt
2261 342 2369 381 rela-

1345 408 1481 449 tiones
1500 424 1508 449 :
1530 410 1575 450 in
1592 411 1708 451 omni
1727 413 1869 451 autem
1888 409 2137 450 habitudine
2156 414 2255 451 sunt
2272 412 2367 452 duae

1346 479 1567 521 relationes
1581 482 1815 522 secundum
1834 482 1917 521 duo
1931 482 2122 520 extrema
2137 492 2147 520 :
2167 480 2237 521 sed
2253 481 2299 521 in
2311 482 2370 522 di-

1344 549 1457 590 vinis
1477 555 1577 591 sunt
1601 552 1696 593 duee
1714 552 1921 604 origiues;
1945 551 2078 602 igitur
2095 551 2242 591 saltem
2259 563 2369 604 qua-

1344 623 1441 660 tuor
1469 621 1706 663 relationes.
1743 622 1846 662 Item
1870 653 1880 672 ,
1912 620 2148 673 proprietas
2183 625 2244 661 est
2274 634 2370 674 quae

1344 694 1543 734 convenit
1563 695 1640 734 uni
1664 695 1741 735 soli
1771 710 1778 735 :
1810 695 1880 736 sed
1901 693 2201 734 innascibilitas
2219 706 2372 736 conve-

1343 764 1407 804 nit
1426 764 1503 804 soli
1534 764 1645 805 Patri
1668 780 1676 806 :
1702 766 1834 818 igitur
1854 769 1916 807 est
1935 764 2170 818 proprietas
2192 779 2200 805 :
2224 768 2265 806 et
2284 778 2373 806 non

1344 838 1406 875 est
1425 835 1567 888 aliqua
1586 836 1757 876 illarum
1777 838 1960 889 quatuor
1981 834 2239 876 relationum
2256 847 2264 874 :
2289 836 2373 888 igi-

1343 909 1413 946 tur
1433 908 1531 946 sunt
1550 907 1752 959 quinque.

1398 976 1613 1026 Quaeritur
1647 990 1751 1029 ergo
1785 977 2039 1019 sufficientia
2058 1011 2068 1029 ,
2101 982 2143 1020 et
2170 990 2375 1019 numerus

1343 1048 1566 1088 notionum
1587 1049 1632 1088 in
1655 1049 1825 1098 divinis,
1846 1052 1885 1089 et
1902 1062 2030 1102 penes
2048 1051 2149 1104 quid
2169 1050 2376 1103 accipian-

1345 1122 1428 1168 tur,
1458 1124 1497 1160 et
1519 1123 1668 1161 utrum
1697 1121 1749 1161 sit
1772 1120 1884 1161 idem
1910 1134 2116 1163 numerus
2140 1122 2376 1176 proprieta-

1344 1194 1436 1231 tum
1456 1195 1497 1232 et
1512 1192 1782 1233 relationum.

1686 1351 2030 1394 CONCLUSIO.

1346 1459 1588 1504 Propre'etates
1607 1459 1647 1493 in
1665 1457 1801 1493 divinis
1822 1467 1899 1492 ozon
1924 1460 2007 1493 sunt
2037 1459 2211 1504 infinitoe,
2241 1459 2301 1495 sed
2323 1470 2376 1495 se-

1395 1518 1548 1553 cundum
1583 1528 1768 1552 numerum
1801 1518 1986 1552 notionum
2018 1520 2203 1553 numerari
2233 1518 2375 1561 debent,

1394 1588 1472 1623 quae
1491 1579 1650 1613 notiones
1670 1578 1840 1622 quinario
1860 1587 2004 1612 numero
2024 1578 2302 1623 complectuntur
2321 1578 2347 1613 ³.

1401 1685 1524 1738 Resp.
1552 1685 1603 1726 ad
1638 1686 1744 1737 Arg.
1777 1684 2021 1726 Notandum
2052 1686 2166 1739 quod
2190 1686 2260 1746 vis
2274 1699 2379 1727 con-

1345 1757 1485 1797 suevit
1498 1757 1591 1797 fieri
1604 1756 1716 1797 inter
1726 1757 1805 1797 ista
1820 1757 1902 1797 tria
1915 1757 2105 1808 nomina,
2123 1757 2377 1811 Proprietas,

1346 1827 1506 1868 Relatio
1531 1831 1572 1868 et
1602 1827 1740 1868 Notio.
1763 1826 1872 1868 Nam
1902 1828 2136 1881 proprietas
2163 1829 2318 1869 dicitur
2337 1829 2381 1870 in

1346 1903 1559 1952 quantum
1578 1898 1777 1940 convenit
1792 1899 1869 1940 soli
1887 1911 1897 1940 :
1920 1899 2084 1949 relatio,
2104 1900 2150 1940 in
2169 1903 2380 1953 quantum

1345 1971 1444 2011 dicit
1484 1971 1778 2012 habitudinem
1820 1972 1872 2012 ad
1912 1971 2095 2012 alterum
2137 1985 2146 2012 :
2184 1972 2302 2012 notio
2337 1972 2382 2012 in

1348 2045 1556 2095 quantum
1584 2042 1842 2095 principium
1873 2041 2171 2094 cognoscendi.
2199 2041 2251 2082 Et
2278 2043 2380 2095 quia

1346 2113 1486 2154 omnis
1507 2113 1743 2166 proprietas
1773 2116 1835 2154 est
1861 2113 1968 2154 ratio
1995 2114 2301 2166 cognoscendi,
2322 2115 2380 2154 si-

1346 2185 1502 2225 militer
1528 2188 1568 2224 et
1596 2184 1736 2225 omnis
1757 2184 1903 2225 relatio
1920 2197 1930 2235 3
1948 2185 2041 2225 ideo
2067 2197 2225 2225 nomen
2241 2185 2380 2225 notio-

1347 2256 1413 2295 nis
1433 2258 1493 2295 est
1513 2256 1555 2295 in
1577 2255 1671 2308 plus
1691 2268 1823 2308 quam
1842 2255 1921 2295 ista
1943 2256 2042 2296 duo.
2074 2255 2127 2296 Et
2145 2255 2247 2308 quia
2265 2268 2380 2308 quae-

1346 2326 1443 2366 dam
1480 2327 1717 2379 proprietas
1750 2329 1811 2366 est
1847 2326 2010 2375 relatio,
2035 2329 2084 2367 ut
2125 2326 2378 2379 paternitas,

1346 2397 1544 2450 quaedam
1578 2410 1689 2446 non,
1725 2400 1776 2438 ut
1816 2397 2142 2448 innascibilitas,
2165 2409 2262 2450 quae
2294 2410 2381 2438 non

1346 2469 1446 2509 dicit-
1470 2472 1728 2521 respectum,
1758 2468 1830 2509 sed
1852 2469 2013 2521 privat3
2039 2468 2231 2508 similiter
2258 2480 2382 2521 quae—

1346 2540 1444 2580 dani
1472 2539 1618 2580 relatio
1638 2543 1699 2580 est
1725 2540 1974 2593 proprietas,
1995 2541 2044 2580 ut
2078 2539 2239 2590 filiatio,
2261 2552 2380 2593 quae-

1346 2611 1444 2652 dam
1461 2623 1562 2660 non,
1583 2614 1632 2651 ut
1657 2610 1794 2651 activa
1810 2610 2005 2663 spiratio,
2028 2610 2142 2661 ideo,
2167 2610 2267 2663 quia
2286 2610 2381 2663 plu-

1345 2683 1478 2733 ribus,
1492 2694 1578 2723 non
1592 2682 1669 2723 uni
1683 2681 1761 2722 soli
1780 2681 1995 2722 convenit.
2013 2681 2062 2721 Et
2079 2681 2177 2721 hinc
2193 2682 2382 2734 estquod

1346 2766 1502 2794 nomen
1528 2753 1794 2806 proprietatis
1815 2756 1855 2793 et
1874 2765 2031 2793 nomen
2061 2752 2275 2793 relationis
2300 2753 2381 2793 ha—

1347 2827 1449 2866 bent
1479 2837 1522 2865 se
1550 2828 1598 2865 ut
1629 2824 1873 2865 excedentia
1911 2827 1951 2864 et
1988 2836 2171 2864 excessa.
2216 2823 2381 2865 Nomen

1346 2909 1447 2939 vero
1465 2895 1648 2937 notionis
1670 2899 1732 2936 est
1756 2896 1801 2935 in
1823 2895 1919 2948 plus
1943 2910 1951 2936 :
1971 2895 2092 2937 unde
2111 2895 2254 2948 plures
2282 2901 2382 2936 sunt

1347 2969 1539 3010 notiones
1576 2980 1707 3021 quam
1746 2967 2046 3020 proprietates,
2077 2967 2219 3020 plures
2254 2968 2381 3009 etiam

1346 3052 1477 3093 quam
1495 3039 1733 3080 relationes.
1758 3037 1839 3079 Sed
1858 3039 2136 3092 proprietates
2152 3042 2191 3079 et
2209 3039 2377 3081 relatio-

1347 3125 1421 3153 nes
1449 3115 1601 3153 mutuo
1628 3123 1671 3152 se
1690 3111 1923 3163 excedunt,
1956 3114 1996 3152 et
2015 3111 2233 3164 aequaliter
2257 3124 2267 3152 ε
2287 3112 2380 3153 ideo

1347 3186 1448 3225 sunt
1474 3195 1654 3223 numero
1683 3183 1867 3235 aequales
1896 3197 1904 3223 :
1935 3193 2022 3222 non
2043 3184 2188 3223 tamen
2218 3185 2382 3236 oportet

1348 3256 1483 3296 facere
1509 3254 1600 3295 vim
1635 3267 1644 3294 ε
1674 3266 1775 3295 nam
1807 3253 1945 3295 omnis
1974 3252 2120 3294 relatio
2152 3254 2378 3306 distinguit

1347 3326 1488 3379 aliquo
1523 3326 1649 3366 modo
1681 3326 1734 3366 ab
1753 3325 1856 3374 alio,
1878 3327 1918 3365 et
1936 3324 1994 3364 ita
2012 3327 2073 3365 est
2093 3325 2234 3378 aliquo
2253 3325 2379 3366 modo

1347 3417 1409 3446 art.
1425 3422 1479 3455 LV,
1499 3423 1534 3455 q.
1552 3416 1569 3446 2
1588 3417 1621 3446 et
1635 3417 1675 3456 33
1695 3415 1813 3447 Thom.
1830 3415 1925 3455 Arg„
1943 3414 1951 3444 Ι
1969 3414 2075 3452 Sene„
2095 3414 2170 3446 dist.
2186 3422 2283 3454 xxvl,
2304 3423 2336 3454 q.
2352 3422 2377 3453 1,

1347 3465 1410 3493 art.
1426 3463 1463 3501 43
1491 3462 1609 3493 Petrus
1631 3462 1672 3493 de
1691 3464 1841 3502 Tarant.,
1872 3461 1882 3492 t
1905 3461 2010 3499 Sent„
2033 3461 2111 3493 dist.
2125 3469 2230 3501 xxvi,
2250 3471 2285 3503 q.
2302 3469 2377 3492 vur.

1346 3510 1523 3541 —2Joan.
1540 3510 1710 3550 Damaso„
1730 3509 1769 3541 de
1788 3507 1870 3540 Fide
1889 3508 2033 3548 orthod„
2055 3509 2113 3540 lib.
2130 3509 2162 3549 1,
2185 3518 2214 3541 c.
2229 3516 2285 3549 ix,
2301 3517 2323 3540 x
2344 3510 2378 3540 et

1347 3564 1395 3589 XI.
1410 3557 1477 3579 —3
1491 3557 1600 3590 Sentit
1618 3558 1709 3590 idem
1730 3558 1764 3591 S.
1783 3557 1919 3598 Thom.,
1938 3565 1973 3598 p.
1995 3556 2032 3598 1,
2051 3566 2085 3599 q.
2103 3564 2175 3599 xm,
2193 3559 2256 3590 art.
2274 3560 2304 3589 1.
