2613 3990
317 214 368 251 68
1077 210 1490 252 SENTENTIARUM
1517 211 1616 252 LlB.
1652 211 1682 252 Ι.

315 316 494 357 operans
536 303 770 344 secundum
814 315 935 344 suam
974 303 1233 344 nobilitatem
1252 336 1261 353 ,
1305 307 1344 344 et

317 379 508 416 creatura
525 376 710 426 effectus,
736 375 886 427 poterit
913 374 1022 415 Deus
1052 375 1251 427 cognosci
1270 387 1345 427 per

315 450 567 487 creaturam.

373 518 492 567 Item,
516 517 709 559 sensibile
729 519 791 558 est
803 516 871 557 via
890 517 1168 568 cognoscendi
1192 517 1346 558 intelli-

318 590 446 641 gibile
467 590 476 611 ¹
500 602 509 630 :
533 589 603 628 sed
624 591 817 628 creatura
837 590 898 627 cst
917 588 1138 636 sensibilis,
1159 588 1267 628 Deus
1286 592 1346 627 est

315 659 593 711 intelligibilis
617 671 626 698 :
649 671 753 710 ergo
773 671 847 711 per
873 662 1110 699 creaturam
1135 662 1196 699 est
1215 659 1345 699 deve-

314 732 406 772 nire
426 733 467 771 in
487 731 772 783 cognitionem
794 730 1011 771 Creatoris.

369 803 487 851 ltem,
507 801 715 853 contingit
731 801 866 842 simile
877 801 1075 853 cognosci
1091 813 1164 854 per
1178 800 1313 840 simile
1334 811 1343 838 ε

314 874 383 914 sed
405 873 542 913 omnis
561 876 754 913 creatura
778 876 839 913 est
858 872 1006 912 similis
1024 872 1122 923 Deo,
1146 872 1213 913 vel
1239 872 1347 912 sicut

312 944 543 995 vestigium
558 976 568 994 ,
590 944 656 984 vel
684 944 793 984 sicut
827 944 970 996 imago
994 959 1002 984 :
1026 956 1130 995 ergo
1151 956 1226 996 per
1257 956 1346 984 om-

313 1029 410 1056 nem
433 1019 670 1056 creaturam
695 1015 903 1068 contingit
923 1015 1120 1067 cognosci
1141 1015 1290 1056 Deum.

367 1088 580 1137 Quaeritur
614 1100 718 1140 ergo
751 1099 847 1140 qnae
881 1087 934 1126 sit
966 1087 1204 1127 differentia
1235 1086 1347 1127 inter

313 1160 566 1211 vestigium,
595 1162 635 1199 et
660 1158 917 1210 imaginem,
948 1161 988 1198 et
1021 1170 1118 1198 cuni
1152 1158 1195 1197 in
1227 1157 1346 1197 omni

312 1235 505 1272 creatura
524 1231 576 1271 sit
603 1231 833 1282 vestigium
846 1261 855 1279 ,
878 1229 1087 1282 quaeritur
1108 1241 1239 1282 quare
1259 1242 1347 1270 non

311 1303 504 1343 similiter
523 1302 681 1354 imago,
707 1305 746 1342 et
766 1301 1001 1342 secundum
1024 1301 1126 1354 quid
1148 1301 1344 1342 attenda-

309 1378 378 1416 tur
404 1375 455 1428 (ιι)
479 1374 724 1427 vestigium.

651 1530 1005 1574 CONCLUSIO.

310 1645 402 1679 Deus
433 1647 483 1679 cst
511 1643 760 1689 cowzoscz'bz'lt's
787 1653 854 1690 pei·
881 1646 1064 1678 creaturas
1091 1645 1264 1689 quantum
1298 1642 1347 1678 ad

611 1704 830 1739 conclz'tz'oncs
858 1705 1049 1749 generales.

366 1807 487 1861 Resp.
512 1807 563 1848 ad
583 1807 689 1859 Arg.
710 1807 942 1848 Dicendum
962 1807 1095 1860 quod,
1115 1807 1215 1860 quia
1233 1807 1346 1847 relu-

310 1885 374 1920 cet
394 1891 519 1920 causa
534 1879 578 1918 in
592 1879 760 1929 effectu,
781 1882 822 1920 et
841 1879 1046 1931 sapientia
1065 1878 1236 1919 artificis
1256 1890 1345 1918 ma-

308 1951 528 1992 nifestatur
541 1951 586 1991 in
601 1963 727 2004 opere
743 1965 752 2001 ;
774 1951 868 1992 ideo
883 1951 1006 1999 Deus,
1026 1950 1099 2003 qui
1115 1953 1176 1990 est
1192 1950 1343 1991 artifex

308 2025 349 2063 et
381 2035 508 2063 causa
535 2025 755 2073 creaturae,
782 2035 858 2076 per
888 2023 1024 2076 ipsam
1054 2021 1340 2074 cognoscitur.

308 2095 359 2136 Et
378 2096 430 2136 ad
448 2095 528 2136 hoc
545 2095 702 2148 duplex
721 2097 782 2135 est
803 2094 910 2135 ratio
938 2109 945 2135 :
976 2106 1065 2134 una
1086 2097 1148 2134 est
1172 2095 1344 2146 propter

307 2167 667 2217 convenientiam3
703 2167 786 2207 alia
804 2198 813 2215 ,
844 2169 1014 2219 propter
1043 2165 1340 2217 indigentiam.

308 2237 483 2291 Propter
503 2238 863 2288 convenientiam,
883 2237 983 2290 quia
998 2237 1136 2277 omnis
1150 2239 1344 2277 creatura

310 2312 447 2363 magis
464 2311 579 2352 ducit
597 2311 641 2350 in
655 2310 806 2358 Deum,
819 2321 950 2362 quarn
969 2309 1014 2349 in
1033 2309 1192 2361 aliquid
1209 2308 1339 2349 aliud.

310 2381 484 2436 Propter
508 2382 801 2434 indigentiam,
826 2382 947 2434 quia,
970 2393 1069 2421 cum
1090 2380 1217 2431 Deus,
1246 2383 1343 2420 tan-

308 2467 439 2507 quam
454 2455 529 2495 lux
549 2467 714 2495 summe
731 2453 973 2506 spiritualis,
995 2465 1083 2493 non
1097 2454 1225 2506 possit
1241 2465 1341 2505 cog-

308 2527 423 2567 nosci
442 2527 486 2567 in
504 2540 581 2567 sua
600 2526 895 2580 spiritualitate
908 2526 960 2566 ab
977 2525 1208 2576 intellectu,
1221 2526 1343 2579 quasi

309 2598 516 2638 materiali
544 2598 637 2638 luce
670 2597 836 2649 indiget
872 2597 1016 2637 anima
1041 2600 1088 2638 ut
1117 2599 1344 2649 cognoscat

309 2670 465 2722 ipsum,
485 2669 641 2710 scilicet
658 2681 732 2722 per
753 2671 1005 2709 creaturam.

365 2745 403 2781 Ι.
426 2741 489 2781 Ad
518 2740 625 2781 illud
655 2739 768 2794 quod
793 2740 1004 2792 objicitur,
1027 2740 1137 2792 quod
1157 2739 1344 2792 cognitio

314 2815 516 2852 creaturae
554 2814 616 2852 est
644 2812 715 2853 via
744 2811 789 2851 in
819 2823 1032 2861 errorem3
1064 2811 1291 2852 dicendum
1311 2814 1341 2862 ²,

313 2884 425 2935 quod
450 2883 670 2937 dupliciter
695 2887 757 2924 est
787 2895 1038 2936 cognoscere
1071 2886 1307 2924 creaturam
1331 2898 1340 2924 t

315 2954 384 2994 vel
403 2958 611 3007 quantum
632 2955 684 2996 ad
701 2955 978 3008 proprietates
1006 2955 1223 3008 speciales,
1246 2969 1344 3009 quae

315 3029 414 3066 sunt·
434 3025 760 3078 imperfectionis
768 3038 780 3078 3
809 3026 877 3068 vel
901 3029 1111 3079 quantum
1131 3027 1182 3067 ad
1203 3027 1346 3068 condi-

314 3096 449 3136 tiones
470 3097 688 3147 generales
702 3130 712 3148 ,
733 3110 831 3150 quae
850 3100 949 3138 sunt
973 3098 1277 3151 completionis,
1300 3097 1345 3139 Si

319 3171 529 3221 quantum
548 3168 599 3209 ad
621 3169 820 3221 speciales
839 3169 1099 3210 conditiones
1128 3169 1345 3223 imperfec-

315 3239 463 3289 tionis,
500 3239 580 3279 hoc
616 3243 676 3280 est·
702 3240 922 3293 dupliciter
944 3243 1046 3281 :aut
1079 3241 1346 3282 attribuendo

316 3310 424 3361 Deo;
455 3313 530 3351 aut
557 3312 830 3353 removendo.
862 3312 1003 3353 Primo
1033 3312 1158 3353 modo
1188 3315 1248 3353 est
1277 3312 1348 3353 via

317 3383 472 3424 erroris
496 3398 504 3424 2
526 3383 710 3424 secundo
731 3384 855 3424 modo
880 3387 940 3424 est
959 3384 1031 3426 via
1059 3383 1312 3436 cognitionis
1334 3397 1342 3424 :

362 3492 373 3513 ¹
392 3491 508 3532 Arist„
537 3491 576 3523 de
603 3491 743 3533 Anima,
766 3492 825 3523 lib.
863 3493 925 3531 ΙΙΙ,
956 3495 1104 3524 context.
1123 3494 1160 3524 30
1181 3494 1214 3524 et
1238 3494 1288 3524 39.
1307 3509 1348 3515 —

319 3539 394 3591 ²(ss
406 3539 516 3580 Alex„
529 3549 564 3580 p.
583 3540 623 3581 ΙΙ,
636 3550 670 3581 q.
683 3539 894 3580 v111,1ncmb.
907 3541 987 3571 7.—
998 3540 1011 3561 3
1022 3541 1070 3571 De
1082 3539 1141 3571 lib.
1154 3539 1271 3578 arbit„
1284 3540 1343 3572 lib.

1419 308 1458 344 et
1487 305 1546 344 sic
1569 304 1841 356 cognoscitur
1873 304 1982 345 Deus
2002 318 2077 359 per
2107 307 2377 348 ablationem.
2399 306 2443 348 Si

1418 378 1561 415 autem
1590 378 1870 427 cognoscatur
1899 377 2037 428 quoad
2066 378 2322 419 conditiones
2347 390 2441 431 per-

1418 445 1622 496 fectionis,
1639 446 1697 485 sic
1717 448 1852 499 potest
1872 458 1960 486 esse
1978 447 2212 500 dupliciter,
2226 449 2333 489 sicut
2352 448 2443 501 pic-

1418 518 1514 556 tura
1541 517 1762 570 dupliciter
1795 519 2063 570 cognoscitur
2086 534 2094 560 :
2123 522 2198 560 aut
2223 520 2330 560 sicut
2354 521 2444 573 pic-

1418 590 1533 638 tura;
1557 592 1630 628 ant
1655 588 1762 629 sicut
1784 589 1942 642 imago.
1967 589 2102 641 Unde,
2125 593 2198 631 aut
2220 591 2381 632 sistitur
2401 593 2446 632 in

1418 658 1732 710 pulchritudine
1761 664 1987 711 creaturai,
2011 665 2083 702 aut
2108 674 2183 715 per
2210 662 2324 702 illam
2353 665 2447 703 ten-

1420 730 1534 770 ditur
1559 731 1601 770 in
1621 731 1751 772 aliud.
1774 732 1816 772 Si
1836 733 1981 785 ,primo
2002 733 2150 783 modo,
2170 735 2272 773 tunc
2294 736 2355 773 est
2378 734 2447 775 via

1419 800 1692 851 deviationis,
1726 803 1839 844 unde
1870 803 2137 855 Augustinus
2168 804 2182 825 ³
2212 818 2220 844 :
2249 820 2268 843 (ι
2287 807 2353 844 Vae
2382 805 2448 845 his

1419 872 1493 925 qui
1510 876 1642 913 nutus
1661 878 1756 914 tuos
1776 887 1852 927 pro
1872 878 1911 915 te
1931 877 2098 926 amant,
2118 877 2158 916 et
2178 876 2377 917 oberrant
2403 876 2447 916 in

1418 945 1609 997 vestigiis
1624 946 1724 993 tuis,
1746 949 1786 986 et
1805 946 2105 1000 derelinquunt
2120 949 2160 987 te
2177 946 2342 988 ducem.
2361 962 2380 985 n
2405 947 2449 989 Si

1420 1016 1603 1057 secundo
1625 1017 1766 1066 modo,
1782 1021 1909 1070 prout
1929 1022 1990 1059 est
2009 1018 2078 1059 via
2096 1018 2140 1058 in
2159 1018 2288 1068 aliud,
2311 1019 2369 1059 sic
2387 1021 2449 1060 est

1419 1087 1526 1127 ratio
1565 1088 1845 1139 cognoscendi
1893 1102 1968 1142 per
2007 1090 2443 1142 superexcellentiam3

1419 1158 1519 1210 quia
1547 1159 1685 1199 omnis
1708 1160 1939 1212 proprietas
1970 1161 2120 1202 nobilis
2157 1161 2201 1201 in
2231 1164 2446 1212 creatura,

1419 1229 1503 1270 Deo
1523 1233 1584 1271 est
1612 1231 1880 1272 attribuenda
1899 1232 1942 1272 in
1969 1245 2138 1274 summo
2161 1248 2169 1274 ε
2193 1237 2234 1274 θῖ
2262 1233 2319 1274 sic
2338 1237 2451 1287 patet

1419 1301 1539 1343 illud.

1473 1376 1512 1414 02.
1546 1373 1609 1415 Ad
1628 1374 1730 1415 illud
1753 1375 1866 1427 quod
1889 1375 2101 1428 objicitur,
2122 1376 2235 1429 quod
2259 1377 2451 1418 tenebro-

1419 1457 1516 1485 sum
1550 1446 1739 1486 medium
1768 1458 1855 1486 non
1886 1449 1947 1486 est
1977 1446 2048 1486 via
2070 1447 2350 1499 cognoscendi
2379 1447 2451 1488 lu-

1420 1529 1531 1567 cem,
1555 1517 1797 1568 dicendum,
1811 1517 1925 1570 quod
1944 1519 2006 1558 est
2025 1517 2172 1559 oculus
2190 1519 2297 1559 bene
2311 1519 2450 1573 dispo-

1420 1588 1540 1640 situs,
1561 1592 1601 1629 et
1620 1589 1768 1629 oculus
1790 1588 1943 1642 lippus.
1967 1588 2023 1629 De
2042 1588 2163 1630 oculo
2188 1589 2294 1630 bene
2313 1590 2451 1643 dispo-

1419 1659 1498 1700 sito
1517 1672 1670 1701 verum
1691 1663 1776 1711 est,
1800 1661 1869 1701 sed
1891 1673 1980 1701 non
2005 1661 2055 1701 de
2072 1661 2204 1713 lippo,
2227 1661 2295 1702 cui
2314 1662 2452 1703 nubes

1419 1732 1624 1784 obtegens
1638 1765 1647 1783 ,
1668 1733 1736 1773 vel
1755 1735 1867 1773 terra
1889 1732 2121 1785 suscipiens
2141 1733 2314 1774 luminis
2334 1734 2452 1774 clari-

1418 1806 1546 1843 tatem
1562 1836 1572 1854 ,
1596 1807 1657 1844 est
1675 1805 1867 1845 medium
1883 1804 2054 1845 videndi
2075 1805 2221 1845 solem.
2243 1804 2312 1846 Sic
2329 1805 2451 1845 intel-

1417 1875 1545 1916 lectui
1573 1878 1742 1926 nostro,
1780 1876 1854 1929 qui
1886 1880 1899 1901 '⁶
1931 1889 1974 1917 se
2006 1876 2133 1917 habet
2166 1877 2273 1917 sicut
2302 1877 2451 1918 oculus

1417 1949 1586 1987 noetuae
1606 1947 1658 1988 ad
1681 1947 2027 1989 manifestissima
2045 1950 2226 1989 naturae.

1472 2021 1510 2059 3.
1531 2018 1595 2060 Ad
1614 2019 1718 2060 illud
1737 2019 1848 2072 quod
1866 2019 2064 2072 objicitur
2083 2020 2134 2060 de
2152 2020 2318 2061 defectu
2334 2032 2452 2061 com-

1418 2090 1657 2141 munitatis,
1681 2090 1907 2132 dicendum
1928 2090 2064 2143 quod,
2086 2091 2121 2131 si
2151 2102 2237 2131 non
2257 2093 2318 2132 est
2337 2103 2451 2132 com-

1418 2175 1548 2203 mune
1575 2175 1649 2215 per
1677 2162 2043 2213 univocationem,
2075 2164 2218 2203 tamen
2245 2164 2307 2203 est
2337 2174 2452 2203 com-

1418 2246 1549 2274 mune
1562 2246 1638 2287 per
1657 2234 1914 2287 analogiam,
1927 2247 2024 2288 quae
2041 2234 2140 2275 dicit
2156 2235 2450 2276 habitudinem

1418 2306 1603 2347 duorum
1628 2306 1680 2347 ad
1700 2307 1807 2358 duo,
1836 2309 1884 2347 ut
1904 2307 1949 2346 in
1968 2309 2099 2347 nauta
2118 2308 2158 2347 et
2177 2306 2351 2347 ductore
2371 2306 2418 2359 (b)
2437 2320 2447 2357 ;

1418 2378 1486 2419 vel
1507 2379 1634 2419 unius
1654 2378 1706 2419 ad
1726 2390 1880 2429 unum,
1901 2380 1950 2419 ut
1968 2378 2221 2432 exemplaris
2237 2378 2289 2419 ad
2308 2390 2451 2419 exem-

1416 2450 1593 2503 platum.

1472 2526 1512 2563 4.
1544 2523 1607 2563 Ad
1633 2521 1738 2563 illud
1764 2522 1878 2575 quod
1907 2521 2120 2574 oincitur,
2142 2522 2257 2575 quod
2286 2534 2452 2576 semper

1418 2600 1517 2638 sunt
1528 2596 1685 2637 infiniti
1696 2596 1854 2648 gradus
1864 2610 1873 2646 3
1886 2596 2111 2637 dicendum
2122 2595 2238 2648 quod
2252 2608 2450 2638 ascensus

1418 2669 1463 2709 in
1479 2668 1613 2710 Deum
1630 2670 1765 2722 potest
1778 2680 1866 2709 esse
1883 2667 2106 2721 dupliciter
2124 2682 2133 2709 ι
2150 2670 2224 2708 aut
2239 2670 2448 2721 quantum

1418 2741 1471 2781 ad
1506 2743 1721 2793 aspectum
1758 2740 1996 2793 praesentiae
2023 2772 2034 2791 ,
2077 2742 2119 2781 et
2154 2740 2213 2780 sic
2249 2740 2450 2794 quaelibet

1420 2814 1611 2852 creatura
1637 2814 1737 2852 nata
1769 2814 1830 2852 θεῖ
1859 2811 2013 2853 ducere
2032 2811 2079 2852 in
2105 2811 2254 2863 Deum,
2286 2824 2365 2852 nec
2390 2811 2451 2853 sic

1419 2886 1519 2925 sunt
1535 2883 1690 2923 infiniti
1709 2884 1890 2935 gradus;
1911 2886 1986 2925 aut
2005 2886 2213 2937 quantum
2232 2883 2284 2924 ad
2303 2896 2450 2936 aequa-

1418 2955 1579 2995 litatem
1599 2955 1940 3008 aequiparantiae,
1958 2958 1999 2997 et
2017 2955 2076 2996 sic
2095 2958 2156 2996 est
2165 2967 2318 2997 verum
2337 2955 2451 3008 quod

1420 3029 1520 3066 sunt
1529 3026 1684 3066 infiniti
1696 3041 1705 3076 3
1718 3027 1819 3080 quia
1831 3027 1994 3068 bonum
2008 3029 2213 3076 creatum,
2223 3029 2450 3079 quantum-

1420 3110 1604 3151 cumque
1618 3098 1897 3151 duplicatum,
1917 3111 2138 3152 nunquam
2158 3098 2452 3151 aequiparatur

1421 3171 1620 3212 increato.
1647 3170 1817 3213 Primus
1848 3175 1991 3213 autem
2021 3171 2206 3224 gradus,
2238 3173 2449 3224 quantum

1421 3243 1473 3283 ad
1493 3255 1715 3296 ascensum
1733 3244 1785 3284 ad
1805 3247 2022 3298 aspectum
2051 3243 2303 3296 praesentiae,
2325 3244 2386 3283 est
2406 3241 2451 3282 in

1421 3315 1753 3356 consideratione
1769 3315 2023 3366 visibilium3
2040 3315 2265 3365 secundus,
2287 3314 2332 3355 in
2350 3326 2452 3355 con-

1424 3420 1471 3460 ΙΙ,
1496 3429 1525 3451 c.
1544 3427 1623 3461 xvl,
1650 3430 1684 3452 n.
1707 3421 1757 3452 43.
1779 3438 1820 3444 —
1839 3419 1848 3438 ⁴
1867 3419 1981 3461 Arist„
2012 3419 2197 3461 Metaphys.
2218 3419 2275 3451 lib.
2294 3419 2344 3459 ΙΙ,
2366 3427 2450 3450 con-

1421 3470 1502 3500 text.
1523 3470 1551 3499 1.

1467 3538 1509 3580 (α)
1522 3522 1610 3571 'Coet.
1626 3539 1706 3572 edit.
1727 3538 1922 3572 attenditur.
1938 3555 1973 3562 -
1995 3538 2039 3580 (b)
2061 3538 2142 3571 Caet.
2158 3537 2240 3570 edit.
2260 3537 2412 3570 doctore.
