2570 3986
243 322 309 349 Lvt
710 307 777 349 DE
807 307 1036 350 SCRIPTIS
1066 307 1107 348 S.
1138 301 1543 348 BONAVENTURAE
1563 306 1893 350 ATTRIBUTIS.

245 397 408 439 lebaticr
427 397 580 449 culpa;
601 396 676 438 secl-
695 397 820 449 culpa
841 396 1059 439 delebatur
1076 398 1121 438 vi
1142 396 1484 438 circumcisionis
1500 428 1512 447 ,
1536 398 1681 449 qratia
1709 401 1845 440 autem
1872 409 1959 440 aon
1980 398 2163 441 dabatur
2180 401 2225 442 vi
2251 400 2343 453 ejas
2359 433 2370 452 ,

245 467 319 510 sed
340 479 396 510 ατ
416 468 668 510 liberalitate
695 468 822 509 Dei..
858 468 936 509 Sed
957 468 1043 509 lare
1060 468 1219 520 positio
1239 477 1323 508 non
1344 471 1482 519 potest
1506 471 1618 509 stare
1643 468 1809 522 duplici
1830 471 2018 520 ratione,
2041 472 2119 510 etc.
2151 470 2254 521 Quae
2274 485 2373 512 cum

245 539 304 580 ita
326 540 435 588 sint,
464 552 485 579 e
515 540 680 579 duobus
707 551 843 579 unum
870 542 1071 591 sequatur
1093 541 1278 591 oportet,
1307 542 1380 578 aut
1409 538 1752 579 Bonaventuram
1777 540 1854 580 sibi
1880 541 2131 593 neutiquam
2156 546 2370 592 constare;

246 614 317 650 aut
337 643 346 661 ,
370 610 482 663 quod
504 623 602 650 vero
624 610 797 663 propius
817 613 875 650 est
890 642 899 657 .,
923 609 1226 662 Conipemlium
1250 609 1329 649 hoc
1350 609 1450 650 salso
1471 609 1783 652 Bonaventurae
1803 616 1947 653 nostro
1968 613 2159 653 adscribi.
2182 612 2374 655 Primum

246 681 378 732 absit,
402 685 448 721 ut
469 682 580 722 dicas
600 683 651 731 (a)
677 695 685 720 :
712 693 815 732 ergo
835 680 1015 721 alterum
1038 681 1257 720 nobiscum
1278 680 1433 721 fateare
1452 693 1560 735 opus
1580 682 1672 722 erit.

300 751 383 793 Nec
404 753 503 793 item
527 753 771 799 defuerunt,
801 751 874 804 qui
900 752 1145 803 hujusmodi
1172 752 1477 804 Compendium
1501 753 1760 794 asseruerint
1784 755 1955 795 Alberto
1979 755 2134 808 Magno
2149 788 2158 805 ,
2188 755 2375 797 Alexan-

247 823 322 864 dro
351 823 492 864 Alensi
507 855 517 870 ‚
556 827 595 863 et
634 822 680 862 D.
720 821 894 863 Thoma}
934 823 1136 875 Aquinali
1153 855 1162 867 ,
1201 826 1327 875 atque
1360 822 1527 876 AEgidio
1567 824 1774 866 Romano.
1802 831 1805 833 ’
1825 826 1991 866 Etenim
2025 827 2236 868 Antonius
2273 827 2376 868 Pos-

247 896 441 944 sevinus,
473 895 681 935 referente
703 893 946 944 Gand01f01,
973 907 1016 933 se
1042 893 1196 934 vidisse
1215 897 1392 934 testatur
1419 908 1557 937 unum
1584 898 1628 937 in
1656 897 1763 938 Bibl.
1793 898 1965 938 Achillis
1986 897 2106 939 Statii
2127 899 2273 941 Romae
2300 899 2374 940 Ms.

248 965 439 1006 Codicem
460 966 538 1006 sub
559 965 723 1005 Alensis
743 965 930 1005 nomine.
954 965 1018 1005 Ad
1041 977 1138 1017 quse
1163 965 1218 1005 ita
1238 966 1447 1008 subnectit
1467 983 1475 1009 :
1505 985 1524 1007 «
1544 969 1681 1022 Cogor
1701 972 1844 1009 tamen
1870 970 2008 1010 dicere
2030 971 2173 1023 plures
2193 972 2377 1012 rationes

247 1037 425 1077 militare
444 1037 486 1076 in
508 1037 697 1076 favorem
721 1036 876 1088 AEgidii
891 1067 902 1085 ,
926 1048 1055 1089 quam
1074 1036 1271 1077 aliorum.
1294 1035 1376 1077 Mei
1394 1038 1684 1081 Reverendiss.
1708 1041 1957 1081 Ambrosius
1986 1041 2172 1082 Coranus
2194 1042 2379 1083 Genera-

247 1108 319 1158 lis,
343 1111 381 1148 et
399 1107 419 1147 J
423 1108 575 1147 acolius
594 1106 811 1160 Philippus
831 1107 1062 1159 Bergomas
1075 1143 1084 1161 ,
1105 1109 1177 1163 qui
1196 1111 1395 1152 vixerunt
1415 1111 1459 1150 in
1476 1112 1682 1165 principio
1703 1113 1805 1152 artis
1825 1112 2108 1165 impressoriae
2126 1145 2136 1164 ,
2160 1116 2378 1155 auctorem

247 1181 439 1219 asserunt
469 1177 707 1230 AEgidium,
740 1181 779 1218 et
813 1182 873 1219 est
904 1180 1116 1229 illudmet,
1151 1182 1263 1234 quod
1293 1182 1494 1236 aspicitur
1529 1183 1799 1236 impressum.
1840 1184 1919 1224 Eos
1949 1187 2117 1224 secutus
2153 1188 2214 1225 est
2250 1186 2379 1226 abbas

246 1249 504 1290 Trithemius
522 1248 572 1290 tle
596 1248 888 1301 scriptoribus
901 1251 1233 1303 Ecclesiasttcts,
1254 1254 1329 1293 ubi
1348 1254 1398 1294 de
1416 1254 1599 1306 AEgidio.
1623 1254 1667 1294 In
1689 1259 1828 1295 nostra
1851 1254 2123 1309 Neapolitana
2139 1255 2181 1297 S.
2204 1256 2380 1309 Augus-

246 1321 323 1361 tini
343 1321 457 1361 adest
475 1321 730 1373 impressum
747 1353 756 1371 ,
778 1321 868 1362 sine
887 1323 1061 1364 nomine
1080 1324 1288 1375 Auctoris,
1306 1324 1507 1375 Venetiis,
1531 1328 1633 1366 1500
1649 1358 1658 1376 ,
1678 1338 1754 1378 per
1774 1325 1830 1366 M.
1848 1325 2022 1367 Petrum
2044 1327 2093 1367 de
2112 1326 2376 1380 Parenghis;

246 1391 349 1432 inibi
377 1404 507 1431 manu
532 1392 708 1444 antiqua
733 1396 906 1445 apparet
934 1393 978 1434 D.
1007 1394 1164 1447 AEgidii
1187 1395 1366 1437 Romani
1392 1396 1489 1439 Ord.
1518 1396 1710 1448 Eremit„
1739 1399 1780 1438 et
1807 1398 1934 1438 etiam
1958 1411 2089 1439 manu
2110 1400 2315 1440 moderna
2335 1400 2381 1440 in

246 1463 352 1513 fine,
375 1474 470 1515 quae
490 1465 664 1515 putatur
685 1464 984 1516 sapientissimi
1004 1465 1058 1507 M.
1083 1466 1112 1507 F
1117 1468 1296 1520 ulgentii
1317 1469 1367 1509 de
1384 1468 1404 1509 J
1412 1469 1549 1520 adice,
1571 1469 1616 1509 in
1636 1469 1825 1510 doctrina
1843 1468 2068 1522 AEgidiana
2084 1472 2378 1513 versatissimi.

246 1532 365 1574 Meus
385 1545 555 1586 quoque
572 1533 756 1575 Joannes
775 1534 886 1575 Paltz
900 1569 910 1587 ,
933 1536 1068 1586 Saxo,
1092 1539 1136 1579 in
1153 1552 1230 1580 suo
1251 1540 1552 1593 Supplemento
1574 1541 1675 1583 Coett
1695 1540 1896 1592 Fodinoe,
1924 1543 2027 1582 1510
2042 1573 2052 1590 ‚
2075 1541 2249 1595 Lipsiae,
2272 1543 2378 1593 in-4‚

247 1618 337 1659 cap.
367 1605 417 1647 cle
447 1608 719 1649 conversione
748 1607 1007 1659 Peccatoris‚
1031 1611 1201 1652 scribit:
1229 1628 1247 1650 «
1269 1612 1469 1665 Magister
1496 1614 1541 1654 in
1571 1612 1825 1666 corripendio
1860 1613 2068 1656 Veritatis
2103 1614 2379 1668 Theoloqicoe,

247 1678 321 1730 qui
338 1710 348 1728 ,
371 1680 419 1717 ut
437 1677 618 1718 habetur
639 1678 684 1718 in
707 1678 906 1732 Catalooo
928 1680 1211 1734 Scriptorum,
1231 1684 1310 1724 fuit
1328 1684 1375 1726 D.
1395 1684 1588 1738 AEgidius
1609 1685 1658 1726 de
1679 1685 1814 1726 Roma
1832 1685 1878 1726 D.
1901 1684 2068 1727 Ordinis
2086 1686 2219 1726 nostri
2235 1719 2246 1735 ,
2265 1690 2305 1728 et
2321 1698 2384 1729 se-

249 1748 436 1790 cundum
457 1749 560 1789 alios
580 1749 708 1802 Hugo
729 1751 846 1792 Card.
871 1750 968 1793 Ord.
992 1752 1126 1795 Preed.
1152 1753 1232 1795 Sed
1251 1756 1363 1808 quod
1380 1756 1610 1810 principale
1630 1759 1689 1797 est
1703 1789 1713 1807 ,
1739 1760 1980 1798 asservatur
1997 1756 2093 1797 Mss.
2116 1757 2161 1797 in
2181 1756 2382 1799 Vaticana

252 1821 330 1861 sub
349 1820 521 1860 nomine
549 1821 718 1875 AEgidii.
743 1822 789 1863 In
809 1822 1013 1865 Patavina
1039 1828 1182 1866 nostra
1208 1827 1434 1881 antiquum
1454 1828 1497 1868 in
1518 1828 1677 1869 memb.
1702 1828 1796 1869 in-4
1814 1860 1824 1878 ,
1847 1841 1895 1869 ac
1915 1828 2043 1869 etiam
2070 1827 2112 1870 S.
2142 1828 2313 1881 Georgii
2338 1829 2383 1870 in

254 1892 356 1944 Aiga
374 1890 647 1933 Venetiarum
662 1927 671 1945 ,
694 1895 757 1935 tit.
779 1894 960 1947 AEgidii,
984 1899 1032 1937 ut
1052 1897 1195 1938 videre
1215 1902 1276 1939 est
1295 1899 1410 1952 apud
1426 1898 1705 1941 Tomasinum
1721 1899 1794 1940 lib.
1817 1900 1927 1941 edito
1949 1902 2069 1951 1639,
2090 1900 2200 1951 in-4,
2229 1912 2383 1954 nempe

248 1964 292 2005 in
313 1963 451 2004 Indice
473 1963 570 2006 Mss.
598 1965 705 2007 Bibl.
728 1965 915 2017 Patavii,
940 1969 980 2007 et
1003 1966 1292 2011 Venetiarum.
1312 1985 1330 2008 n

302 2035 400 2077 Haec
418 2041 563 2078 tamen
587 2043 967 2081 monumentorum
989 2041 1108 2094 copia
1131 2045 1301 2082 tantum
1328 2043 1466 2093 abest,
1489 2046 1539 2083 ut
1557 2042 1603 2083 P.
1624 2042 1860 2083 Eccerdum
1881 2042 2156 2091 deterruerit,
2177 2043 2281 2095 quin
2304 2054 2384 2096 po-

247 2107 331 2149 tius
351 2109 389 2149 ei
410 2110 586 2151 calcaria
605 2111 833 2164 addiderit,
855 2115 903 2153 ut
922 2113 1230 2167 Compendium
1248 2115 1361 2155 istud
1378 2114 1545 2167 AEgidio
1568 2114 1760 2155 Romano
1774 2147 1784 2165 ,
1814 2116 1854 2155 et
1876 2114 2048 2155 Alberto
2075 2114 2231 2166 Magno
2258 2114 2385 2168 abju-

248 2180 427 2232 dicaret,
449 2181 640 2235 illudque
659 2182 831 2235 Hugoni
851 2184 1200 2237 Argentoratensi
1215 2219 1226 2237 ,
1248 2186 1505 2239 professione
1522 2186 1810 2237 Dominieano,
1834 2184 2036 2238 Scriptori
2055 2198 2137 2226 sec.
2161 2185 2253 2226 XIII
2272 2217 2282 2231 ,
2300 2198 2384 2227 res-

247 2251 431 2294 titueret.
465 2253 573 2303 Adi,
601 2253 636 2295 si
660 2254 787 2306 libet,
817 2256 1017 2297 eumdem
1044 2258 1444 2310 praestant.issimum
1468 2257 1620 2300 Virum
1634 2259 1661 2308 ²,
1686 2260 1728 2299 et
1754 2259 1847 2310 eJus
1875 2257 2038 2310 judicio
2065 2269 2114 2298 ac
2141 2257 2384 2298 testimonio

249 2326 382 2365 utere.

1047 2430 1331 2490 Antiquiores
1350 2430 1588 2476 EditioneS.

301 2537 503 2592 Princeps
524 2540 722 2581 omnium
745 2540 905 2583 Veneta
929 2545 991 2584 est
1015 2544 1142 2585 editio
1165 2557 1276 2586 anno
1298 2548 1426 2596 1476,
1456 2545 1560 2586 duas
1579 2545 1623 2585 in
1653 2545 1876 2586 columnas
1905 2544 2160 2595 distributa3
2188 2545 2241 2585 ad
2263 2546 2386 2597 qu'us

247 2611 377 2651 finem
391 2611 597 2663 leguntur
612 2612 689 2653 ista
708 2627 716 2653 :
740 2628 759 2651 «
777 2613 956 2667 Explicit
975 2615 1279 2669 Compendium
1297 2616 1551 2669 Theologice
1571 2616 1760 2658 veritatis
1774 2616 2048 2669 compilatum
2064 2628 2140 2669 per
2154 2616 2383 2657 Alhertum

249 2681 470 2734 Magnum,
493 2683 834 2738 impressumque
853 2685 1038 2728 Venetiis
1057 2700 1132 2740 per
1152 2687 1207 2729 Μ.
1228 2688 1578 2742 Christophorum
1597 2688 1839 2729 Arnoldum
1860 2687 2120 2728 Alamanum
2139 2690 2259 2738 1476,
2278 2688 2344 2729 die
2361 2690 2385 2728 5

250 2754 393 2807 aprilis
412 2754 691 2797 Serenissimo
715 2757 821 2798 duce
843 2758 1011 2800 Andrea
1030 2758 1327 2801 Vendrameno
1348 2763 1558 2812 regnante
1573 2792 1583 2811 ,
1610 2759 1704 2800 in-4
1727 2771 1876 2812 parvo.
1896 2773 1915 2795 >³

306 2825 469 2866 Rursus
488 2826 673 2868 Venetiis
697 2829 776 2869 sub
802 2829 962 2871 Alberti
988 2831 1044 2872 M.
1069 2833 1242 2873 nomine
1262 2845 1462 2874 recusum
1486 2831 1564 2872 fuit
1589 2846 1608 2869 «
1628 2843 1703 2884 per
1724 2830 1980 2883 Gregorium
2001 2830 2289 2871 Dalmatinum
2307 2863 2317 2882 ,
2346 2833 2387 2872 et

251 2896 456 2938 Jacobum
479 2897 773 2941 Britannicum
789 2934 799 2952 ,
825 2904 929 2943 1483
943 2935 953 2953 ,
979 2903 1045 2944 die
1067 2907 1085 2944 1
1111 2904 1276 2957 aprilis,
1302 2904 1504 2946 Sereniss.
1529 2903 1640 2943 Duce
1661 2901 1823 2942 Joanne
1846 2901 2058 2943 Mocenico
2081 2904 2304 2953 regnante.
2327 2916 2346 2939 η

311 2968 512 3010 Similiter
531 2971 686 3023 prodiit
704 2971 890 3013 Venetiis
905 2986 973 3014 an.
996 2977 1116 3026 1485,
1141 2976 1253 3029 apud
1275 2975 1510 3016 Gabrielem
1529 2973 1665 3015 Crassi
1685 2973 1736 3014 de
1757 2972 1902 3026 Papia.

306 3039 418 3080 Tum
434 3040 687 3094 Rothomagi
711 3056 787 3096 per
807 3043 981 3085 Petrum
998 3044 1227 3098 Regnault,
1258 3049 1378 3099 1500,
1398 3047 1511 3087 in-S.

309 3112 468 3153 Ibidem
491 3125 566 3166 per
586 3115 799 3167 eumdem,
825 3118 945 3166 1505,
966 3118 1102 3159 in-12.

309 3183 589 3236 Anonymum
608 3197 712 3226 vero
733 3199 884 3228 cusum
906 3189 986 3229 fuit
1004 3188 1202 3240 Venetiis,
1222 3191 1340 3242 1493,
1363 3190 1476 3238 in-4,
1495 3200 1642 3242 parvo.

310 3255 501 3308 Itemque
524 3268 593 3296 an.
615 3259 733 3309 1500,
755 3271 831 3311 per
851 3259 906 3301 M.
929 3259 1103 3302 Petrum
1123 3261 1173 3302 de
1191 3261 1428 3314 Parenghis
1446 3260 1777 3313 Bergomensem
1797 3260 1900 3300 in-4.

299 3364 310 3385 ¹
326 3363 469 3394 Di'ssert.
488 3362 606 3394 histor.
627 3363 667 3394 de
688 3364 752 3396 CC.
772 3365 925 3399 celeberr.
948 3369 1206 3409 Auwstz'm'am‘s
1225 3371 1340 3411 script.
1361 3371 1491 3410 Romae,
1515 3370 1606 3410 1704,
1627 3377 1660 3409 p.
1677 3369 1728 3400 32-

297 3411 450 3452 ’Serapa
473 3410 550 3442 Ord.
572 3411 760 3451 Proecltcat„
782 3415 864 3446 tom.
886 3415 918 3456 l,
939 3425 972 3456 p.
990 3418 1060 3449 470.

301 3482 344 3522 (a)
368 3483 412 3513 Le
427 3482 611 3514 sentiment
624 3483 711 3513 snivi
732 3493 793 3523 par
808 3484 895 3515 saint
914 3487 1152 3521 Beneventum
1168 3489 1252 3521 dans
1267 3498 1320 3520 ses
1340 3487 1611 3520 Commentaires
1631 3497 1685 3519 sur
1707 3488 1737 3519 le
1752 3487 1836 3518 livre
1858 3487 1898 3518 IV
1915 3486 1975 3517 des
1994 3486 2175 3524 Sentences,
2193 3487 2214 3517 a
2231 3485 2389 3517 l’endroit

258 3529 416 3570 indique,
438 3531 545 3570 pai-ait
566 3530 733 3561 contraire
755 3532 774 3561 ἐι
792 3531 823 3562 la
842 3532 994 3565 doctriiie
1013 3536 1056 3567 du
1077 3539 1205 3568 concii·—
1225 3538 1266 3568 (le
1287 3539 1409 3569 Treute
1423 3561 1432 3577 ,
1456 3546 1537 3567 sess.
1558 3537 1615 3568 Vll
1630 3560 1640 3576 ,
1662 3544 1738 3567 caii.
1756 3543 1781 3566 11
1810 3533 1848 3565 (le
1868 3534 2091 3565 Sacramentis
2111 3534 2145 3564 in
2165 3543 2293 3574 qenere.
2325 3534 2388 3565 Ces

259 3579 518 3609 commentaires
537 3579 629 3609 etant
648 3577 821 3619 l'ouvrage
838 3579 877 3610 de
897 3590 930 3611 sa
947 3581 1127 3625 jeunesse,
1149 3585 1170 3615 il
1189 3593 1233 3616 ne
1255 3584 1359 3617 serait
1377 3584 1565 3616 nuuement
1580 3584 1746 3615 etonuaut
1766 3581 1846 3623 qu'il
1868 3581 1925 3612 efit
1941 3580 2067 3612 rectifie
2088 3590 2151 3612 son
2168 3581 2310 3622 opinion
2329 3589 2387 3612 sur

258 3633 295 3655 ce
317 3624 410 3665 point
432 3625 514 3656 dans
534 3634 580 3656 un
597 3625 659 3666 age
678 3625 753 3667 plus
767 3627 907 3658 avauce.
