2570 3986
1039 202 1220 244 SECTIO
1252 204 1322 244 III.
2140 225 2239 252 Lxm

117 294 157 331 la
178 293 393 341 s’explique
413 293 620 340 l’inegalite
639 293 687 329 de
708 304 770 329 065
792 292 991 336 0115001115,
1013 291 1109 327 dont
1127 292 1320 339 plusieurs
1339 295 1427 329 sont
1444 293 1692 339 tres-beaux‚
1714 297 1864 332 surtout
1883 298 2167 345 quelques-uns
2188 302 2243 340 du

116 359 265 395 1111Ιί611.
298 361 349 395 La
374 360 636 406 composition
660 359 787 394 meme
809 357 877 393 des
896 357 1068 392 derniers
1097 357 1145 393 de
1165 368 1227 393 ces
1246 358 1422 394 discours
1448 369 1598 406 prouve
1618 359 1949 406 manifestemcnt,
1971 374 2122 400 comme
2142 377 2242 403 nous

115 424 151 460 le
170 424 300 460 ferons
317 425 404 460 voir
424 436 471 461 en
490 425 573 460 leur
591 424 689 468 11611,
713 423 826 470 qu’ils
848 425 914 458 ont
941 424 997 458 ete
1023 422 1176 468 rediges
1205 425 1316 470 apres
1339 434 1464 470 coup,
1488 424 1535 459 de
1556 424 1593 459 la
1613 425 1783 461 maniere
1805 437 1880 473 que
1900 437 1999 463 nous
2023 428 2078 464 les
2096 441 2239 476 avons,

114 500 186 537 par
204 500 257 525 un
273 493 380 526 autre
402 501 477 538 que
496 501 566 537 par
586 489 670 525 leur
687 491 822 524 auteur
841 488 1062 533 lui-meme,
1089 488 1239 524 distrait
1259 488 1353 536 qu’il
1372 488 1429 524 fut
1449 488 1496 524 de
1515 492 1608 525 cette
1624 491 1873 537 occupation,
1895 503 2047 530 comme
2068 495 2095 530 il
2115 499 2170 531 est
2188 497 2242 532 dit

117 557 141 590 ἐι
159 555 199 590 la
216 554 296 600 fin,
325 558 360 591 et
384 566 456 603 par
481 565 552 590 son
572 554 764 590 elevatior]
785 565 835 590 au
856 553 1091 598 cardinalat‚
1122 556 1156 589 61
1184 553 1332 589 hiemet
1353 555 1465 600 apres
1491 565 1562 601 par
1582 565 1624 590 sa
1643 558 1747 591 mort
1764 558 2008 603 prematuree
2032 571 2041 594 :
2071 561 2242 606 Superve-

113 621 233 656 m'ente
252 624 354 657 statu
373 622 558 657 eaecelsz'orz·
576 623 609 655 et
629 622 712 655 vitre
732 630 873 655 eoecessu
894 620 1032 654 domini
1052 623 1085 654 et
1102 621 1272 664 magistre·
1292 618 1401 663 hujus
1419 621 1550 665 operis.

114 744 186 786 III.
217 745 388 787 Summa
411 744 693 796 ‘impositionis
718 744 766 785 in
788 743 1061 785 Psalterz'um.
1091 742 1177 783 Inc.
1202 743 1404 796 Quisquis
1424 743 1481 785 acl
1502 743 1666 786 divim&
1689 747 1864 799 paginae
1893 747 2134 799 lectionem,
2161 753 2239 791 etc.

165 853 299 893 Antea
317 862 419 892 vero
438 862 568 903 quam
588 852 777 890 nostram
799 849 945 890 audias
966 862 1188 890 censuram
1201 882 1212 900 ,
1237 863 1261 890 a
1280 862 1423 891 coaevo
1443 849 1654 903 Scriptore
1672 853 1801 893 velim
1821 854 2020 907 accipias,
2046 868 2144 908 quae
2166 870 2242 910 po-

110 923 322 964 tissimum
342 921 643 962 Bonaventura
666 921 712 960 in
738 921 849 961 hanc
873 933 964 960 rem
985 921 1244 973 scriptitarit.
1268 921 1332 962 En
1358 921 1576 962 Ptolomaei
1602 921 1803 964 Lucensis
1822 925 1952 965 verba
1973 927 2243 971 :Postulavit

114 994 279 1047 aliquos
308 992 436 1035 libros
455 993 624 1043 Biblioe,
656 993 768 1034 sicut
797 991 924 1034 libros
950 991 1213 1042 Salomonis,
1241 997 1279 1034 et
1304 992 1396 1043 Job,
1420 996 1456 1035 et
1481 994 1679 1045 epistolas
1700 995 1826 1037 Pauli
1843 1001 1872 1036 ¹.
1894 996 2111 1039 Audisne‘!
2142 998 2241 1040 Haec

112 1068 210 1106 sunt
227 1064 540 1105 Bonaventurae
560 1066 838 1104 monumenta
861 1063 906 1102 in
926 1063 1096 1103 Sacram
1119 1062 1380 1117 Scripturam
1399 1064 1556 1105 relicta.

160 1135 359 1176 Jamvero
376 1134 429 1174 ad
449 1146 687 1174 censuram.
708 1133 929 1186 Ejusmodi
950 1147 1035 1174 11011
1056 1137 1113 1174 651
1132 1134 1361 1188 Expositio,
1383 1135 1521 1188 qualis
1537 1134 1849 1178 Bonaventurae
1867 1138 2057 1180 doctriua
2075 1141 2241 1182 videtur

107 1219 210 1248 esse.
233 1205 537 1259 Saepenumero
553 1205 822 1246 Aristotelem
842 1205 985 1245 laudat
1001 1205 1173 1254 Auctor,
1194 1219 1242 1246 ac
1263 1206 1395 1246 multa
1417 1218 1470 1247 ex
1490 1209 1581 1258 ejtis
1602 1220 1716 1260 penu
1734 1208 1958 1262 depromit.
1978 1211 2014 1251 A
2033 1225 2119 1265 quo
2137 1214 2240 1255 vitio

106 1289 235 1331 quam
256 1277 442 1317 maxime
467 1277 689 1317 abhorruit
714 1276 1029 1327 Bonaventura,
1054 1277 1142 1330 qui,
1173 1278 1369 1330 quamvis
1393 1278 1435 1317 in
1462 1277 1838 1331 Peripateticorum
1866 1281 2018 1322 scholis
2044 1284 2236 1335 edoctus,

105 1348 338 1389 Aristotelis
364 1351 509 1388 tamen
533 1348 721 1400 vestigiis
748 1347 997 1400 neutiquam
1024 1349 1249 1389 adliaesisse
1269 1349 1452 1389 videtur.
1474 1349 1519 1389 ln
1543 1354 1743 1402 promth
1765 1351 1892 1392 Nobis
1914 1357 1976 1393 est
2004 1367 2133 1395 aurea
2154 1357 2239 1396 An-

103 1420 238 1461 tonini
266 1418 499 1459 Florentini
518 1418 832 1472 Archiepiscopi
858 1419 1063 1459 sententia
1129 1435 1147 1455 «
1171 1419 1410 1460 Intellectus
1438 1421 1531 1472 ejus
1557 1423 1855 1474 perspicaciam
1874 1424 1926 1477 (a)
1950 1427 2094 1466 omnia
2113 1439 2238 1480 opus-

103 1491 198 1532 cula
218 1491 311 1543 ejus
332 1490 522 1530 redolent
543 1479 709 1543 05,ᾳυὶ
732 1490 921 1531 divinam
941 1490 1160 1530 scientiam
1182 1493 1464 1543 requirentes,
1484 1491 1594 1532 hanc
1611 1492 1831 1542 libentius,
1853 1507 1983 1547 quam
2002 1499 2236 1539 vanitatem

101 1563 399 1605 aristotelicam
428 1566 702 1606 venerantur.
726 1577 744 1600 1)
769 1561 849 1601 Sed
877 1566 925 1602 ut
952 1561 1171 1601 insolitum
1202 1562 1429 1602 disserendi
1470 1563 1645 1603 modum
1676 1564 1808 1616 digito
1837 1568 2133 1619 ostendamus,
2167 1575 2231 1622 te,

100 1632 263 1685 Lector,
287 1648 495 1688 rogamus
520 1636 645 1676 etiam
672 1637 798 1687 atque
826 1634 976 1684 eliam,
1006 1636 1049 1673 ut
1077 1633 1239 1673 intento
1267 1633 1411 1673 animo
1438 1634 1556 1685 legas
1576 1634 1893 1687 Expositionem
1920 1638 1964 1678 in
1986 1638 2094 1680 Psal.
2114 1640 2232 1692 XIII,

100 1703 230 1756 XVII,
253 1705 346 1756 XX,
369 1706 552 1756 XXXVI,
575 1705 662 1747 LIV
679 1709 719 1746 et
738 1704 891 1745 CXVII.
910 1704 1041 1745 Voces
1073 1716 1173 1744 01101
1201 1716 1387 1756 graecas,
1416 1708 1510 1745 tum
1538 1705 1756 1747 hebraicas
1787 1707 2028 1761 frequenter
2057 1716 2235 1765 usurpat

104 1776 280 1828 Auctor,
306 1791 491 1831 quarum
510 1790 563 1818 ne
582 1778 721 1817 levem
742 1776 913 1829 quidem
936 1776 983 1828 (b)
1006 1775 1201 1828 peritiam
1218 1775 1418 1815 habuisse
1437 1776 1662 1817 credimus.

154 1848 219 1888 Ad
251 1848 344 1889 haec
371 1850 576 1890 accedunt
600 1861 673 1899 ea,
705 1860 803 1901 quae
829 1848 910 1888 sub
938 1848 1107 1887 initium
1136 1846 1420 1899 Expositionis
1447 1852 1705 1889 occurrunt:
1731 1864 1748 1887 (ι
1770 1848 1899 1901 Nota,
1930 1852 2093 1905 inquit,
2119 1856 2232 1907 quod

98 1918 377 1969 desiderium,
398 1921 488 1961 sive
508 1920 724 1972 cogitatio,
747 1920 836 1959 sive
855 1919 997 1958 anima
1015 1922 1075 1958 est
1095 1918 1139 1958 in
1159 1919 1328 1958 cerebro
1349 1919 1582 1959 secundum
1603 1918 1823 1973 physicos,
1846 1924 2082 1964 secundum
2101 1925 2233 1967 Theo—

97 1990 221 2042 logos
256 1995 318 2032 est
346 1992 391 2031 in
422 1991 547 2033 corde
575 1995 615 2032 ct
642 1992 686 2031 in
715 1991 888 2031 cerebro
912 2005 920 2030 :
944 1990 988 2029 in
1018 1990 1140 2030 corde
1173 1990 1408 2030 secundum
1439 1990 1682 2041 materiam;
1715 1992 1761 2032 in
1794 1995 1964 2035 cerebro
1994 1998 2230 2038 secundum

95 2061 293 2103 formam.
321 2061 429 2104 Nam
458 2076 483 2104 a
512 2063 636 2103 corde
668 2062 790 2114 quid,
823 2075 848 2102 a
875 2061 1045 2102 cerebro
1072 2062 1196 2114 quale
1222 2062 1515 2113 inveniamus,
1540 2063 1798 2105 habemus...
1834 2066 1947 2107 unde
1979 2067 2131 2109 dicitur
2154 2083 2163 2109 :
2186 2069 2226 2110 Si

94 2133 250 2175 videris
276 2134 457 2187 longum
486 2136 745 2188 sapientem,
777 2134 830 2174 da
859 2133 1040 2185 gloriam
1067 2133 1150 2173 Deo
1173 2145 1182 2172 ε
1204 2133 1306 2186 quia
1330 2134 1376 2173 in
1405 2146 1474 2184 eo,
1500 2146 1572 2174 cor
1602 2139 1816 2176 remotum
1844 2140 1904 2177 est
1927 2150 1951 2177 a
1973 2140 2164 2190 cerebro,
2189 2144 2230 2181 et

95 2205 316 2246 cerebrum
347 2218 435 2247 non
467 2210 602 2260 potest
632 2207 788 2246 habere
818 2204 1128 2246 adminiculum
1154 2217 1179 2244 a
1205 2204 1350 2255 corde,
1382 2207 1422 2245 et
1446 2217 1469 2245 e
1494 2217 1698 2246 converso
1725 2221 1733 2247 :
1759 2211 1799 2247 et
1827 2207 1920 2249 ideo
1951 2210 2151 2262 cogitatio
2183 2211 2228 2251 in

93 2275 223 2328 longo
244 2277 323 2317 erit
342 2277 432 2318 5106
453 2277 590 2318 forma
610 2280 823 2330 quantum
844 2276 897 2316 ad
919 2276 1160 2326 cerebrum,
1183 2275 1251 2316 vei
1274 2276 1363 2316 5106
1388 2276 1586 2327 materia,
1609 2281 1818 2329 quantum
1838 2279 1889 2320 ad
1911 2292 1996 2321 cor.
2020 2295 2038 2318 »
2059 2281 2123 2322 Ex
2143 2295 2228 2336 quo

93 2347 274 2389 ridiculo
293 2350 534 2389 commento
557 2348 753 2388 facillime
775 2351 981 2388 staturam
1003 2347 1191 2387 hominis
1209 2347 1342 2400 hujns
1362 2348 1719 2401 deprehendimus
1740 2365 1748 2391 z
1768 2363 1869 2391 nam
1897 2351 1931 2391 si
1953 2352 2112 2404 longus
2131 2367 2226 2396 raro

94 2418 259 2470 sapiens
287 2419 440 2460 idcirco
468 2423 552 2471 est,
582 2420 696 2472 quod
727 2421 818 2472 ejus
844 2431 917 2459 cor
947 2419 1075 2470 longe
1105 2418 1228 2459 distet
1253 2431 1278 2458 a
1302 2420 1494 2471 cerebro,
1527 2422 1617 2473 jam
1650 2421 1754 2463 illud
1781 2435 2041 2476 consequens
2074 2425 2144 2477 fit,
2178 2429 2226 2467 ut

94 2487 377 2542 Expositionis
406 2491 538 2544 hujus
565 2503 636 2531 cor
662 2494 749 2531 toto
775 2490 879 2531 coelo
909 2490 1072 2530 distarit
1097 2503 1122 2530 a
1143 2491 1330 2531 cerebro.
1355 2490 1472 2532 Adeo
1499 2493 1676 2533 stultum
1703 2493 1784 2535 hoc
1815 2497 1876 2535 est
1907 2499 2221 2548 commentum,

93 2563 142 2600 ut
162 2561 255 2602 sine
277 2562 454 2603 materia
476 2565 517 2603 et
537 2562 673 2603 forma
695 2562 926 2602 conflatum
948 2561 1157 2602 videatur.

146 2630 306 2673 Verum
327 2634 474 2687 peiora
492 2634 622 2674 habes
646 2635 690 2673 in
714 2632 976 2686 expositione
1002 2631 1156 2673 Psalmi
1175 2632 1297 2675 XLVI
1320 2649 1329 2675 z
1351 2635 1561 2687 Ascende,
1580 2636 1746 2689 inquit,
1770 2637 1912 2679 calve.-
1941 2653 1960 2677 «
1980 2638 2067 2680 Hoc
2090 2652 2222 2693 expo—

92 2703 210 2744 nitur
225 2704 276 2745 de
297 2704 449 2746 Elisaeo
465 2738 476 2756 ,
501 2705 575 2758 qui
590 2705 670 2746 fuit
689 2705 832 2746 calvus
851 2704 903 2744 ad
922 2704 1104 2744 litteram
1122 2719 1132 2755 3
1155 2705 1227 2745 sed
1246 2707 1475 2758 exponitur
1495 2707 1546 2748 de
1565 2708 1727 2749 Christo
1744 2742 1753 2759 ‚
1776 2710 1849 2762 qui
1869 2722 1958 2750 non
1978 2711 2057 2751 fuit
2074 2712 2222 2752 calvus

92 2775 144 2815 ad
159 2775 356 2817 litteram.
380 2776 584 2833 Dominus
604 2789 708 2829 ergo
724 2809 734 2828 ,
757 2777 830 2829 qui
850 2780 910 2817 est
930 2777 1117 2817 Christus
1132 2808 1141 2825 ,
1162 2776 1206 2816 iu
1227 2778 1429 2818 anteriori
1454 2781 1570 2831 parte
1593 2780 1764 2832 capillos
1782 2794 1868 2821 non
1889 2781 2060 2832 habuit,
2084 2783 2156 2823 sed
2176 2783 2220 2823 in

92 2848 328 2899 posteriori.
349 2847 456 2888 Nam
473 2848 519 2888 in
541 2848 742 2889 anteriori
763 2852 880 2902 parte
900 2848 1170 2902 decapillatus
1189 2852 1274 2900 est,
1296 2861 1381 2889 non
1401 2849 1446 2889 in
1466 2852 1703 2903 posteriori.
1732 2851 1838 2892 Nam
1858 2852 1878 2892 J
1883 2853 1993 2893 udaei
2016 2853 2068 2893 ab
2090 2866 2139 2894 60
2158 2866 2221 2894 re-

93 2922 333 2971 cesserunt,
355 2920 546 2972 quisunt
565 2920 750 2960 anterior
768 2920 950 2973 populus
974 2933 983 2962 t
1008 2924 1049 2961 et
1065 2921 1245 2972 gentiles
1264 2921 1301 2962 ei
1323 2921 1618 2974 adhaeserunt,
1642 2923 1715 2976 qui
1739 2926 1837 2964 sunt
1856 2924 2062 2976 posterior
2083 2937 2220 2978 popu-

91 2988 184 3040 lus;
205 2992 246 3030 et
264 2991 357 3031 ideo
374 2991 526 3032 dicitur
546 2992 706 3032 calvus.
728 3006 747 3029 »

145 3059 253 3110 Quid
270 3062 395 3103 modo
414 3062 539 3102 fac-ies
559 3063 608 3103 de
628 3062 708 3102 1100
727 3062 905 3103 ridiculo
926 3063 1075 3116 capite,
1097 3065 1190 3104 tum
1211 3064 1257 3103 in
1274 3065 1491 3115 auteriori,
1512 3067 1605 3106 tum
1628 3065 1672 3105 in
1692 3065 1911 3118 posteriori
1932 3071 2050 3120 parte
2067 3068 2217 3110 calvo?

92 3132 160 3172 cui
179 3145 279 3174 sane
300 3146 464 3187 semper
487 3134 715 3186 pulchrum
740 3134 819 3174 fuit
840 3134 882 3175 id
905 3147 1043 3186 genus
1068 3135 1287 3176 venditare
1308 3149 1464 3188 nugas.

144 3201 300 3245 Prodiit
319 3204 463 3245 Romae
478 3237 488 3256 ,
512 3207 616 3245 Δ1588
631 3237 640 3254 ,
662 3205 757 3245 111-8
773 3238 782 3256 ,
805 3205 932 3246 5101111
961 3218 1060 3246 01101
1085 3207 1369 3249 Heoeameron.

146 3273 333 3329 Itemque
352 3277 491 3317 lucem
510 3277 615 3317 vidit
632 3276 678 3316 in
697 3276 890 3317 Editione
910 3276 1222 3330 Opusculorum
1239 3279 1452 3320 Vaticana.

137 3370 245 3401 ¹Hz'st.
259 3371 357 3403 eccles
371 3396 382 3411 ,
402 3381 432 3404 0.
448 3379 551 3404 xxm.
566 3390 606 3395 ——
620 3373 634 3392 ²
646 3373 772 3406 Summ.
793 3373 881 3404 Hz'st.
902 3374 993 3405 Part.
1009 3375 1067 3414 Ill,
1087 3374 1137 3406 tit.
1157 3376 1276 3416 XXIV,
1298 3385 1327 3407 c.
1342 3383 1425 3417 vm,
1445 3375 1503 3408 fol.
1521 3383 1632 3408 CCL1V.

135 3429 182 3472 (a)
201 3430 293 3462 Edit.
314 3432 390 3464 Ven.
410 3432 628 3473 perspicacia.
641 3451 682 3456 —
697 3432 738 3473 (b)
759 3432 853 3465 Edit.
876 3433 950 3466 Ven.
972 3433 1059 3465 deest
1080 3435 1232 3475 quidem.
