2570 3986
1159 293 1336 335 SECTIO
1368 294 1417 334 ΙΙ.
2305 318 2343 345 L1

225 382 391 434 gorius;
414 384 589 424 tertium
609 395 709 423 vero
725 382 844 422 docet
863 381 1100 434 Dionysius.
1128 383 1355 424 Anselmus
1374 384 1565 436 sequitur
1582 386 1877 437 Augustinum
1894 403 1903 438 3
1926 388 2165 432 Bernarclus
2195 395 2341 446 sequi-

222 456 292 493 tur
318 452 592 506 Gregorium3
628 453 859 493 Richardus
886 454 1076 505 sequitur
1103 453 1351 507 Dionysium
1381 467 1390 494 :
1421 456 1521 507 quia
1544 457 1770 497 Anselmus
1797 459 1841 497 in
1869 459 2210 512 ratiocinatione,
2239 464 2343 507 Ber-

221 525 381 565 nardus
398 526 439 564 iu
460 525 770 577 praedicatione,
798 523 1026 564 {fichardus
1046 525 1091 564 in
1112 526 1476 578 contemplatione.
1497 526 1622 579 Hugo
1643 540 1745 568 vero
1763 530 1906 570 omnia
1924 531 2030 579 haec,
2051 533 2094 572 id
2114 538 2174 574 est
2196 548 2342 578 omnes

221 597 424 647 sequitur.
455 610 472 632 n
502 595 601 635 Haec
630 607 755 648 porro
780 595 969 634 affectata
1004 596 1228 648 propensio
1252 597 1297 636 in
1328 596 1555 648 Hugonein
1582 611 1606 637 a
1632 597 1673 639 S.
1695 598 1860 641 Victore
1890 603 1990 642 satis
2010 604 2178 656 indicat,
2201 606 2342 649 Victo-

220 666 362 705 rinum
381 678 468 706 esse
489 666 673 718 aliquem
697 666 953 706 (Iarionicum
970 665 1241 718 Regularem,
1268 669 1341 720 qui
1361 681 1488 708 suum
1514 681 1619 721 opus
1639 670 1690 710 ad
1711 670 1906 722 Hugonis
1926 673 2143 715 lucernam
2164 689 2340 731 compo—

219 738 366 777 suerit..
384 737 450 776 An
470 748 558 777 uon
577 736 787 786 fallamur,
812 737 1087 777 Eruditorum
1107 742 1193 779 esto
1213 739 1442 792 judicium.

1139 856 1426 883 OBSERVATIONS.

265 933 359 969 C'est
378 943 455 968 une
475 943 591 978 grave
611 933 774 969 autorite
795 944 871 980 que
892 933 986 970 celle
1015 934 1063 970 (15
1092 935 1302 981 Tritheme‚
1329 935 1541 971 attribuant
1565 947 1654 972 sans
1678 937 1862 975 difficulte
1889 943 1947 977 cet
1972 944 2159 989 opuscule
2188 948 2212 981 a
2240 947 2340 984 saint

215 999 495 1034 Bonaventure.
521 1000 589 1034 Les
609 998 898 1046 imperfections
925 999 973 1035 de
1000 999 1125 1036 forme
1148 1012 1199 1037 ou
1218 1001 1266 1037 de
1289 1001 1386 1048 style
1407 1001 1528 1049 qu'on
1547 1005 1640 1049 peut
1659 1014 1685 1050 y
1705 1007 1863 1041 trouver
1881 1011 2075 1053 prouvent
2093 1010 2340 1058 simplement

214 1073 290 1110 que
315 1063 351 1099 le
369 1064 467 1099 saint
492 1066 655 1100 Docteur
675 1065 803 1100 n’etait
823 1076 894 1112 pas
912 1068 1070 1112 partout
1091 1066 1178 1112 egal
1199 1069 1222 1102 a
1241 1067 1452 1103 lui-meme.
1487 1069 1613 1112 Quant
1634 1071 1656 1105 a
1676 1069 1835 1107 l'estime
1855 1074 1959 1109 toute
1978 1075 2224 1121 particuliere
2246 1079 2338 1126 qu’il

212 1128 339 1165 faisait
359 1130 427 1166 des
446 1141 637 1177 ouvrages
659 1131 853 1177 d'Hugues
873 1131 921 1167 de
943 1132 1211 1178 Saint-N'ictor,
1237 1133 1264 1168 il
1284 1133 1408 1179 suffit,
1430 1144 1532 1181 pour
1551 1135 1631 1171 s'en
1650 1136 1901 1183 conmittere,
1922 1139 1970 1175 de
1989 1141 2076 1176 voir
2094 1141 2133 1178 la
2152 1143 2340 1191 complai-

214 1205 328 1231 sance
348 1206 442 1232 avec
461 1196 631 1244 laquelle
658 1197 687 1233 il
715 1197 770 1234 les
789 1198 860 1234 cite
880 1208 1048 1245 presque
1069 1198 1410 1235 continuellement
1443 1199 1541 1236 dans
1569 1212 1641 1237 son
1661 1205 1938 1241 commentaire
1967 1217 2032 1242 sur
2059 1206 2115 1243 les
2134 1207 2250 1246 livres
2273 1210 2340 1247 des

215 1261 430 1298 sentences,

432 1419 483 1460 ΙΙ..
506 1420 744 1480 Βθεὶαναῐῖο
765 1422 1038 1462 terminorum
1062 1420 1303 1473 Tlieoloqioe.
1328 1421 1413 1461 Ine.
1441 1423 1711 1475 Omnipotens
1732 1425 1841 1468 Deus
1856 1426 1997 1479 Pater,
2018 1432 2096 1470 etc.

261 1546 408 1587 Brevis
425 1546 517 1586 haec
533 1550 594 1586 est
611 1558 780 1586 summa
800 1558 964 1596 eorum,
988 1558 1083 1599 quae
1098 1547 1260 1599 prolixe
1275 1547 1488 1601 disputata
1505 1554 1604 1590 sunt
1624 1551 1668 1590 in
1686 1552 1969 1606 Breviloqmo.
1988 1556 2042 1596 At
2055 1557 2207 1600 vitiosa
2224 1560 2338 1602 locu-

206 1618 279 1669 tio,
300 1618 346 1657 in
366 1630 496 1670 quam
512 1629 805 1670 saepenumero
824 1617 1097 1668 incurrimus,
1127 1630 1272 1658 ansani
1294 1618 1326 1659 N
1332 1620 1421 1660 obis
1441 1621 1625 1672 praebuit
1648 1622 1699 1663 ad
1717 1624 2035 1677 suspicandum,
2058 1641 2164 1669 num
2182 1643 2334 1672 verum

205 1689 272 1739 sit,
300 1701 355 1729 an
377 1689 529 1729 falsum
555 1688 866 1729 Bonaventurae
887 1688 1162 1742 opuseulum.
1187 1689 1325 1730 Semel
1357 1695 1483 1744 atque
1512 1693 1691 1743 iterum,
1715 1707 1763 1734 ac
1782 1695 2012 1738 identidem
2033 1700 2076 1739 in
2097 1700 2173 1741 has
2193 1702 2336 1744 minus

204 1760 354 1801 latinas
374 1760 545 1800 voculas
565 1760 820 1800 offendimus
842 1775 850 1801 ;
876 1760 1198 1802 Productionem
1217 1762 1561 1814 substantificam
1574 1779 1583 1814 3
1606 1767 1830 1808 essentiam
1848 1767 2047 1811 divinam
2069 1772 2184 1814 millo
2211 1774 2333 1817 modo

206 1833 487 1881 divisibilem,
508 1833 856 1885 componibz'lem;
880 1834 1011 1887 idque
1040 1846 1179 1887 genus
1200 1834 1379 1885 similia,
1406 1846 1502 1887 quae
1530 1848 1554 1875 a
1582 1834 1954 1881 Bonaventuriano
1987 1842 2152 1884 dicendi
2175 1857 2332 1896 genere

201 1904 450 1956 longissime
480 1905 647 1946 absunt.
683 1906 877 1947 Ceterum
911 1908 1029 1946 tanta
1056 1906 1100 1945 in
1120 1905 1201 1946 hoc
1230 1905 1443 1958 Opusculo
1476 1907 1671 1959 cognatio
1707 1908 1908 1952 doctrinae
1940 1914 2142 1964 cernitur,
2175 1920 2335 1969 quanta

203 1979 314 2017 certe
331 1976 376 2016 in
394 1976 598 2029 legitimis
619 1976 930 2018 Bonaventurae
953 1977 1161 2030 Operibus
1181 1989 1269 2017 esse
1293 1977 1472 2018 videtur.

1119 2095 1410 2122 OBSERVATIONS.

247 2173 295 2208 Le
314 2170 454 2207 besoin
477 2170 525 2206 de
545 2170 584 2206 la
601 2169 798 2217 precision
819 2181 841 2205 a
863 2171 1007 2217 pousse
1030 2171 1217 2217 peut-&tre
1243 2170 1343 2206 saint
1367 2172 1635 2208 Bonaventure
1663 2175 1686 2209 a
1705 2174 1908 2221 employer
1928 2186 1990 2212 ces
2010 2179 2150 2214 termes
2171 2181 2239 2228 qui
2258 2193 2331 2229 pa-

198 2237 360 2273 raissent
379 2239 403 2272 a
420 2239 530 2272 notre
545 2236 708 2283 critique
729 2235 935 2282 s'eloigner
955 2236 985 2271 si
1012 2237 1087 2272 sort
1109 2237 1157 2273 de
1178 2236 1217 2272 la
1237 2237 1408 2272 mamere
1436 2237 1648 2274 habituelle
1675 2239 1723 2275 de
1746 2240 1983 2287 s’exprimer.
2015 2247 2262 2283 Assurement
2281 2248 2330 2285 de

197 2288 377 2350 pareilles
395 2302 642 2350 expressions
661 2312 709 2337 ne
726 2305 813 2337 sont
829 2312 899 2349 pas
919 2301 1008 2348 plus
1025 2303 1202 2348 etranges
1223 2316 1298 2352 que
1318 2305 1354 2341 le
1374 2308 1456 2340 mot
1475 2306 1603 2340 alcetas
1623 2304 1718 2340 dont
1734 2305 1761 2340 il
1780 2306 1866 2342 s'est
1882 2308 1982 2344 servi
2002 2309 2100 2346 dans
2121 2322 2193 2348 son
2213 2314 2328 2350 Com-

199 2368 385 2404 mentaire
415 2379 480 2404 sur
504 2368 560 2404 les
580 2369 762 2404 Sentences
776 2396 785 2409 ‚
807 2367 878 2403 lib.
898 2369 924 2412 I,
947 2367 1034 2403 dist.
1057 2379 1109 2413 iv,
1133 2380 1171 2416 q.
1194 2380 1235 2414 11,
1259 2373 1347 2415 etc.,
1370 2373 1405 2406 et
1426 2371 1547 2418 qu'on
1567 2374 1746 2407 retrouve
1765 2383 1906 2410 encore
1927 2377 2056 2422 par-ci
2076 2378 2209 2425 par-la
2230 2379 2328 2416 dans

197 2444 256 2469 ses
288 2437 413 2469 autres
434 2434 567 2478 ecrits,
595 2432 692 2468 dans
721 2443 819 2468 ceux
857 2433 911 2468 du
936 2433 1064 2469 moins
1094 2445 1170 2481 que
1194 2434 1370 2471 l'ecliteur
1397 2436 1444 2472 de
1474 2437 1609 2472 Venise
1634 2438 1835 2475 considere
1862 2450 2014 2478 comme
2034 2443 2136 2479 551115
2162 2445 2327 2482 authen-

195 2499 333 2546 tiques.
356 2500 542 2536 Serait-ce
562 2498 665 2535 donc
684 2498 724 2534 la
741 2509 817 2534 une
839 2499 972 2534 raison
994 2499 1041 2534 de
1064 2501 1259 2547 revoquer
1279 2512 1324 2537 en
1347 2501 1465 2538 doute
1485 2503 1760 2541 l’authenticite
1781 2505 1829 2542 de
1849 2510 1942 2544 cette
1961 2509 2085 2555 partie
2104 2509 2152 2546 de
2172 2522 2232 2547 ses
2252 2523 2326 2549 ou-

193 2565 361 2611 vrages?
379 2565 518 2602 Memes
537 2564 806 2602 observations
827 2567 849 2600 a
867 2564 962 2601 faire
983 2575 1047 2600 sur
1073 2564 1233 2601 l’article
1253 2566 1419 2604 suivant.

484 2721 556 2763 III.
577 2724 634 2764 De
653 2722 719 2764 IV
742 2721 983 2764 Virtutibus
999 2722 1317 2765 Cardinalibus.
1340 2723 1425 2765 Ine.
1446 2725 1502 2767 De
1519 2730 1703 2778 quatuor
1721 2728 1968 2781 virtutibus,
1991 2734 2069 2773 etc.

244 2850 446 2892 Similiter
459 2853 750 2901 congeruntur
761 2849 832 2890 hic
847 2850 989 2891 omnia
1000 2850 1245 2902 acervatim,
1262 2863 1358 2904 quae
1374 2851 1642 2904 potissimum
1659 2852 1958 2896 Bonaventura
1973 2859 2067 2897 tum
2083 2858 2129 2899 in
2142 2858 2214 2902 lib.
2230 2862 2312 2914 III,

190 2922 325 2972 Seni„
342 2921 444 2963 dist.
462 2922 589 2962 XXX
589 2921 685 2971 111„
701 2924 793 2962 tum
812 2921 858 2961 in
877 2921 1162 2975 Breviloquic),
1179 2926 1286 2975 part.
1312 2922 1356 2972 V,
1381 2936 1471 2976 cap.
1494 2923 1580 2975 N,
1603 2925 1809 2966 disseruit.
1838 2926 1916 2967 Sed
1938 2928 2060 2980 plura
2081 2933 2312 2974 commixta

187 2996 288 3034 sunt
302 2994 522 3043 vocabula,
542 3005 639 3045 quae
656 2996 741 3033 toto
760 2992 876 3034 Latio
896 3007 921 3034 a
938 2992 1306 3034 Bonaventuriano
1327 2995 1434 3047 stylo
1449 2995 1757 3036 abludunt.Vix
1775 3001 1978 3050 praeterea
1996 3000 2090 3051 dici,
2113 3004 2310 3058 credique

185 3069 333 3118 potest,
355 3077 485 3118 quam
505 3064 640 3105 multa
659 3064 711 3105 ad
730 3077 935 3105 nauseam
953 3065 1153 3118 replicata
1179 3066 1262 3106 sint
1284 3066 1357 3115 ibi,
1381 3078 1477 3121 quae
1493 3067 1583 3119 jam
1603 3067 1706 3107 alias
1725 3067 1833 3108 dicta
1852 3070 2035 3112 fuerant.
2060 3072 2162 3122 Quis
2182 3088 2308 3128 porro

184 3137 344 3187 credat,
366 3135 709 3176 Bonaventuram
736 3137 903 3186 multis,
924 3136 1074 3189 hisque
1100 3137 1365 3189 gravissimis
1387 3137 1500 3178 curis
1519 3138 1749 3178 distentum
1768 3171 1778 3189 ,
1802 3142 1889 3180 tam
1908 3141 2152 3196 frequenter
2168 3159 2246 3188 sua
2265 3148 2310 3189 in

183 3219 320 3248 unum
337 3207 594 3248 contraxisse
613 3211 762 3259 opera?
780 3206 1017 3260 Utcumque
1030 3221 1096 3248 res
1115 3211 1258 3249 tamen
1271 3222 1315 3248 se
1333 3209 1497 3259 haheat,
1513 3209 1617 3249 illud
1637 3210 1812 3251 omnino
1832 3215 1994 3254 certum
2012 3218 2087 3267 est,
2110 3217 2150 3258 id
2171 3230 2309 3270 genus

183 3279 387 3330 opuscula
410 3280 604 3320 eamdem
626 3279 848 3331 complecti
867 3279 1118 3330 doctrinam,
1140 3292 1271 3332 quam
1289 3292 1389 3320 vere
1407 3280 1550 3320 docuit
1567 3279 1879 3323 Bonaventura.

1100 3396 1374 3424 OBSERVATIONS
1379 3415 1387 3423 .

228 3477 312 3512 Aux
328 3475 597 3512 observations
618 3475 666 3511 de
684 3474 843 3511 l'article
862 3474 1073 3522 precedent
1092 3476 1273 3522 ajoutons
1293 3475 1444 3512 celle-ci
1462 3489 1470 3512 :
1493 3477 1588 3521 Quel
1609 3480 1664 3514 est
1685 3478 1849 3516 l’auteur
1871 3482 1938 3529 qui
1958 3483 2054 3519 n’est
2071 3494 2143 3531 pas
2161 3486 2260 3533 qu'et
2279 3490 2303 3524 a

177 3551 217 3576 se
234 3542 404 3588 repeter,
430 3552 483 3577 ou
503 3541 571 3588 qui
590 3552 639 3576 ne
655 3552 695 3576 se
711 3543 786 3576 sert
805 3540 1169 3588 complaisamment
1189 3541 1282 3577 d'un
1301 3541 1439 3578 travail
1460 3542 1548 3589 deja
1567 3543 1656 3589 fait,
1677 3548 1828 3582 surtout
1846 3546 1876 3582 si
1897 3558 1939 3584 ce
1958 3549 2095 3585 travail
2115 3561 2139 3586 a
2157 3552 2215 3588 ete
2233 3551 2302 3590 fait

174 3616 246 3653 par
269 3605 483 3651 lui-meme,
500 3611 537 3643 et
554 3606 649 3653 qu'il
667 3616 840 3653 manque
859 3605 908 3642 de
926 3605 1036 3643 loisir
1054 3617 1157 3654 pour
1175 3616 1225 3643 en
1241 3605 1336 3643 faire
1354 3617 1409 3643 un
1428 3610 1639 3645 nouveau?
