2613 3990
46 2626 90 2654 Ad
106 2635 153 2663 op-

15 2677 75 2704 ρος.

650 360 900 404 DISTINCT.
929 359 1031 400 VIII.
1064 358 1217 399 PART.
1251 357 1281 398 Ι.
1312 357 1431 398 ART.
1464 356 1514 396 11.
1546 354 1742 405 QUAEST.
1776 355 1824 394 II.

174 455 225 496 de
255 454 358 505 Deo,
379 454 493 507 quod
519 453 630 496 solus
660 452 780 494 habet
815 448 1192 492 immortalitatem.

174 525 226 567 Et
244 526 538 578 Augustinus¹
559 525 657 565 dicit
692 526 838 565 contra
873 522 1193 563 Maximinum.-

178 613 196 636 α
216 597 266 638 111
294 597 412 638 omni
441 599 594 637 natura
624 593 818 635 mutabili
849 593 1055 633 nonnulla
1080 604 1195 632 mors

172 671 233 710 est
252 669 341 722 ipsa
361 669 554 709 mutatio.
573 682 590 705 11
616 666 743 718 Ergo,
766 665 800 704 si
816 665 930 705 501115
946 663 1054 704 Deus
1071 663 1197 703 habet

170 740 529 782 immortalitatem
544 770 554 789 ,
584 737 698 778 solus
723 736 849 777 habet
874 735 1196 776 immutabilita-

171 816 270 854 tem.

226 883 353 934 Item,
385 893 509 923 omne
549 879 742 922 vertibile
774 881 836 919 est
866 877 1101 918 mutabile:
1125 877 1195 918 sed

171 955 309 996 omnis
333 955 523 995 creatura
555 954 617 992 051
638 950 869 1001 vertibilis;
891 950 1004 990 unde
1022 950 1195 990 Damas-

171 1031 322 1067 0οΠυεῖ
344 1040 353 1066 z
380 1040 398 1064 (ι
418 1023 551 1066 Omne
582 1023 695 1076 quod
714 1035 738 1063 a
753 1022 946 1063 versione
969 1022 1130 1075 incipit,
1152 1022 1195 1062 in

170 1097 409 1138 versionem
428 1095 574 1146 tendit,
587 1109 605 1131 1)
630 1096 707 1135 010.

224 1169 328 1210 Item
344 1201 354 1220 ,
374 1179 498 1209 omne
520 1166 633 1220 quod
647 1199 657 1218 ,
679 1166 757 1207 sibi
776 1166 984 1217 relictum,
1008 1166 1051 1206 in
1081 1165 1194 1205 nihi-

170 1242 261 1282 lum
277 1240 397 1291 cedit,
422 1242 630 1292 quantum
648 1242 709 1279 est
728 1239 778 1279 de
799 1251 862 1287 se,
883 1240 944 1278 est
967 1238 1192 1279 mutabile:

170 1313 240 1353 sed
275 1311 414 1352 omnis
446 1313 639 1351 creatura
681 1314 741 1350 est
773 1310 1048 1362 hujusmodi3
1084 1310 1195 1350 unde

171 1383 399 1435 Gregorius
435 1385 448 1406 3
481 1396 508 1423 ε,
531 1396 550 1420 ε(
580 1381 737 1422 Cuncta
769 1380 811 1420 in
836 1380 1019 1420 nihilum
1049 1380 1195 1421 tende-

169 1457 276 1506 rent,
298 1454 382 1494 nisi
405 1465 559 1494 manus
580 1452 811 1494 Conditoris
841 1464 890 1492 ea
913 1451 1112 1492 retineret
1137 1466 1145 1492 ε
1171 1467 1189 1488 1)

170 1538 288 1578 ergo,
307 1529 386 1566 etc.

223 1597 344 1647 Item,
364 1597 533 1638 nullum
551 1596 741 1637 accidens
761 1596 812 1636 de
831 1607 874 1636 se
891 1595 1017 1636 hahet
1036 1595 1195 1635 stabili-

169 1673 298 1711 tatem
319 1683 327 1710 :
347 1668 418 1709 sed
433 1680 522 1709 esse
541 1667 660 1708 omni
679 1669 882 1707 creaturae
906 1666 1068 1717 accidit,
1091 1667 1197 1707 sicut

169 1742 265 1783 dicit
286 1740 475 1782 Hilarius
490 1743 518 1791 ⁶,
536 1742 576 1780 et
594 1739 774 1781 habetur
794 1738 839 1778 in
857 1738 1008 1788 littera,
1025 1738 1125 1792 quia
1143 1739 1196 1779 ab

169 1814 250 1854 alio
278 1812 423 1854 venit:
447 1823 550 1864 ergo
581 1811 721 1851 omnis
750 1812 962 1862 creatura,
985 1814 1195 1863 quantum

170 1885 222 1926 ad
238 1896 341 1935 esse,
363 1886 425 1924 est
443 1883 660 1923 instabilis.

226 1956 352 2007 Item,
375 1967 500 1996 omne
521 1966 683 1996 vanum
712 1956 772 1995 051
794 1954 1032 2007 subiectum
1052 1954 1195 1995 varia-

170 2028 345 2069 bilitati:
371 2027 442 2068 sed
472 2027 610 2068 omnis
641 2029 832 2067 creatura
860 2038 997 2077 vana,
1020 2038 1118 2066 cum
1145 2026 1197 2066 sit

171 2113 224 2141 ex
242 2099 398 2149 nihilo;
420 2098 533 2139 unde
553 2097 727 2138 dicitur5
750 2113 758 2138 ε
785 2097 983 2140 Vanitati
1009 2098 1196 2150 subjecta

171 2175 231 2214 est
264 2176 473 2219 creatura,
503 2172 580 2210 etc.
610 2169 743 2222 Ergo,
776 2170 811 2210 si
839 2170 977 2210 omnis
1005 2173 1196 2211 creatura

171 2256 293 2294 vana,
316 2242 433 2283 nulla
450 2241 730 2282 immutabilis
748 2245 823 2282 est.

222 2314 344 2365 Item,
362 2326 487 2355 omne
507 2316 720 2354 mutatum
742 2313 868 2354 habet
884 2313 928 2353 in
948 2325 992 2354 se
1010 2314 1196 2354 mutabi-

170 2387 333 2427 litatem
355 2401 363 2426 :
394 2385 466 2426 sed
483 2385 621 2426 omnis
637 2388 830 2426 creatura
847 2385 954 2425 facta
973 2389 1033 2426 est
1057 2398 1067 2425 :
1093 2398 1196 2438 ergo

172 2457 310 2498 omnis
339 2459 532 2498 creatura
563 2459 725 2497 mutata
746 2471 755 2497 ε
777 2469 880 2509 ergo
899 2457 1018 2498 nulla
1037 2457 1196 2498 inimu—

172 2529 321 2570 tabilis.

226 2600 401 2642 Contra:
425 2603 462 2641 1.
485 2600 807 2642 Immutabilitas
826 2613 913 2641 non
939 2601 1090 2641 dicitur
1118 2601 1197 2641 nisi

171 2673 388 2726 tripliciter
405 2688 414 2724 3
448 2673 601 2713 dicitur
620 2672 733 2713 enim
753 2672 1072 2713 immutabilitas
1091 2704 1101 2722 ,
1126 2676 1200 2713 3111

171 2744 471 2786 invariabilitas
485 2776 496 2794 ,
527 2747 602 2784 aut
619 2744 997 2797 incorruptibilitas
1015 2776 1024 2793 ,
1046 2747 1121 2784 aut
1137 2745 1200 2784 in-

171 2813 433 2855 vertibilitas.
464 2801 708 2855 ¹Ostenditur
734 2816 900 2863 autem,
930 2813 1044 2866 quod
1072 2814 1199 2854 inva-

171 2885 372 2926 riabilitas
405 2884 628 2926 conveniat
653 2884 882 2936 creaturis,
905 2887 1050 2938 utpote
1078 2885 1199 2938 prin-

173 2957 319 3010 cipiiS;
346 2969 447 2997 nam
477 2956 749 3008 Augustinus
771 2956 784 2977 6
804 2956 985 2997 ostendit
1014 2957 1059 2996 in
1095 2957 1200 2998 duo-

174 3027 334 3069 decimo
366 3028 474 3069 libro
515 3028 858 3079 Confessionum,
880 3028 993 3081 quod
1025 3029 1202 3069 materia

175 3099 366 3139 informis
399 3102 461 3140 est
493 3099 781 3149 invariabilis,
811 3099 911 3152 quia
946 3100 1059 3153 quod
1091 3103 1203 3141 caret

176 3169 310 3211 forma
325 3202 337 3221 ,
359 3173 471 3212 caret
500 3171 646 3212 ordine
667 3185 676 3210 :
700 3173 741 3210 et
762 3171 875 3223 quod
905 3169 1021 3212 caret
1037 3171 1199 3220 ordine,

177 3243 290 3281 caret
306 3241 616 3283 vicissitudine:
636 3254 741 3294 ergo
758 3241 1006 3283 variatione.
1023 3241 1201 3282 Auctor⁷

177 3317 319 3354 autem
341 3315 422 3358 Sea:
434 3318 749 3370 principiorum
769 3316 867 3357 dicit
881 3316 960 3357 hoc
979 3317 1030 3357 de
1049 3317 1199 3365 forma,

178 3385 290 3438 quod
307 3389 368 3426 est
394 3387 436 3427 in
461 3388 641 3442 simplici
673 3391 714 3430 et
741 3387 984 3429 invariabili
1014 3387 1204 3429 Essentia

179 3456 422 3498 consistens.

224 3540 347 3580 1Aug.,
370 3539 463 3571 Cont.
477 3542 668 3582 Maximin„
679 3542 738 3573 lib.
756 3543 782 3574 11
806 3541 868 3581 (al.
888 3542 961 3583 ΙΙΙ),
983 3551 1011 3573 c.
1028 3550 1098 3583 ΧΠ,
1120 3546 1201 3575 112.

179 3588 305 3619 ²Joan.
327 3588 541 3629 Damascen.,
566 3589 604 3620 de
622 3590 750 3621 orthod.
780 3589 857 3631 fide,
887 3589 945 3620 lib.
971 3591 1003 3630 1,
1026 3599 1054 3622 0.
1085 3598 1136 3622 111.
1164 3609 1199 3613 —

181 3635 194 3657 ³
213 3636 327 3676 Greg.,
342 3635 464 3666 Μοναί.
478 3635 537 3667 lib.
556 3638 642 3678 XVI,
655 3648 685 3670 0.
700 3646 845 3670 xv¹11.—
857 3637 998 3677 bililar„
1011 3637 1049 3668 de
1070 3638 1202 3677 Trinit„

181 3683 239 3716 lib.
254 3684 327 3715 Vll.
342 3701 382 3707 —
398 3684 524 3723 ⁵Rom„
545 3692 620 3726 vul,
638 3687 668 3717 8.
683 3702 722 3709 -
740 3687 752 3706 θ
769 3687 868 3726 Aug„
891 3685 1036 3726 Confess.
1056 3685 1114 3718 lib.
1130 3686 1202 3728 XII,

2220 357 2291 394 153

1328 449 1367 487 Ξ.
1390 445 1516 496 Item,
1538 444 1705 486 videtur
1732 444 1845 497 quod
1872 443 2175 485 invariabilitas
2193 456 2294 484 con-

1274 518 1415 559 veniat
1439 517 1596 567 heatis;
1628 516 1729 569 quia
1752 516 1825 556 ubi
1853 515 2033 568 perfecta
2065 515 2292 563 beatitudo,

1268 590 1328 630 ibi
1361 590 1475 630 nulla
1504 588 1731 642 deperditio
1753 600 1762 628 ε
1795 591 1835 628 01
1855 588 1928 628 11111
1946 587 2040 627 haec
2055 619 2064 637 ,
2085 586 2201 627 nulla
2220 599 2295 627 va-

1272 661 1397 701 riatio
1419 662 1493 701 est.

1323 736 1360 773 3.
1396 732 1500 772 Item
1519 763 1526 782 ,
1556 731 1734 773 variatio
1763 730 2013 778 attenditur,
2054 728 2162 769 sicut
2198 729 2297 769 dicit

1269 805 1534 858 Augustinus
1547 805 1560 826 ⁸
1574 815 1697 856 super
1719 805 1909 846 Genesim
1929 802 1985 845 acl
2001 802 2206 853 litteram,
2224 804 2297 842 aut

1269 876 1502 917 secundum
1529 876 1670 916 Iocum
1687 908 1697 926 ,
1720 879 1794 916 aut
1818 875 2055 916 secundum
2087 877 2255 926 tempus
2283 885 2292 913 :

1270 948 1341 988 sed
1362 948 1504 1000 aliqua
1532 949 1723 988 creatura
1754 950 1867 987 caret
1896 946 2174 987 determinato
2203 945 2294 985 loco

1270 1023 1310 1060 et.
1332 1022 1534 1072 ternpore,
1559 1021 1607 1058 ut
1633 1019 1893 1069 universale,
1926 1018 2038 1071 quod
2056 1021 2117 1058 est
2132 1029 2297 1069 semper

1271 1094 1310 1131 et
1336 1091 1515 1144 ubique,
1548 1093 1587 1131 et
1613 1090 1769 1131 coelum
1799 1102 2050 1143 empyreum
2067 1121 2077 1140 ,
2104 1088 2216 1141 quod
2234 1092 2295 1129 est

1270 1168 1390 1206 extra
1405 1169 1574 1218 tempus
1590 1168 1630 1206 et
1649 1165 1787 1206 Iocum
1809 1180 1818 1206 ε
1843 1177 1961 1217 ergo,
1981 1167 2059 1205 etc.

1323 1240 1362 1277 4.
1389 1237 1518 1287 Item,
1551 1237 1586 1277 si
1616 1237 1935 1278 immutabilitas
1961 1236 2125 1277 dicatur
2156 1235 2295 1275 incor-

1270 1308 1545 1361 ruptibilitas,
1580 1308 1692 1349 idem
1727 1309 1989 1358 ostenditur,
2029 1319 2130 1347 nam
2162 1306 2299 1347 omnis

1269 1380 1483 1432 corruptio
1518 1380 1726 1420 naturalis
1757 1381 1875 1420 venit
1899 1391 1953 1420 ex
1978 1377 2296 1429 contrarietate,

1269 1450 1375 1490 sicut
1395 1450 1491 1490 dicit
1511 1450 1791 1503 Philosophus
1810 1451 1823 1472 ⁹
1841 1451 1886 1490 in
1904 1450 2012 1490 libro
2036 1449 2086 1491 cle
2114 1449 2244 1492 Morte
2263 1454 2299 1491 et

1275 1522 1378 1564 Vita
1391 1536 1406 1563 .·
1419 1522 1489 1562 sed
1516 1521 1662 1562 multae
1683 1525 1886 1562 creaturae
1907 1525 2049 1561 carent
2068 1520 2300 1561 contrarie-

1268 1595 1352 1633 tate
1374 1605 1384 1632 :
1408 1604 1511 1644 ergo
1531 1596 1571 1633 et
1590 1593 1953 1646 corruptibilitate.

1323 1665 1361 1702 5.
1397 1662 1525 1712 Item,
1555 1663 1694 1703 omnis
1727 1664 1941 1716 corruptio
1969 1666 2030 1704 est.
2060 1663 2105 1703 in
2137 1663 2296 1716 aliquid

1269 1734 1386 1787 prius
1407 1747 1450 1775 se
1464 1766 1473 1784 ,
1499 1734 1599 1788 quia
1617 1735 1834 1788 corruptio
1851 1735 2056 1776 naturalis
2075 1735 2120 1775 in
2140 1735 2298 1788 aliquid

1269 1808 1330 1846 est
1351 1818 1360 1846 :
1383 1806 1454 1847 sed
1474 1806 1682 1859 principia
1701 1819 1788 1847 non
1806 1807 1964 1847 habent
1982 1807 2144 1860 aliquid
2164 1807 2296 1860 prius,

1268 1879 1413 1930 utpote
1442 1878 1620 1918 materia
1648 1892 1656 1918 :
1684 1890 1788 1930 ergo
1813 1881 1912 1918 sunt
1944 1877 2296 1931 incorruptibilia.

1323 1951 1361 1988 6.
1385 1948 1488 1990 Item
1502 1982 1512 2000 ,
1535 1962 1660 1990 omne
1677 1952 1933 2002 perpetuum
1951 1953 2012 1990 est
2034 1950 2298 2003 incorrupti-

1270 2020 1352 2060 bile
1377 2035 1384 2060 :
1406 2021 1476 2061 sed
1497 2021 1640 2074 aliqua
1660 2024 1852 2062 creatura
1869 2021 2118 2061 naturaliter
2133 2024 2193 2061 est
2209 2033 2301 2074 per-

1270 2098 1397 2147 petua
1422 2110 1429 2136 :
1454 2108 1572 2148 ergo,
1595 2099 1672 2136 etc.
1698 2095 1833 2136 Minor
1855 2096 2025 2149 probari
2052 2099 2186 2149 potest
2205 2097 2263 2137 510
2288 2111 2296 2137 :

1270 2165 1532 2219 Perpetuitas
1563 2171 1624 2208 est
1657 2167 1706 2208 de
1737 2168 1898 2208 ratione
1925 2168 2149 2220 imaginis;
2185 2168 2298 2208 unde
2337 2208 2340 2213 ,

1269 2238 1538 2291 Augustinus
1559 2244 1588 2264 1⁰
1610 2254 1617 2280 :
1641 2238 1769 2280 «Non
1788 2242 1894 2280 esset
1913 2240 2056 2280 anima
2073 2240 2216 2292 imago
2230 2272 2240 2290 ,
2266 2240 2300 2280 51

1269 2311 1419 2350 mortis
1450 2311 1633 2351 termino
1663 2311 1931 2352 clauderetur
1967 2324 1976 2352 :
2009 2326 2028 2348 »
2066 2324 2162 2352 cum
2196 2323 2300 2363 ergo

1270 2382 1416 2422 anima
1444 2383 1648 2422 naturalis
1678 2383 1730 2422 sit
1758 2383 1928 2434 imago,
1960 2395 2064 2435 ergo
2095 2383 2298 2424 naturali-

1269 2457 1333 2494 ter
1354 2458 1414 2495 est
1433 2454 1706 2505 immortalis,
1728 2454 1817 2495 sive
1835 2457 2054 2507 perpetua.

1326 2529 1365 2566 7.
1389 2525 1515 2575 Item,
1543 2526 1779 2566 ostenditur
1803 2526 1916 2578 quod
1943 2529 2134 2566 creatura
2156 2526 2208 2566 sit
2236 2527 2299 2566 in-

1271 2597 1497 2648 vertibilis,
1521 2597 1579 2637 sic
1600 2612 1608 2637 :
1627 2596 1883 2638 Vertibilitas
1911 2600 1973 2638 est
1999 2597 2044 2637 in
2065 2610 2152 2638 non
2174 2610 2262 2638 esse
2288 2613 2296 2638 :

1273 2668 1343 2709 sed
1363 2668 1471 2708 nihil
1490 2671 1551 2708 est
1569 2668 1683 2721 quod
1711 2672 1949 2709 creaturam
1971 2669 2156 2721 aliquam
2175 2669 2304 2721 possit

1275 2743 1439 2781 vertere
1456 2740 1500 2780 in
1518 2752 1604 2780 non
1627 2752 1715 2781 esse
1736 2752 1746 2780 z
1769 2740 1870 2793 quia
1889 2753 1914 2780 a
1932 2753 1974 2781 50
1993 2753 2080 2781 11011
2101 2741 2300 2791 vertitur,

1275 2824 1374 2853 cum
1395 2812 1504 2852 nihil
1531 2824 1575 2852 se
1603 2815 1870 2865 corrumpat3
1898 2813 1950 2852 ab
1970 2812 2051 2852 alio
2072 2824 2158 2852 non
2172 2844 2182 2862 ,
2204 2812 2304 2865 quia

1275 2883 1382 2924 actio
1405 2886 1609 2924 creaturae
1633 2884 1677 2924 in
1704 2884 1745 2924 id
1774 2883 2028 2924 terminatur
2054 2895 2108 2923 ex
2128 2895 2213 2936 quo
2235 2884 2303 2924 in-

1277 2955 1377 3008 cipit
1394 2970 1403 2996 :
1420 2955 1489 2996 sed
1509 2955 1670 2996 nullius
1691 2958 1896 2995 creaturae
1916 2955 2023 2995 actio
2043 2955 2189 3008 incipit
2207 2958 2304 2996 ante

1277 3038 1365 3067 0550
1387 3039 1396 3067 :
1420 3039 1523 3079 ergo
1539 3060 1548 3075 ,
1570 3030 1647 3068 etc.
1668 3027 1877 3067 Praeterea
1893 3058 1903 3075 ,
1927 3026 2121 3067 distantia
2138 3027 2304 3067 infinIta

1278 3102 1339 3139 est
1366 3099 1475 3139 inter
1502 3111 1591 3139 esse
1618 3102 1822 3139 creaturae
1837 3130 1847 3149 ,
1871 3100 1911 3138 et
1937 3098 2047 3138 nihil
2070 3113 2078 3139 :
2102 3099 2173 3139 sed
2196 3099 2305 3139 inter

1278 3172 1468 3210 extrema
1497 3170 1544 3210 in
1572 3170 1790 3210 infinitum
1817 3169 2034 3219 distantia,
2060 3181 2148 3210 non
2170 3172 2307 3223 potest

1278 3242 1369 3283 fieri
1403 3242 1582 3283 mutatio
1615 3254 1690 3294 per
1723 3241 1926 3282 virtutem
1958 3241 2124 3282 finitam
2154 3256 2162 3282 :
2195 3254 2298 3294 ergo

1278 3314 1384 3354 nihil
1412 3316 1546 3367 potest
1583 3314 1727 3354 cedere
1758 3314 1802 3353 in
1830 3313 1936 3354 nihil
1956 3345 1966 3364 ,
2004 3314 2087 3355 nisi
2129 3314 2211 3355 Deo
2240 3315 2304 3354 fa-

1278 3387 1426 3427 ciente.

1333 3460 1373 3497 8.
1407 3456 1535 3508 Item,
1565 3458 1817 3499 vertibilitas
1848 3459 2001 3500 dieitur
2025 3470 2101 3511 per
2123 3469 2303 3509 corrup-

1279 3551 1308 3572 c.
1327 3547 1413 3580 xm,
1433 3547 1468 3569 n.
1486 3540 1536 3569 16.
1562 3557 1597 3562 -
1617 3541 1630 3562 ⁷
1645 3541 1784 3573 Gilbert.
1807 3543 1953 3582 Porret„
1974 3541 2034 3572 lib.
2055 3541 2120 3571 Sex
2145 3539 2304 3579 princip„

1279 3599 1308 3620 c.
1323 3595 1384 3619 vu.
1404 3604 1440 3608 —
1461 3585 1474 3607 ⁸
1494 3587 1647 3629 August„
1667 3588 1706 3620 de
1725 3589 1804 3622 Gen.
1833 3589 1877 3621 acl
1893 3589 1975 3628 litt„
1995 3588 2052 3619 lib.
2074 3588 2163 3627 VIII,
2184 3596 2213 3618 c.
2234 3595 2303 3628 xx,

1278 3647 1313 3668 n.
1332 3633 1458 3667 39.—⁹
1480 3634 1594 3676 Arist„
1615 3636 1673 3668 Iib.
1694 3636 1733 3667 de
1749 3639 1854 3668 morte
1872 3639 1903 3668 et
1921 3637 2009 3675 vita,
2037 3645 2067 3667 c.
2093 3644 2161 3667 1.—·
2181 3636 2209 3657 ¹⁰
2233 3636 2302 3668 Au-

1278 3687 1384 3727 gust„
1403 3682 1441 3714 de
1460 3681 1594 3724 Trz'mt„
1614 3684 1673 3716 lib.
1694 3685 1782 3725 XIV,
1807 3694 1835 3716 0.
1852 3693 1899 3725 iv,
1920 3693 1955 3716 n.
1971 3686 2001 3716 6.
