2613 3990
47 2016 164 2044 Divisio.

1056 333 1308 375 DICTINCT.
1334 333 1421 376 Vll.

2223 336 2298 374 127

179 425 414 485 potentiam
437 440 525 485 qna
552 425 681 469 Pater
708 427 857 483 potens
887 427 950 465 est
967 422 1162 480 gIgnere,
1185 428 1226 466 et
1245 423 1376 466 aliam
1395 436 1482 481 qua
1501 421 1639 465 Filius
1660 426 1810 481 potens
1831 425 1893 464 est
1910 420 2054 478 gigni,
2077 421 2209 464 falsus
2235 427 2296 465 est

178 502 423 546 intellectus
439 519 449 559 3
485 502 520 546 si
547 507 692 546 autem
715 499 856 555 dicas,
887 499 1062 543 Patrem
1091 514 1213 558 posse
1240 499 1399 543 habere
1429 498 1560 542 aliam
1580 498 1915 557 proprietatem,
1937 497 2027 540 sive
2054 497 2299 553 notionem,

177 595 266 639 qua
297 579 469 638 genitor
500 584 588 635 est,
611 583 653 622 et
682 577 846 620 Filium
881 577 1012 620 aliam
1043 592 1131 635 qua
1157 577 1329 635 genitus
1361 582 1449 632 est,
1481 590 1610 619 verus
1630 581 1692 619 est
1711 575 1971 619 intellectus.
1996 574 2144 618 Aliam
2182 574 2301 618 enim

178 656 306 701 habet
326 657 454 701 Pater
473 655 779 716 proprietatem
800 669 890 713 qua
908 659 1028 712 pater
1048 659 1124 709 est,
1148 654 1279 697 aliam
1300 654 1439 697 Filius
1458 669 1546 712 qua
1565 653 1684 696 filius
1704 658 1780 696 est.

234 734 299 778 Ita
318 734 448 778 etiam
467 749 566 777 cum
585 731 760 787 dicitur,
783 731 923 775 Filius
943 746 1031 775 non
1058 731 1187 775 habet
1207 731 1460 791 potentiam
1481 729 1722 790 qeneramli
1742 745 1874 789 qnam
1896 731 2031 773 Pater
2054 728 2201 783 habet,
2225 728 2305 772 du·
2339 742 2461 774 Quomo-

177 811 345 871 pliciter
374 810 562 868 intelligi
592 814 745 868 potest.
781 808 827 853 Si
847 809 965 853 enim
984 808 1153 853 dicatur
1176 826 1184 853 :
1208 810 1347 854 Filius
1368 824 1454 853 non
1473 807 1605 852 lzabet
1622 808 1869 867 potentiam
1890 806 2140 867 qeneranclt'
2172 822 2304 865 quam
2325 783 2465 860 dagge-21-

179 897 220 933 εἰ
236 891 385 943 Pater,
409 887 568 932 scilicet
587 902 675 946 qua
691 891 844 946 potens
863 886 917 929 sit
936 886 988 930 ad
1007 887 1325 944 generandum,
1346 886 1392 930 id
1423 891 1483 930 est
1500 921 1510 942 ,
1545 890 1594 929 ut
1613 885 1813 943 genuerit
1833 885 1903 929 vel
1923 890 1972 928 ut
1991 889 2168 943 generet
2197 884 2308 928 sicut
2334 867 2465 935 ᾱῗῖἷῖῑῗζ

179 967 322 1022 Pater,
343 980 498 1011 verum
517 968 606 1020 est3
628 963 664 1007 si
694 978 797 1007 vero
828 963 1100 1021 intelligatur
1118 964 1200 1022 sic,
1228 982 1249 1006 «
1268 964 1365 1009 Non
1385 964 1514 1008 habet
1544 962 1780 1022 potentiam
1809 977 1897 1022 qua
1914 962 2046 1021 possit
2066 961 2211 1020 gigni,
2237 961 2306 1005 vel
2336 1000 2351 1018 v

179 1043 351 1101 genitus
370 1057 459 1086 esse
476 1076 487 1098 ,
508 1057 596 1101 qua
615 1040 764 1084 eadem
785 1040 914 1084 Pater
934 1045 1085 1099 potens
1106 1047 1167 1085 est
1187 1047 1236 1085 ut
1255 1041 1455 1100 genuerit
1484 1040 1554 1084 vel
1582 1045 1631 1083 ut
1658 1044 1850 1097 generet,
1879 1056 1901 1081 >³
1929 1038 2091 1083 salsum
2124 1044 2202 1083 est,
2235 1038 2305 1082 Si-

181 1126 254 1165 cut
276 1119 327 1173 (a)
348 1119 507 1164 dicitur
526 1135 535 1162 ε
557 1136 578 1161 ((
597 1119 725 1162 Pater
745 1117 876 1162 habet
896 1118 1133 1177 potentiam
1153 1134 1241 1178 qua
1259 1124 1397 1178 potest
1417 1133 1505 1162 esse
1525 1123 1667 1177 pater3
1690 1117 1831 1160 Filius
1851 1131 1954 1160 vero
1976 1131 2065 1159 non
2086 1116 2214 1159 habet
2229 1131 2305 1175 po-

182 1197 361 1241 tentiam
375 1212 464 1256 qua
476 1196 608 1255 possit
623 1211 711 1240 esse
726 1202 846 1255 pater
859 1213 868 1251 ;
884 1201 924 1239 et
937 1212 956 1239 e
969 1211 1196 1240 converso:
1211 1196 1350 1240 Filius
1364 1195 1493 1239 habet
1506 1194 1741 1254 potentiam
1755 1199 1985 1254 quapotest
1998 1208 2085 1237 esse
2097 1193 2216 1236 filius
2232 1193 2303 1252 (ωε

182 1274 310 1318 habet
345 1288 447 1332 ergo
476 1273 672 1333 aliquam
691 1273 836 1330 Pater,
859 1289 992 1332 quam
1011 1289 1099 1317 non
1119 1273 1249 1317 habet
1266 1274 1421 1329 Filius,
1443 1278 1485 1317 et
1503 1288 1524 1316 e
1544 1287 1765 1316 converso.
1789 1289 1810 1312 »
1841 1271 1990 1328 Absit3
2027 1270 2131 1330 quia
2156 1270 2309 1313 eadem

184 1357 247 1396 est
263 1351 459 1412 potentia
478 1351 637 1406 Patris,
661 1367 748 1410 qua
767 1356 906 1410 potest
926 1366 1014 1396 esse
1034 1356 1171 1411 pater,
1194 1356 1236 1395 et
1254 1351 1371 1406 Filii,
1395 1366 1482 1409 qua
1501 1355 1638 1409 potest
1658 1364 1747 1393 esse
1767 1348 1901 1392 filius.
1923 1349 1987 1392 lta
2008 1348 2139 1392 etiam
2160 1348 2310 1392 eadem

184 1434 247 1474 est
264 1429 468 1474 voluntas
486 1421 575 1489 qua
593 1429 722 1472 Pater
742 1428 839 1472 vult
862 1444 951 1472 esse
972 1434 1108 1488 pater,
1130 1444 1219 1472 non
1250 1428 1393 1484 filius,
1416 1433 1457 1472 et
1475 1428 1614 1471 Filius
1634 1427 1729 1471 vult
1748 1442 1837 1471 esse
1869 1426 1988 1469 filius
2006 1461 2016 1482 ,
2039 1441 2128 1469 non
2155 1430 2276 1485 pater
2297 1441 2306 1468 :

185 1511 227 1550 et
247 1505 396 1551 eadem
430 1511 493 1550 est
524 1506 728 1551 voluntas
760 1505 886 1561 Filii,
910 1521 998 1565 qua
1025 1506 1123 1549 vult
1151 1521 1240 1550 esse
1259 1505 1449 1563 genitUS,
1472 1510 1513 1548 et
1531 1505 1705 1549 Patrem
1726 1503 1955 1561 genuisse3
1981 1508 2023 1547 et
2041 1503 2204 1560 Patris,
2225 1518 2313 1562 qua

185 1585 282 1630 vult
298 1599 386 1630 esse
405 1584 592 1643 genitor,
617 1589 659 1629 et
682 1583 847 1628 Filium
865 1583 1066 1641 genitum
1089 1598 1194 1628 esse.

411 1780 728 1823 EXPOSITIO
756 1779 1006 1821 TEXTUS.

193 1877 254 1910 Hie
273 1876 359 1910 solet
378 1877 483 1919 quaeri
507 1886 527 1908 a
545 1875 745 1918 quibusdam
758 1900 767 1916 ,
788 1878 902 1907 utrum
922 1876 1020 1907 Pater
1046 1875 1216 1917 potuerit,

540 1925 595 1957 vel
614 1924 778 1965 voluerit,
800 1926 866 1956 etc.

247 1997 297 2038 ln
326 1997 524 2051 praesenti
558 1996 824 2038 distinctione
862 1995 981 2049 ponit
1018 1995 1218 2049 Magister

193 2069 498 2110 dubitationem
511 2080 565 2109 ex
585 2067 897 2121 comparatione
925 2068 1124 2120 potentiae
1140 2080 1219 2120 ge-

192 2140 368 2182 nerandi
395 2140 449 2181 ad
476 2152 716 2194 personam,
737 2142 885 2180 utrum
906 2140 1062 2181 scilicet
1077 2172 1086 2190 ,
1111 2140 1220 2181 sicut

192 2215 254 2254 est
273 2213 318 2253 in
330 2225 510 2267 persona
528 2212 676 2264 Patris,
695 2212 755 2253 ita
773 2212 826 2253 sit
845 2213 890 2253 in
906 2225 1087 2266 persona
1104 2213 1216 2254 Filii.

192 2283 242 2326 Et
259 2284 387 2326 habet
404 2285 498 2327 haee
522 2297 619 2338 pars
635 2285 740 2326 duas
761 2297 771 2325 ε
793 2285 839 2325 111
859 2285 998 2338 prima
1018 2284 1219 2337 Magister

192 2356 367 2409 quaerit,
395 2359 436 2398 et
459 2355 711 2398 determinat
745 2359 893 2397 utrum
918 2356 1053 2397 Filius
1086 2356 1220 2409 possit

193 2440 422 2480 generare;
456 2427 503 2468 in
522 2427 720 2478 secunda,
752 2430 900 2468 utrum
925 2427 1111 2481 potentia
1142 2440 1220 2480 ge-

192 2499 370 2540 nerandi
397 2499 450 2540 sit
472 2499 518 2540 in
549 2499 676 2550 Filio,
701 2499 758 2540 ibi
782 2513 791 2540 :
818 2500 922 2541 Item
955 2500 1162 2552 quoerz't‘ur
1194 2511 1221 2541 α

194 2570 464 2624 quibusdam,
483 2572 524 2613 ει·
543 2571 667 2613 Pater
684 2575 833 2623 potens
853 2571 930 2622 sit,
955 2574 1033 2611 etc.

247 2642 367 2695 Item,
387 2643 527 2696 prima
549 2656 646 2697 pars
673 2643 802 2683 habet
827 2646 1010 2696 quatuor
1034 2642 1222 2696 particu-

193 2714 285 2755 las:
316 2714 363 2755 in
395 2716 534 2768 prima
563 2717 707 2756 movet
739 2714 1042 2767 quaestionem,
1074 2717 1221 2755 utrum

192 2798 312 2840 posse
337 2788 378 2827 et
395 2787 504 2828 velle
526 2799 733 2840 generare
759 2787 953 2827 similiter
972 2799 1223 2840 comparen-

193 2860 263 2899 tur
278 2858 330 2900 ad
349 2871 577 2912 personam
597 2858 730 2899 Patris
751 2860 791 2899 et
809 2857 904 2899 Filii
912 2871 925 2911 3
948 2859 1131 2899 secundo
1147 2871 1222 2912 op-

194 2929 313 2981 ponit
347 2931 493 2970 contra
530 2928 787 2970 solutionem
822 2941 896 2982 per
931 2931 1223 2970 auctoritatem

195 3001 453 3054 Augustini,
477 3001 538 3042 ibi
562 3016 571 3042 :
595 3000 678 3042 Sed
709 3000 972 3043 vehementer
991 3011 1067 3043 nos
1088 3003 1225 3042 movet

197 3071 309 3123 quod
327 3073 611 3125 Augustinus,
630 3074 708 3113 etc.
729 3071 868 3112 Tertio
887 3072 1061 3125 opponit
1077 3075 1223 3112 contra

199 3143 441 3194 praedictam
471 3143 764 3185 auctoritatem
783 3155 858 3196 per
876 3143 1084 3184 rationem
1100 3175 1111 3194 ,
1132 3143 1189 3183 ibi
1211 3157 1220 3184 :

201 3213 286 3256 Hoc
307 3219 444 3257 autem
472 3225 558 3257 non
582 3214 753 3257 videtur
772 3213 1043 3267 quibusdam.
1067 3214 1224 3263 Quarto

202 3283 311 3324 redit
339 3297 466 3338 supra
492 3286 645 3327 dictam
664 3285 957 3326 auctoritatem
979 3298 1196 3338 exponens
1212 3318 1222 3336 ‚

203 3353 263 3394 ibi
291 3369 301 3396 z
330 3356 537 3406 Quomodo
563 3368 656 3411 erqo
685 3357 925 3409 accipiatur
952 3356 1066 3410 quod
1093 3367 1226 3410 supra

204 3425 367 3468 dictum
383 3431 455 3470 est.

260 3497 376 3550 Item,
401 3511 498 3552 pars
515 3500 697 3542 secunda
720 3501 851 3553 hujus
870 3500 1162 3552 distinctionis,
1182 3501 1227 3541 in

206 3582 292 3624 qua
316 3571 469 3623 quaerit
497 3571 697 3625 Magister
715 3576 863 3614 utrum
888 3573 1075 3626 potentia
1093 3586 1228 3626 gene-

252 3653 260 3672 ¹
278 3653 327 3684 Ex
347 3652 489 3694 Dionys.
509 3654 622 3686 Carth.
641 3655 776 3697 Thom.‚
797 3656 873 3689 dist.
892 3658 1049 3696 praesent.

1292 1779 1413 1821 randi
1446 1779 1499 1820 sit
1534 1779 1581 1820 in
1615 1779 1736 1831 Filio,
1775 1779 1902 1820 habet
1933 1779 2038 1820 duas
2074 1778 2314 1832 particulas

1293 1851 1435 1892 Primo
1463 1851 1616 1904 quaerit
1641 1853 1682 1891 et
1704 1850 1956 1891 determinat
1982 1850 2092 1890 lianc
2117 1849 2319 1903 quaestio-

1292 1935 1407 1974 nem,
1425 1925 1573 1963 utrum
1591 1922 1735 1975 aliqua
1750 1922 1936 1975 potentia
1955 1922 2065 1962 sitin
2085 1920 2207 1963 Patre
2222 1934 2319 1975 quae

1293 2006 1380 2035 non
1396 1994 1450 2035 sit
1468 1994 1512 2034 in
1529 1993 1634 2034 Filio
1653 2008 1660 2035 :
1678 1993 1840 2034 sienim
1860 1992 1982 2034 Pater
1998 1995 2152 2034 natura
2170 1995 2319 2046 potens

1293 2068 1353 2107 est
1374 2077 1580 2118 generare
1592 2065 1763 2116 Filium,
1779 2067 1819 2105 et
1833 2064 1966 2105 Filius
1980 2076 2080 2116 non,
2097 2066 2224 2117 patet,
2239 2066 2316 2105 etc.

1293 2138 1358 2179 Ad
1388 2139 1499 2179 hanc
1534 2138 1813 2192 quaestionem
1844 2137 2067 2190 respondet
2093 2136 2316 2188 Magister,

1294 2210 1407 2262 quod
1433 2209 1607 2251 omnino
1627 2209 1774 2250 eadem
1791 2210 1853 2250 est
1869 2208 2055 2262 potentia
2080 2208 2124 2248 in
2142 2207 2262 2249 Patre
2280 2211 2321 2249 et

1294 2281 1415 2323 Filio.
1443 2282 1524 2324 Sed
1543 2282 1644 2336 quia
1673 2282 1753 2323 hoc
1780 2284 1869 2323 erat
1898 2281 2101 2332 dubium,
2129 2280 2223 2321 ideo
2244 2292 2321 2333 op-

1294 2353 1413 2406 ponit
1437 2356 1582 2395 contra
1603 2353 1849 2406 praedictam
1870 2352 2123 2393 solutionem
2138 2384 2149 2403 ,
2183 2353 2224 2392 et
2246 2351 2322 2392 de-

1294 2426 1494 2466 terminat
1513 2437 1588 2479 per
1602 2425 1928 2466 distinctionem.
1943 2423 2135 2465 Secundo
2150 2435 2321 2476 respon-

1296 2498 1364 2538 det
1385 2498 1437 2539 ad
1467 2498 1650 2551 primam
1684 2497 1963 2550 quaestionem
1991 2494 2315 2547 distinguendo,

1295 2572 1442 2611 utrum
1453 2570 1606 2611 scilicet
1616 2569 1752 2610 Filius
1766 2570 1919 2610 habeat
1932 2567 2164 2622 potentiam
2183 2578 2319 2619 gene-

1295 2641 1432 2692 randi,
1452 2641 1532 2682 ibi:
1549 2642 1618 2683 [τα
1629 2642 1759 2684 etiam
1772 2652 1867 2683 cum
1880 2640 2061 2689 dicitur,
2076 2638 2219 2681 Filius
2233 2647 2318 2679 non

1296 2711 1431 2762 habet,
1448 2714 1525 2753 etc.
1547 2712 1592 2753 Si
1612 2712 1727 2753 enim
1745 2712 2008 2764 intelligatur
2024 2709 2174 2759 active,
2190 2708 2319 2748 falsus

1297 2787 1358 2825 est
1376 2784 1627 2836 intellectus,
1644 2785 1798 2826 scilicet
1817 2784 1926 2838 quod
1948 2783 2081 2824 Filius
2101 2781 2231 2835 possit
2245 2793 2320 2833 ge-

1296 2868 1469 2907 nerare;
1493 2857 1527 2897 si
1548 2869 1650 2898 vero
1683 2856 1934 2908 intelligitur
1952 2854 2132 2908 passive,
2167 2852 2321 2893 scilicet

1297 2928 1412 2980 quod
1436 2928 1576 3001 (hahet
1608 2928 1839 2982 potentiam
1881 2939 1965 2979 qua
2008 2924 2140 2979 possit
2184 2936 2322 2976 gene-

1296 2999 1409 3050 rari,
1439 3012 1543 3041 vera
1580 3003 1656 3041 est.
1689 3000 1739 3040 Et
1771 2999 1974 3040 fundatur
2006 2997 2077 3037 illa
2114 2995 2326 3037 distinctio

1297 3071 1533 3112 secundum
1552 3072 1658 3112 alios
1677 3072 1687 3093 ¹
1709 3082 1834 3124 super
1853 3070 1954 3120 hoc,
1976 3067 2090 3122 quod
2116 3067 2159 3121 ly
2183 3067 2229 3120 (c)
2255 3078 2326 3120 qe-

1297 3142 1485 3185 nercmdi
1503 3146 1638 3197 potest
1655 3141 1835 3194 intelligi
1848 3142 1892 3181 in
1907 3139 2215 3193 significatione
2236 3150 2327 3192 pas-

1299 3214 1405 3264 siva,
1426 3215 1495 3257 vel
1511 3215 1662 3256 activa.
1677 3214 1720 3255 Si
1736 3214 1782 3254 in
1801 3213 1981 3267 passiva,
2003 3215 2106 3253 tunc
2126 3223 2228 3253 vera
2248 3213 2322 3260 est,

1299 3289 1340 3327 et
1360 3289 1421 3327 est
1439 3299 1586 3328 sensus
1607 3301 1615 3327 z
1637 3287 1778 3328 Filius
1807 3285 1928 3328 habet
1945 3285 2179 3338 potentiam
2199 3293 2317 3336 qene-

1300 3358 1457 3409 randi,
1482 3358 1525 3399 id
1553 3360 1641 3408 est,
1669 3357 1903 3411 potentiam
1922 3369 2007 3410 qua
2035 3357 2278 3408 generatur.
2301 3367 2319 3390 1)

1300 3428 1381 3470 Sed
1400 3429 1444 3469 in
1462 3429 1599 3470 activa
1614 3431 1748 3482 potest
1768 3442 1858 3470 esse
1875 3428 2113 3482 dupliciter,
2137 3425 2236 3479 quia
2250 3437 2327 3477 po·-

1300 3503 1379 3542 test
1393 3512 1481 3540 esse
1493 3500 1784 3552 gerundivum
1792 3500 1912 3543 verbi
1926 3498 2214 3553 personalis‚et
2226 3498 2327 3537 tunc

1346 3602 1386 3642 (α)
1408 3584 1531 3642 Ξκιρῂῖε
1549 3601 1577 3633 si
1590 3601 1641 3633 vel
1661 3611 1749 3634 cum.
1763 3601 1861 3643 —(b)
1886 3600 2018 3642 Suppl„
2037 3601 2135 3631 Pater
2154 3608 2236 3631 vero
2256 3608 2327 3630 non

1302 3655 1458 3686 hahet—
1479 3655 1516 3695 (c)
1536 3655 1574 3686 ld
1597 3658 1645 3686 est
1670 3651 1723 3693 τὸ,
1749 3654 1870 3695 yallice
1889 3655 1919 3685 le
1942 3656 2010 3685 mot
2022 3663 2034 3693 ,·
2053 3655 2083 3684 et
2103 3653 2150 3683 sic
2165 3651 2327 3693 deinceps.

2354 949 2448 981 habet,

2354 991 2381 1018 el
2399 999 2454 1017 non

2357 1032 2441 1059 habet

2344 1077 2450 1109 polen-

2330 1116 2401 1143 tiam
2422 1123 2470 1149 ye-

2335 1157 2469 1185 uorandi.
