2613 3990
1054 185 1308 228 DISTINCT.
1335 185 1513 227 XXXIII.

220 274 306 317 ibi:
335 277 421 320 Hoc
448 283 587 322 autem
617 281 757 333 aliqui
781 282 948 331 neqant.
984 277 1123 318 Prima
1147 289 1243 330 pars

218 347 345 389 habet
359 354 542 402 quatuor
555 354 706 405 partes
728 352 774 392 In
787 351 924 404 prima
937 350 1115 390 ostendit.
1132 350 1244 402 quod

217 421 497 475 proprietates
511 427 611 464 sunt
623 436 812 477 person-‘ee
833 422 932 463 etin
950 421 1152 474 personis,
1169 433 1243 473 per

218 493 418 532 naturam
438 493 571 547 ipsius
590 494 870 547 proprietatis,
891 492 989 545 quia
1010 495 1168 532 [eterna
1181 494 1243 531 est

215 563 256 601 et
275 561 482 605 distincta.
515 565 561 605 In
582 565 764 606 secunda
791 564 971 605 ostendit
998 563 1101 603 illud
1129 563 1240 602 idem

213 644 288 684 per
306 634 553 676 violentiam
568 636 721 677 erroris
735 637 786 687 (a)
811 634 978 675 Sabeliii
992 634 1049 673 ibi
1067 646 1077 674 t
1103 634 1241 675 Sabel-

213 702 266 745 lii
284 704 479 748 haeresim
497 707 771 757 declinantes,
790 706 865 747 ubi
884 706 1002 758 ponit
1017 705 1241 745 auctorita-

211 776 272 815 tes
291 775 553 830 Hieronymi.
585 778 633 818 In
658 778 781 818 tertia
803 777 983 818 ostendit
999 776 1078 816 hoc
1098 776 1238 828 ipsum

209 858 285 898 per
302 850 502 889 naturam
521 849 677 890 divinae
695 848 986 901 simplicitatis,
1008 847 1065 887 ibi
1086 862 1094 887 ε
1120 847 1238 888 Cuni-

209 929 287 969 que
314 919 364 961 cle
391 921 665 972 simplicitate
697 920 966 962 divinitatis.
1010 918 1058 958 In
1088 921 1239 970 quarta

208 991 389 1031 ostendit
406 991 521 1044 quod
540 991 816 1044 proprietates
842 1003 928 1031 non
952 993 1119 1030 tantum
1137 992 1238 1029 sunt

207 1072 423 1112 personae,
452 1062 524 1102 sed
543 1062 670 1102 etiam
690 1062 837 1102 divina
856 1061 1061 1111 essentia3
1091 1063 1131 1101 et
1155 1061 1236 1101 hoc

206 1132 355 1183 probat
373 1132 557 1173 efficacia
579 1133 841 1174 auctoritatis
855 1166 865 1183 ,
888 1133 945 1173 ibi
964 1145 974 1172 ι
1002 1132 1119 1179 Quod
1139 1143 1235 1174 vero

202 1204 444 1255 proprietas
464 1204 593 1246 etiam
610 1205 766 1246 divina
785 1208 945 1246 natura
964 1205 1044 1253 sit,
1065 1204 1140 1244 ubi
1157 1216 1233 1256 po-

205 1273 268 1314 nit
296 1274 588 1316 auctoritatem
623 1275 785 1316 Hilarii.
823 1275 1024 1316 Similiter
1053 1275 1235 1315 secunda

204 1357 301 1397 pars
315 1376 324 1394 ,
354 1345 399 1385 in
418 1359 504 1398 qua
522 1347 640 1400 ponit
659 1347 858 1398 Magister
877 1347 1064 1387 veritatis
1080 1346 1232 1399 proba-

204 1416 259 1456 tae
285 1406 575 1458 defensionem
601 1418 797 1471 ponendo
824 1418 1005 1458 aliorum
1026 1417 1229 1466 rationes,

203 1489 244 1528 et
267 1500 366 1529 suas
393 1490 711 1542 responsiones,
745 1490 980 1530 secundum
1006 1489 1118 1542 quod
1148 1489 1232 1529 du—

202 1557 300 1611 plex
318 1561 380 1600 est
398 1561 549 1601 modus
562 1561 850 1614 impugnandi
862 1561 1098 1608 veritatem,
1121 1559 1230 1600 scili-

202 1632 266 1670 cet
278 1642 354 1683 per
371 1632 553 1672 rationes
574 1635 615 1672 et
626 1633 897 1672 auctoritates
918 1646 926 1671 :
948 1632 1005 1671 ita
1026 1631 1117 1671 haec
1135 1642 1231 1683 pars

203 1699 328 1741 habet
347 1702 453 1743 duas
472 1706 613 1756 partes
633 1718 642 1744 :
664 1704 709 1743 in
728 1704 866 1757 prima
883 1704 1002 1756 ponit
1020 1704 1224 1752 rationes,

202 1773 243 1812 et
254 1774 569 1825 responsiones3
589 1775 634 1814 in
650 1775 832 1815 secunda
847 1775 1129 1824 auctoritates,
1148 1774 1226 1813 ibi:

208 1842 508 1887 Verumtamen
524 1845 714 1887 nondam
736 1845 972 1895 desistant,
990 1848 1067 1885 ete.
1089 1844 1229 1885 Prima

201 1926 298 1967 pars
327 1915 456 1955 habet
484 1918 668 1968 quatuor
690 1918 842 1968 partes.
876 1915 923 1955 In
948 1915 1085 1967 prima
1112 1916 1229 1968 ponit

199 1985 268 2038 obj
276 1987 497 2037 ectionem,
514 1987 627 2039 quod
646 1987 919 2039 proprietates
932 1999 1019 2027 non
1034 1986 1118 2026 sint
1134 1999 1227 2039 per*

199 2068 315 2097 sonae
332 2071 341 2107 ;
369 2061 411 2098 et
434 2058 536 2111 quia
554 2059 771 2098 rationalis
791 2062 905 2109 erat,
935 2059 1157 2111 respondet
1176 2059 1227 2099 ad

198 2120 436 2169 veritatem.
474 2129 667 2170 Secundo
705 2142 808 2170 vero
847 2130 1073 2181 subjungit
1101 2129 1226 2169 aliam

197 2199 434 2250 rationem3
463 2203 503 2241 et
530 2201 632 2254 quia
657 2201 821 2241 curiosa
846 2201 1028 2249 videtur,
1050 2213 1227 2253 respon—

197 2269 267 2310 det
284 2271 336 2311 ad
352 2271 571 2312 hominem
584 2305 595 2323 ,
616 2284 704 2312 non
724 2272 774 2312 ad
793 2272 1014 2321 rationem,
1035 2272 1092 2311 ibi
1110 2287 1118 2311 z
1139 2272 1228 2313 Sed

199 2341 355 2382 iterum
379 2342 574 2393 addunt,
603 2345 681 2384 etc..
712 2342 854 2383 Tertio
883 2343 1023 2382 adhuc
1051 2343 1228 2382 resumit

196 2415 406 2456 rationem
439 2416 638 2463 illorum,
673 2420 714 2457 et
740 2416 966 2469 respondet
993 2416 1044 2456 ad
1070 2417 1227 2457 verita-

197 2487 309 2537 tem,
343 2487 431 2528 ihi:
469 2487 672 2530 Caeterum
698 2488 987 2529 hoereticorum
1018 2487 1226 2538 improbi-

198 2560 264 2599 tas
276 2589 290 2608 ,
311 2561 389 2598 etc.
419 2558 578 2608 Quarto
598 2561 638 2600 et
657 2559 807 2599 ultimo
833 2558 1060 2610 subjungit
1077 2570 1225 2598 eorum

197 2629 577 2682 interrogationem
595 2645 604 2680 3
625 2633 664 2670 et
683 2630 785 2682 quia
803 2629 969 2670 curiosa
985 2631 1095 2678 erat,
1119 2642 1226 2682 prae-

195 2700 292 2753 figit
319 2701 554 2742 terminum
582 2702 786 2741 humanae
817 2700 1110 2753 inquisitioni,
1135 2701 1220 2743 ibi:

198 2770 280 2812 Sed
302 2771 408 2822 forte
427 2782 603 2825 quaeres,
621 2783 716 2813 cum
735 2771 800 2813 72oe
819 2772 1102 2825 proprietates
1115 2803 1126 2822 ,
1143 2775 1221 2813 etc.

195 2841 246 2882 Et
276 2843 476 2896 quaelibet
503 2843 674 2884 illarum
698 2843 884 2896 partium
912 2845 1050 2895 posset
1077 2843 1224 2883 subdi-

194 2913 308 2965 vidi,
346 2915 502 2956 scilicet
532 2915 645 2968 quod
676 2915 814 2967 primo
845 2915 963 2966 ponit
993 2914 1223 2967 oppositio-

194 2996 309 3036 nem,
332 2988 374 3026 et
390 2986 575 3027 secundo
592 2985 934 3039 responsionem3
957 2988 997 3026 et
1015 2985 1118 3026 illud
1136 2998 1224 3026 ma—

194 3055 397 3096 nifestum
424 3057 469 3097 in
488 3057 628 3098 littera
654 3061 729 3098 est.
755 3056 912 3097 Ultima
927 3069 1024 3110 pars
1040 3089 1050 3107 ,
1073 3056 1119 3097 in
1138 3069 1223 3110 qua

193 3127 416 3179 respondet
445 3127 645 3180 Magister
676 3127 994 3168 auctoritatibus
1019 3140 1124 3181 quas
1152 3129 1221 3168 in-

193 3197 378 3250 ducunt,
407 3199 598 3240 similiter
622 3200 749 3240 habet
771 3200 876 3240 duas
902 3203 1039 3252 partes
1067 3212 1222 3240 secun-

192 3268 296 3309 dum
327 3269 433 3310 duas
464 3271 733 3312 auctoritates
762 3271 995 3323 Augustini
1023 3284 1129 3324 quas
1153 3272 1217 3312 in-

191 3339 380 3381 ducunt:
401 3343 443 3381 et
461 3342 598 3394 prima
615 3345 784 3395 sumpta
805 3344 867 3383 est
885 3343 938 3382 ab
958 3343 1219 3396 expositione

191 3409 449 3463 Psalmistae3
472 3414 657 3454 secunda
674 3426 776 3455 vero
794 3416 965 3467 sumpta
981 3418 1043 3455 est
1061 3416 1114 3456 ab
1132 3415 1218 3456 Au—

235 3494 277 3536 (α)
293 3495 373 3527 Loco
389 3496 533 3537 erroris,
552 3499 625 3528 coet.
643 3497 724 3529 edit.
740 3497 860 3529 habent
876 3498 1038 3530 auctoris.

2263 199 2340 238 527

1322 276 1533 328 gustino¹.
1563 275 1705 316 Prima
1729 287 1826 328 pars
1848 277 2019 328 ponitur
2045 279 2103 319 ibi
2124 295 2132 321 ε
2168 282 2340 326 Veram-

1321 350 1460 388 tamen
1479 347 1666 388 nondam
1693 347 1918 388 desistunt.
1946 347 1996 388 Et
2016 353 2198 393 secunda
2218 358 2339 406 poni-

1319 418 1486 458 turibi:
1506 419 1605 460 Item
1615 419 1705 460 illis
1719 419 1856 460 verbis
1870 419 2118 470 Augustini.
2134 423 2183 462 Et
2195 427 2340 477 quaeli-

1319 491 1389 530 bet
1402 491 1555 531 harum
1568 491 1937 543 potestsubdividi,
1954 493 2054 543 quia
2069 494 2204 545 primo
2221 497 2339 548 ponit

1317 563 1609 603 auctoritatem
1644 563 1730 603 sive
1758 561 1992 613 rationem,
2027 566 2209 606 secundo
2238 580 2338 608 vero

1315 634 1515 674 dissolvit.

1750 700 1841 728 Duss.
1875 698 1902 727 1.

1439 772 1568 802 Horum
1593 770 1755 802 doctrinis
1774 771 1872 802 novis
1893 773 1926 802 et
1950 771 2124 813 humanis,
2149 775 2214 805 etc.

1368 848 1542 889 Videtur
1580 847 1881 888 insufficienter
1919 849 2172 901 respondere
2189 882 2198 899 ,
2240 852 2340 902 quia

1312 930 1398 958 non
1425 919 1546 959 solvit
1572 922 1903 969 argumentum,
1933 921 2003 960 sed
2030 920 2257 973 dicitquod
2278 926 2339 963 est

1312 987 1732 1041 incomprehensibile
1751 1001 1761 1028 :
1780 992 1819 1029 et
1835 990 2003 1030 videtur
2020 992 2131 1043 quod
2148 992 2227 1032 ista
2243 1005 2338 1032 eva-

1315 1061 1375 1100 sio
1393 1061 1510 1101 nulla
1528 1061 1605 1101 sit:
1629 1063 1702 1101 aut
1721 1061 1834 1102 enim
1862 1066 2168 1114 argumentum
2188 1077 2336 1105 neces-

1311 1131 1419 1172 sario
1433 1131 1656 1182 concludit,
1678 1134 1753 1172 aut
1766 1133 2012 1184 sophistice:
2035 1134 2069 1172 si
2084 1135 2333 1184 necessario,

1309 1205 1412 1242 tunc
1430 1215 1534 1255 ergo
1560 1215 1659 1243 cum
1685 1203 1872 1255 procedit
1895 1216 1949 1244 ex
1968 1205 2101 1255 veris,
2124 1206 2336 1247 conclusio

1309 1278 1370 1314 est
1394 1286 1519 1324 vera3
1547 1273 1582 1313 si
1608 1286 1695 1313 non
1721 1275 1978 1325 necessario,
2007 1278 2109 1315 tunc
2136 1288 2239 1329 ergo
2268 1291 2336 1318 so-

1307 1345 1539 1398 phisticum
1559 1348 1621 1385 est
1649 1360 1657 1386 :
1679 1345 1749 1386 sed
1772 1358 1908 1386 unum
1927 1346 2144 1398 sophisma
2164 1360 2249 1388 non
2275 1352 2336 1389 est

1307 1416 1755 1469 incomprehensibile:
1781 1420 1821 1457 et
1839 1417 1896 1456 ita
1913 1417 2081 1458 videtur
2097 1419 2209 1471 quod
2226 1421 2333 1462 male

1306 1489 1484 1541 applicet
1499 1489 1793 1529 auctoritatem
1814 1488 1976 1529 Hilarii.

1360 1558 1480 1611 Resp.
1503 1559 1735 1599 Dicendum
1752 1559 1865 1611 quod
1880 1559 1933 1599 ad
1949 1563 2254 1612 argumentum
2272 1563 2333 1603 fa-

1306 1630 1381 1670 cile
1411 1633 1472 1671 est
1496 1630 1773 1683 respondere,
1810 1630 1912 1682 quia
1937 1631 1995 1670 ibi
2026 1635 2087 1671 est
2117 1633 2333 1685 sophisma

1304 1701 1538 1741 secundum
1555 1701 1770 1741 accidens:
1792 1701 2023 1753 proprietas
2042 1706 2103 1742 est
2124 1705 2329 1746 essentia:

1303 1775 1344 1812 et
1368 1772 1547 1813 essentia
1576 1784 1665 1812 non
1698 1772 1920 1823 distinguit
1948 1787 1956 1813 ε
1991 1785 2094 1825 ergo
2120 1786 2197 1814 nec
2228 1787 2330 1827 pro-

1302 1845 1456 1897 prietas
1476 1855 1485 1883 :
1514 1845 1585 1885 sed
1604 1844 1685 1884 hoc
1704 1843 1906 1895 Magister
1930 1856 2017 1884 non
2038 1845 2137 1885 dicit
2165 1846 2331 1886 incom-

1302 1915 1580 1968 prehensibile
1594 1947 1604 1966 ,
1627 1915 1698 1955 sed
1718 1915 1891 1955 dimittit
1910 1917 2115 1967 tanquam
2135 1917 2332 1969 sophisti-

1302 1999 1400 2027 cum
1416 1990 1456 2027 et
1470 1987 1700 2039 indignum
1719 1986 1978 2026 discussione
1995 1989 2226 2040 majorum.
2249 1987 2329 2029 Sed

1301 2057 1372 2098 illa
1391 2058 1570 2110 quaestio
1589 2057 1792 2107 veritatis,
1818 2069 1915 2110 quae
1936 2059 2143 2110 sequitur,
2167 2060 2324 2100 incom-

1300 2129 1595 2181 prehensibilis
1612 2131 1674 2169 est
1689 2129 1922 2169 secundum
1940 2133 2095 2170 statum
2112 2131 2207 2181 viae,
2225 2144 2326 2184 quo-

1299 2200 1415 2239 niam
1432 2200 1467 2240 si
1487 2213 1561 2253 per
1579 2201 1869 2241 omnimodam
1889 2200 2149 2242 identitatem
2171 2202 2326 2254 praedi—

1300 2274 1419 2310 catur
1428 2271 1606 2311 essentia
1614 2271 1664 2311 de
1674 2271 2013 2323 proprietatibus,
2025 2275 2065 2312 et
2075 2286 2096 2312 e
2105 2285 2323 2324 converso,

1299 2342 1392 2382 haec
1411 2342 1658 2394 distinguit,
1681 2345 1722 2382 et
1739 2342 1811 2382 illa
1830 2354 1917 2383 non
1934 2358 1943 2383 :
1966 2346 2006 2383 et
2024 2344 2104 2384 hoc
2122 2348 2183 2385 est
2204 2345 2326 2385 nobis

1298 2411 1738 2464 incomprehensibile.
1767 2412 1872 2461 Quia
1898 2413 2013 2453 enim
2039 2414 2233 2455 videmus
2252 2427 2326 2468 per

1299 2484 1547 2537 speculum,
1585 2484 1865 2536 intelligimus
1897 2497 1972 2537 per
2003 2486 2325 2528 similitudinem

1298 2558 1511 2608 sumptam
1542 2567 1567 2594 a
1599 2555 1834 2595 creaturis:
1868 2558 1908 2596 et
1937 2556 2017 2596 hoc
2049 2558 2218 2598 nullum
2246 2560 2324 2600 sub

1299 2627 1404 2667 coelo
1425 2626 1554 2666 habet
1578 2625 1713 2666 simile
1728 2658 1739 2677 ,
1766 2626 1854 2667 imo
1877 2627 2005 2667 solius
2018 2627 2089 2668 Dei
2104 2629 2324 2682 proprium

1297 2701 1468 2751 propter
1493 2711 1707 2739 summam
1732 2699 2043 2751 simplicitatem
2063 2713 2073 2741 :
2105 2701 2197 2742 ideo
2223 2702 2325 2743 dicit

1297 2769 1496 2821 Magister
1515 2782 1604 2811 esse
1623 2770 2061 2824 incomprehensibile.
2085 2771 2120 2812 N
2124 2785 2170 2813 ec
2188 2777 2250 2814 est
2267 2775 2324 2815 si-

1296 2840 1396 2880 mile
1423 2840 1474 2880 de
1503 2852 1659 2892 genere
1690 2845 1730 2882 et
1761 2841 2022 2891 differentia,
2053 2844 2153 2896 quia
2185 2857 2323 2896 genus

1296 2911 1548 2964 praedicatur
1565 2911 1616 2952 de
1633 2911 1869 2955 differentia
1887 2931 1895 2956 :
1910 2915 1949 2952 et
1964 2913 2057 2953 haec
2071 2913 2317 2966 distinguit3

1296 2984 1337 3022 et
1355 2981 1459 3021 illud
1477 2994 1565 3022 non
1580 3014 1591 3033 ,
1614 2983 1715 3035 quia
1732 2996 1820 3025 non
1838 2986 2092 3039 praedicatur
2111 2998 2185 3038 per
2202 2985 2321 3026 iden-

1294 3053 1474 3092 titatem.
1499 3052 1595 3093 Ideo
1615 3065 1714 3093 cum
1734 3054 1918 3098 Hilarius
1934 3056 2033 3098 dicit
2048 3057 2162 3109 quod
2182 3059 2243 3096 est
2258 3056 2321 3096 in-

1295 3123 1671 3176 comprehensibile
1685 3156 1696 3175 ,
1719 3129 1760 3165 et
1777 3126 1971 3168 describit
1989 3127 2318 3180 incomprehen-

1294 3196 1536 3236 sibilitatem
1585 3199 1796 3248 quantum
1848 3201 1899 3242 ad
1947 3201 2153 3254 triplicem
2193 3201 2280 3240 vim
2304 3213 2314 3240 :

1293 3270 1503 3321 quantum
1531 3267 1583 3308 ad
1606 3271 1886 3323 receptivam,
1915 3285 2013 3313 cum
2039 3272 2135 3312 dicit
2156 3273 2317 3313 incom-

1287 3339 1579 3393 prehensibile,
1601 3344 1696 3392 etc.;
1716 3346 1927 3395 quantum
1943 3345 1995 3385 ad
2012 3343 2314 3396 expressivam,

1291 3424 1389 3453 cum
1418 3411 1518 3452 dicit
1540 3415 1662 3455 extra
1693 3416 1898 3458 sermonis
1924 3415 2284 3469 siqnisicationem
2297 3430 2315 3463 ;

1279 3485 1286 3489 ”
1332 3496 1343 3518 1
1359 3497 1459 3537 Aug„
1473 3495 1512 3526 cle
1537 3496 1638 3536 Tria„
1657 3496 1715 3529 nb.
1736 3498 1818 3539 vn,
1836 3509 1865 3531 c.
1887 3506 1944 3539 111,
1965 3508 2000 3530 n.
2021 3500 2051 3531 4.
