2613 3990
196 868 287 904 Dege-

163 917 265 937 nel'dl‘e

173 951 255 987 quid.

851 259 979 300 DIST.
1010 260 1112 301 XIX.
1144 260 1297 302 PART.
1326 263 1358 304 Ι.
1389 263 1510 304 ΑΡιΤ.
1544 263 1574 304 I.
1604 263 1801 312 QUAEST.
1835 267 1864 306 I.

309 351 409 390 sunt
429 349 522 390 fieri
544 349 752 390 exteriora
769 348 835 389 his
855 348 1011 401 quihus
1028 349 1299 390 continentur
1321 366 1329 392 :

308 421 356 459 ut
375 419 409 459 si
437 432 547 472 aqua
565 420 688 461 estin
712 430 812 460 vase
829 450 839 467 ,
862 418 964 459 dum
989 421 1049 459 est
1075 419 1188 460 intus
1205 452 1215 471 ,
1247 433 1335 462 non

307 491 443 542 potest
461 491 553 532 fieri
572 493 713 540 extra3
739 493 779 531 et
798 489 855 530 ita
874 501 961 530 non
981 490 1221 532 continetur
1241 504 1331 542 vas,

306 562 356 601 ut
374 573 448 602 vas
469 561 581 602 sitin
600 573 723 615 aqua.

727 698 819 727 DUB.
847 697 905 726 XI.

406 777 494 808 Dum
512 778 666 808 naturam
686 775 748 807 Dei
761 784 832 807 non
851 776 1035 817 degenerat
1053 776 1222 809 nativitas.

359 858 572 909 Quaeritur
599 858 699 912 quid
726 858 806 900 hoc
839 859 890 899 sit
924 859 1081 909 dicere,
1113 860 1215 912 quia
1244 872 1331 901 non

305 933 472 972 tantum
491 930 536 970 in
553 930 650 981 Deo,
669 930 800 971 sedin
814 931 1016 972 creaturis
1034 930 1226 984 pluribus
1243 944 1332 973 non

303 1002 545 1054 degenerat.

356 1074 476 1128 Resp.
491 1073 723 1114 Dicendum
737 1074 848 1126 quod
863 1074 1120 1127 degenerare
1132 1077 1193 1115 est
1209 1078 1330 1116 extra

302 1158 438 1199 genus
463 1145 705 1198 generantis
729 1146 858 1186 exire.
890 1145 1018 1187 Exire
1043 1149 1186 1187 autem
1209 1150 1329 1188 extra

301 1229 437 1269 genus
456 1218 718 1270 generantis,
740 1217 819 1258 hoc
838 1221 922 1268 est,
945 1221 1018 1258 aut
1044 1221 1255 1271 quantum
1277 1220 1329 1260 ad

298 1288 479 1329 formam
504 1301 775 1330 communem
804 1293 844 1330 et
874 1293 1071 1330 naturam
1092 1322 1101 1341 ,
1124 1292 1164 1330 et
1190 1291 1247 1331 sic
1268 1293 1329 1331 est

299 1359 568 1412 degeneratio
601 1361 645 1401 in
682 1361 934 1414 aequivocis,
965 1361 1074 1401 sicut
1110 1374 1246 1415 equus
1274 1374 1328 1403 ex

298 1430 416 1472 asina
434 1419 610 1483 generat
628 1432 886 1482 burdonem,
910 1434 952 1473 et
970 1433 1114 1474 asinus
1142 1446 1195 1473 ex
1217 1445 1327 1486 equa

298 1502 466 1544 mulum
488 1515 499 1543 ε
525 1503 638 1544 unde
660 1503 804 1544 mulus
822 1503 1063 1555 degenerat.
1086 1504 1179 1544 Alio
1199 1505 1325 1545 modo

297 1574 556 1626 degenerare
586 1577 648 1615 est
681 1575 955 1628 proprietates
987 1576 1230 1627 generantis
1262 1589 1326 1617 re-

295 1645 512 1699 linquere,
545 1648 706 1688 retenta
739 1649 921 1697 natura,
958 1647 1067 1688 sicut
1101 1647 1214 1688 filius
1248 1649 1324 1702 qui

295 1719 523 1770 generatus
547 1716 597 1771 (a)
621 1730 675 1758 ex
698 1720 816 1771 patre
834 1718 966 1759 nobili
993 1722 1034 1759 et
1060 1719 1237 1772 pulchro
1263 1722 1325 1760 est

294 1788 479 1829 rusticus
506 1790 547 1829 et
578 1789 729 1842 turpis,
767 1788 905 1829 Tertio
939 1792 999 1830 est
1034 1790 1319 1842 degenerare,

293 1862 493 1901 naturam
511 1860 756 1913 generantis
772 1861 1026 1914 relinquere,
1046 1874 1130 1903 non
1146 1875 1220 1916 per
1239 1863 1323 1904 dis-

294 1931 637 1983 similitudinem,
661 1933 731 1973 sed
749 1944 823 1986 per
841 1933 1126 1974 diversitatem
1150 1949 1157 1975 :
1182 1936 1221 1975 et
1241 1934 1321 1975 hoc

293 2003 418 2044 modo
436 2003 575 2044 omnis
591 2004 790 2045 nativitas
810 2006 947 2045 creata
960 2005 1201 2058 degenerat,
1221 2006 1321 2059 quia

290 2075 336 2116 in
352 2075 468 2116 omni
489 2078 681 2116 creatura
700 2088 912 2128 generans
931 2080 992 2118 est
1014 2077 1128 2119 aliud
1147 2091 1171 2119 a
1189 2091 1318 2131 gene-

289 2149 431 2197 rante;
459 2147 564 2188 etin
591 2147 679 2188 sola
709 2147 857 2188 divina
888 2150 1161 2201 generatione
1189 2150 1319 2203 dege-

289 2219 452 2260 neratio
471 2231 558 2260 non
574 2222 652 2271 est,
673 2220 773 2273 quia
792 2220 900 2261 nihil
924 2222 1110 2263 nascitur
1129 2235 1314 2275 novum,

289 2290 398 2331 nihil
419 2290 588 2332 additur
615 2291 803 2332 alienum
831 2306 839 2332 :
872 2294 912 2332 et
937 2291 1031 2333 ideo
1061 2305 1272 2345 generans
1293 2306 1318 2335 a

289 2366 520 2415 generante
545 2362 592 2403 in
621 2363 854 2405 substantia
885 2376 973 2405 non
1003 2368 1243 2418 separatur,
1277 2368 1318 2407 et

220 2424 223 2425 ⁷
287 2433 381 2475 ideo
407 2434 496 2476 sola
513 2434 584 2476 illa
607 2435 826 2488 generatio
851 2438 912 2476 est
929 2436 1213 2488 nobilissima,
1235 2441 1312 2479 etc.

607 2597 857 2642 ARTICUL
865 2597 931 2642 US
963 2598 998 2644 Ι.

339 2722 404 2764 Ad
419 2722 742 2776 intelligentiam
760 2723 892 2776 hujus
909 2724 1039 2778 partis
1057 2727 1313 2778 quaeruntur

285 2796 469 2848 quatuor
491 2807 502 2835 :
524 2794 661 2848 primo
678 2795 901 2848 quaeritur,
923 2798 1069 2837 utrum
1093 2797 1138 2838 in
1157 2797 1314 2839 divinis

286 2866 338 2907 sit
355 2878 513 2920 ponere
532 2867 836 2920 aequalitatem3
859 2868 1062 2920 secundo,
1085 2868 1180 2910 dato
1198 2869 1314 2922 quod

286 2936 362 2989 sit,
386 2940 534 2979 utrum
554 2938 606 2979 sit
623 2938 684 2979 1111
703 2950 871 2980 summa
899 2939 1138 2993 aequalitas3
1161 2941 1285 2982 tertio
1299 2973 1310 2991 ,

286 3009 435 3050 utrum
460 3009 505 3050 in
530 3009 686 3052 divinis
705 3010 759 3050 sit
777 3011 996 3064 aequalitas
1015 3023 1113 3052 cum
1134 3024 1313 3054 conver-

288 3080 428 3132 sione3
450 3084 622 3134 quarto,
643 3084 792 3124 utrum
817 3082 869 3123 sit
888 3081 948 3123 ibi
969 3083 1187 3137 aequalitas
1213 3096 1311 3125 cum

287 3151 695 3195 circumincessione.

649 3295 885 3347 QUAESTIO
916 3296 948 3339 I.

413 3403 475 3438 An
493 3404 534 3439 in
557 3403 692 3441 divinis
710 3405 900 3451 aequalitas
918 3405 967 3441 sit
982 3405 1148 3451 ponenda
1163 3408 1189 3441 ¹.

339 3507 459 3557 Quod
485 3508 540 3549 sit
562 3509 623 3550 ibi
652 3511 889 3564 aequalitas,
916 3511 1148 3552 ostenditur
1170 3512 1308 3565 primo

238 3569 240 3571 ¹
285 3592 360 3634 per
377 3580 483 3622 illud
508 3581 621 3634 quod
645 3582 798 3626 dicitur
819 3584 865 3624 in
892 3583 1092 3636 Symbolo
1114 3599 1123 3625 ε
1152 3600 1171 3624 ε(
1190 3584 1305 3626 Totae

2357 275 2433 312 325

1409 354 1493 393 tres
1518 364 1709 404 personae
1741 357 1963 396 coaeternae
1992 355 2070 396 sibi
2095 360 2217 408 sunt,
2254 362 2296 401 et
2325 372 2432 401 coae-

1409 423 1566 476 quales.
1588 438 1606 461 ›)

1462 493 1566 535 Item
1596 495 1675 536 hoc
1704 496 1847 549 ipsum
1880 498 2114 539 ostenditur
2141 500 2303 542 ratione
2334 503 2394 544 sic
2422 518 2431 545 ε
2455 509 2566 538 Funda-

1409 565 1553 607 Omnis
1587 567 1812 609 multitudo
1844 569 2064 610 reducitur
2093 570 2145 611 ad
2178 572 2386 615 unitatem
2422 590 2431 616 ε

1407 649 1510 689 ergo
1543 638 1681 679 omnis
1710 640 1976 693 inaequalitas
2010 641 2063 681 ad
2097 642 2384 695 aequalitatem
2421 659 2430 686 :

1407 709 1479 749 sed
1506 709 1646 750 unitas
1672 723 1696 751 a
1724 724 1809 764 qua
1835 715 1896 752 est
1924 713 2062 753 omnis
2090 714 2344 767 multitudo,
2373 720 2435 758 est

1405 780 1546 821 unitas
1562 780 1747 822 increata
1770 797 1778 823 ε
1801 795 1905 835 ergo
1926 787 1966 824 et
1991 785 2211 837 aequalitas
2228 786 2280 827 ad
2301 799 2432 840 quam

1405 851 1623 893 reducitur
1647 854 1784 894 omnis
1806 855 2073 908 inaequalitas
2092 889 2102 908 ,
2126 859 2188 898 est
2215 859 2433 911 aequalitas

1404 923 1588 964 increata
1609 939 1620 964 :
1643 936 1761 977 ergo,
1783 928 1859 966 etc.

1459 994 1563 1036 Item
1579 1007 1705 1036 omne
1725 997 1837 1049 quod
1858 998 2122 1050 perfectionis
2139 1003 2221 1052 est,
2249 1003 2433 1044 transfe-

1403 1067 1584 1107 rendum
1619 1071 1679 1108 est
1709 1068 1760 1109 ad
1792 1069 1937 1110 divina
1973 1085 1982 1110 ε
2016 1071 2086 1111 sed
2117 1072 2336 1125 aequalitas
2373 1077 2434 1116 est

1402 1139 1670 1191 perfectionis
1685 1140 1730 1180 in
1751 1144 1942 1181 creatura
1966 1156 1973 1182 :
1997 1154 2116 1194 ergo,
2140 1146 2216 1184 etc.

1456 1210 1559 1251 Item
1578 1223 1714 1251 unum
1732 1212 1776 1252 in
1790 1213 2023 1253 substantia
2036 1214 2132 1254 facit
2150 1215 2428 1269 identitatem,

1401 1295 1538 1323 unum
1559 1283 1603 1323 in
1628 1284 1859 1336 quantitate
1879 1286 2190 1338 aequalitatem,
2219 1300 2357 1329 unum
2385 1290 2432 1331 in

1401 1355 1600 1407 qualitate
1622 1356 1718 1396 facit
1741 1356 2062 1398 similitudinem
2087 1373 2095 1399 :
2119 1358 2190 1399 sed
2209 1358 2254 1399 in
2273 1359 2430 1402 divinis

1399 1438 1486 1466 non
1517 1429 1684 1467 tantum
1717 1430 1778 1468 est
1807 1428 1948 1469 unitas
1979 1429 2024 1470 in
2056 1430 2316 1481 substantia,
2357 1433 2430 1474 sed

1399 1497 1527 1538 etiam
1544 1498 1589 1538 in
1619 1499 1850 1551 quantitate
1867 1531 1877 1548 ,
1899 1500 2088 1554 alioquin
2117 1514 2204 1543 non
2235 1506 2341 1545 esset
2369 1504 2431 1545 1111

1398 1569 1579 1621 perfecta
1606 1571 1747 1611 unitas
1781 1583 1791 1611 ε
1822 1584 1926 1624 ergo
1957 1585 2045 1613 non
2080 1576 2248 1615 tantum
2279 1578 2341 1616 est
2367 1576 2427 1616 ibi

1398 1640 1592 1681 identitas
1609 1642 1870 1694 substantiae,
1893 1644 1963 1684 sed
1984 1647 2023 1685 et
2043 1646 2274 1698 aequalitas.

1451 1712 1603 1754 Contra
1624 1728 1632 1754 ε
1657 1717 1694 1754 l.
1716 1713 1795 1754 Ubi
1815 1715 2048 1768 aequalitas,
2066 1716 2124 1756 ibi
2144 1716 2422 1771 divisibilitas,

2454 556 2559 580 menta.

2486 1739 2529 1766 Ad
2546 1748 2582 1775 op

1397 1784 1497 1838 quia
1516 1785 1697 1839 simplex
1723 1787 1902 1839 simplici
1927 1799 2014 1828 non
2034 1791 2229 1841 aequatur
2253 1801 2264 1830 ε
2291 1791 2426 1832 sedin
2449 1788 2509 1813 ¹³⁰⁵·

1395 1856 1552 1897 divinis
1569 1869 1655 1897 non
1676 1860 1736 1898 est
1758 1870 1914 1910 ponere
1937 1859 2266 1902 divisibilitatem
2290 1876 2298 1903 ε
2321 1874 2425 1916 ergo

1394 1940 1471 1969 nec
1485 1929 1783 1982 aequalitatem.

1447 2004 1486 2041 2.
1511 2001 1630 2051 Item,
1648 2002 1723 2042 uhi
1740 2003 1974 2055 aequalitas,
1993 2003 2052 2043 ibi
2071 2005 2297 2057 quantitas,
2319 2006 2423 2059 quia

1393 2073 1616 2126 proprium
1661 2076 1722 2114 est
1765 2074 2009 2127 quantitatis
2050 2076 2284 2117 secundum
2327 2090 2421 2119 eam

1393 2144 1555 2197 aequale
1586 2145 1651 2185 vel
1681 2145 1890 2198 inaequale
1919 2146 2001 2187 dici
2036 2161 2044 2187 :
2081 2147 2153 2188 sed
2185 2147 2230 2188 in
2267 2148 2422 2190 divinis

1391 2228 1478 2257 non
1491 2219 1551 2257 est
1568 2229 1724 2270 ponere
1739 2218 2033 2271 quantitatem,
2053 2218 2167 2272 quia,
2185 2221 2422 2262 secundum

1391 2288 1685 2341 Augustinum
1713 2294 1750 2340 2,
1779 2289 1890 2331 Deus
1915 2302 2101 2343 magnus
2129 2290 2218 2332 sine
2246 2292 2419 2345 quanti-

1390 2363 1473 2402 tate
1493 2373 1502 2401 :
1525 2372 1644 2413 ergo,
1665 2363 1742 2401 etc.

1444 2433 1482 2472 3.
1507 2431 1612 2472 Item
1630 2463 1640 2481 ,
1669 2432 1739 2473 ubi
1766 2433 2004 2485 aequalitas,
2039 2433 2098 2474 ibi
2128 2434 2268 2475 finitas
2283 2466 2293 2486 ,
2315 2435 2417 2488 quia

1388 2503 1447 2544 ibi
1467 2505 1528 2544 est
1553 2505 1908 2545 commensuratio
1929 2517 1940 2545 ε
1971 2517 2074 2558 ergo
2087 2538 2098 2557 ,
2119 2505 2195 2547 ubi
2213 2508 2275 2547 est
2290 2519 2416 2548 men-

1388 2587 1488 2616 sura
1504 2607 1515 2626 ,
1537 2574 1595 2615 ibi
1619 2577 1679 2615 est
1698 2575 1837 2616 finitas
1863 2588 1874 2616 ε
1897 2576 1967 2617 sed
1987 2577 2034 2617 in
2063 2577 2216 2619 divinis
2235 2580 2296 2618 est
2313 2578 2416 2619 inti-

1387 2645 1497 2686 nitas
1520 2661 1528 2687 :
1551 2657 1670 2698 ergo,
1692 2648 1770 2687 etc.

1441 2722 1479 2759 4.
1503 2718 1622 2767 Item,
1643 2717 1720 2758 ubi
1738 2719 1972 2772 aequalitas,
1989 2719 2047 2759 ibi
2061 2719 2294 2773 diversitas,
2312 2733 2418 2775 quo-

1387 2790 1504 2831 niam
1533 2789 1640 2830 nihil
1668 2792 1729 2831 est
1759 2791 1838 2830 sibi
1867 2791 2028 2844 aequale
2053 2803 2062 2831 :
2092 2791 2164 2833 sed
2184 2791 2232 2833 in
2259 2792 2416 2835 divinis

1387 2865 1449 2903 θεῖ
1482 2861 1727 2902 omnimoda
1766 2863 1908 2903 unitas
1945 2875 1954 2903 :
1993 2874 2097 2915 ergo
2133 2875 2221 2904 non
2259 2867 2322 2906 est
2356 2864 2415 2906 ibi

1387 2933 1620 2987 aequalitas.

1430 3058 1441 3079 1
1457 3058 1510 3098 Cf.
1523 3057 1618 3089 Alex.
1635 3057 1763 3098 Mens„
1775 3067 1808 3098 p.
1825 3059 1850 3098 1,
1866 3066 1899 3098 q.
1913 3064 2020 3098 nvn,
2033 3057 2160 3090 memb.
2175 3060 2210 3099 13
2227 3059 2262 3091 S.
2276 3057 2412 3099 Thom.,

1385 3115 1419 3146 p.
1436 3106 1461 3146 1,
1477 3114 1509 3146 q.
1526 3113 1611 3146 XLII,
1631 3107 1695 3136 art.
1711 3108 1742 3145 15
1764 3107 1797 3136 et
1819 3105 1828 3135 1
1851 3105 1954 3143 Seni„
1974 3105 2051 3138 dist.
2068 3114 2142 3147 xix,
2157 3115 2190 3147 q.
2209 3114 2232 3147 1,
2255 3108 2318 3138 art.
2343 3108 2357 3137 1
2381 3109 2414 3138 et

1385 3154 1422 3193 43
1440 3153 1546 3193 Scot.5
1567 3153 1698 3192 lSent„
1713 3152 1791 3185 dist.
1809 3160 1880 3192 xlx,
1901 3161 1934 3193 q.
1956 3160 1967 3184 Ι
1988 3163 1998 3193 3
2017 3153 2129 3194 AEgid.
2145 3154 2260 3194 Rom„
2277 3154 2288 3185 I
2303 3154 2410 3194 Sent.‚

1386 3200 1462 3233 dist.
1477 3208 1550 3241 mx,
1563 3209 1597 3241 q.
1613 3208 1642 3240 1,·
1658 3199 1853 3240 Richard.,l
1871 3200 2228 3242 Sent.,dist.x1x,q.13
2245 3200 2411 3241 Diu-and„

1386 3247 1397 3278 l
1417 3247 1522 3288 Sent.,
1539 3247 1615 3278 dist.
1630 3254 1703 3287 xix,
1716 3256 1749 3287 q.
1765 3255 1793 3287 13
1812 3247 1938 3279 Marsil.
1954 3248 2135 3289 1nguen.,1
2158 3249 2263 3289 Sent„
2278 3257 2310 3289 q.
2323 3255 2411 3288 xxii,

1385 3298 1448 3326 art.
1468 3298 1502 3335 13
1524 3294 1639 3335 Steph.
1663 3294 1833 3335 Brulef.,1
1853 3296 1956 3334 Seni„
1983 3296 2060 3327 dist.
2088 3304 2161 3337 xix,
2189 3305 2222 3337 q.
2247 3304 2279 3336 13
2308 3295 2410 3336 Greg.

1384 3343 1504 3383 Arim¹>
1522 3343 1533 3374 1
1553 3343 1657 3381 Sent„
1679 3342 1756 3375 dist.
1775 3351 1848 3384 ΧΙΧ,
1870 3352 1904 3384 q.
1931 3351 1975 3385 113
2010 3345 2128 3375 Petrus
2154 3344 2195 3375 de
2220 3344 2410 3383 Tarantas.,

1383 3391 1519 3429 ISent.,
1546 3390 1620 3421 dist.
1650 3398 1729 3431 xlx,
1750 3399 1784 3431 q.
1805 3399 1835 3432 13
1854 3391 1954 3423 Gabr.
1976 3391 2072 3432 Biel„
2091 3391 2103 3421 l
2125 3392 2228 3430 Seni„
2242 3390 2318 3423 dist.
2332 3397 2408 3432 le,

1384 3447 1418 3480 q.
1439 3446 1462 3479 1,
1483 3440 1545 3470 art.
1562 3440 1634 3470 1.—
1647 3439 1767 3480 ²Aug.,
1784 3438 1824 3470 (le
1837 3439 1971 3480 Trinit„
1988 3439 2045 3472 lib.
2061 3440 2104 3480 V,
2121 3448 2150 3470 e.
2168 3447 2192 3479 1,
2208 3446 2244 3470 n.
2260 3439 2292 3470 2.

1427 3518 1472 3558 (a)
1491 3518 1572 3550 Caet.
1591 3518 1672 3550 edit.
1693 3521 1888 3561 generatur.
