2570 3986
255 290 313 317 xx
1075 272 1116 312 S.
1160 268 1562 312 BONAYENTURAE

306 382 324 402 »
351 365 507 406 Eodem
528 377 661 412 anno,
682 368 721 405 et
750 376 914 411 mense,
936 363 1001 402 die
1021 364 1094 411 28,
1121 361 1166 400 in
1197 361 1299 400 festo
1331 358 1617 411 apostolorum
1651 357 1762 399 Petri
1793 362 1833 400 et
1866 359 2006 410 Pauli,
2028 360 2227 403 dominus
2258 362 2370 415 Papa

254 437 477 478 celebravit
498 437 667 476 missam
689 436 730 475 in
749 435 898 487 majori
919 433 1091 473 eeclesia
1111 431 1240 471 saneti
1259 430 1431 470 Joannis
1453 428 1749 481 Lugdunensis
1764 462 1773 480 ,
1795 431 2073 472 existentibus
2094 432 2250 473 ibidem
2273 445 2370 474 om—

253 508 378 548 nibus
409 507 716 556 canlinalitms,
743 510 782 546 et
811 504 1013 558 preci-atis,
1038 503 1111 555 qui
1147 502 1198 542 ad
1230 500 1456 541 concilium
1489 500 1654 540 fuerant
1685 502 1860 542 evocati.
1882 500 2004 542 Lecta
2036 505 2097 543 651
2125 504 2296 556 epistola
2326 504 2370 545 in

252 579 406 626 latino,
427 583 467 619 et
488 590 650 630 grceeo,
671 581 710 618 et
738 579 953 617 cantatum
979 578 1039 614 est
1068 572 1419 624 Evangelium....
1445 571 1600 624 quibus
1629 572 1770 623 dictis,
1795 573 1920 614 frater
1950 572 2249 616 Bonaventura
2278 575 2373 616 fecit

252 662 490 690 sermonem
510 662 635 690 suum
653 661 784 701 usque
811 648 861 687 ad
882 648 1011 686 finem
1017 676 1096 685 .....
1887 639 1892 643 ’

312 739 329 759 a
351 721 506 761 Eodem
522 734 631 760 anno
646 723 683 760 et
701 730 843 759 mense
862 717 979 769 tjillii]
990 749 999 766 ,
1019 716 1083 756 die
1098 714 1326 764 dominico,
1341 714 1502 754 decima
1516 713 1665 766 quinta
1677 715 1883 767 ejusdem,
1897 714 1998 755 hora
2014 716 2254 756 matutinali
2268 718 2372 759 obiit

253 793 375 833 613116
396 793 611 832 memoriae
636 792 760 830 frater
778 789 1077 829 Bonaventura
1103 785 1353 826 Albanensis
1374 785 1617 838 episcopus,
1642 786 1714 838 qui
1734 786 1820 842 fuit⁴
1835 786 1964 826 homo
1982 787 2205 828 eminentis
2235 788 2374 830 scien-

252 864 321 904 tiae
340 867 379 903 et
400 862 668 915 eloquentiae,
699 861 765 901 vir
783 859 953 912 quidem
972 858 1187 898 sanctitate
1205 858 1469 909 praecipuu5,
1492 856 1601 904 vita,
1624 856 1988 898 commiseratione
2012 870 2060 898 36
2087 859 2278 900 moribus
2297 872 2373 901 ex-

253 934 554 975 cellentissimis
574 933 815 980 decoratus,
838 930 1073 981 benignus,
1096 928 1273 969 atl'abilis
1287 960 1297 978 ,
1319 928 1415 981 pius
1435 931 1475 968 et
1496 928 1755 979 misericors,
1776 929 2007 970 virtutibus
2035 929 2206 982 plenus,
2226 931 2310 972 Deo
2333 936 2374 973 et

253 1005 495 1046 hominibus
514 1004 701 1054 dilectus,
722 1002 795 1054 qui
817 1001 1006 1053 sepultus
1026 1002 1086 1040 est
1103 1000 1193 1053 ipso
1214 999 1281 1040 die
1301 999 1512 1040 dominico
1533 1001 1575 1039 in
1596 999 1685 1040 1060
1705 999 1904 1040 Fratrum
1923 999 2136 1041 Minorum
2155 1001 2372 1055 Lugduni,

252 1079 375 1128 cuius
405 1075 595 1128 exequiis
615 1073 804 1114 interfuit
824 1072 1024 1112 dominus
1044 1071 1157 1124 Papa
1183 1083 1281 1111 cum
1307 1070 1510 1111 omnibus
1540 1070 1748 1123 Praei-atis,
1781 1072 1855 1124 qui
1888 1075 2008 1112 erant
2039 1072 2085 1112 in
2116 1074 2313 1123 concilio,
2335 1076 2376 1115 et

251 1151 334 1187 tota
358 1148 486 1187 curia.
513 1146 559 1186 Et
583 1147 710 1186 frater
730 1144 877 1184 Petrus
898 1143 1098 1184 Ostiensis
1118 1142 1338 1195 episcopus
1369 1142 1595 1182 celebravit
1615 1142 1811 1194 missam,
1838 1149 1878 1183 et
1897 1143 2141 1196 praedicavit
2159 1144 2374 1197 proposito

251 1219 452 1268 themate,
475 1218 629 1258 scilicet
651 1232 658 1257 :
681 1217 800 1259 Doleo
819 1226 945 1267 super
966 1219 1021 1264 te,
1041 1217 1193 1256 Frater
1216 1215 1277 1255 mi
1293 1214 1494 1255 Jonatha.
1527 1213 1670 1254 Multae
1688 1214 1911 1267 lacrymae,
1935 1217 1975 1255 et
1994 1215 2181 1267 gemitus
2199 1215 2256 1256 ibi
2277 1216 2374 1256 fue-

248 1294 350 1330 runt
374 1305 381 1330 :
404 1290 513 1329 113116
531 1289 567 1329 61
588 1288 769 1340 gratiam
790 1289 1048 1327 concesserat
1067 1286 1292 1336 Dominus,
1312 1285 1426 1337 quod
1442 1285 1706 1338 quicumque
1725 1298 1825 1326 eum
1842 1286 2056 1337 videbant,
2078 1286 2210 1339 ipsius
2229 1299 2374 1328 amore

249 1361 525 1401 incontinenti
546 1359 818 1412 capiebantur
837 1371 890 1398 ex
910 1358 1048 1399 corde.

307 1448 324 1469 «
346 1431 501 1471 Eodem
531 1442 642 1471 anno
657 1463 666 1479 ,
698 1434 737 1470 et
758 1443 923 1481 mense,
947 1430 1012 1470 die
1034 1432 1083 1469 16
1111 1428 1324 1482 ejusdem,
1345 1429 1453 1468 facta
1481 1431 1542 1468 est
1570 1428 1718 1480 quinta
1738 1428 1865 1468 sessio
1882 1460 1891 1477 ,
1922 1428 1967 1467 in
1989 1440 2141 1480 qua....
2173 1428 2373 1470 dominus

247 1502 359 1555 Papa
379 1502 584 1542 allocutus
602 1506 662 1542 est
682 1502 922 1552 concilium,
944 1501 1086 1542 (1166115
1104 1500 1319 1553 quomodo
1340 1499 1522 1540 Ecclesia
1542 1499 1613 1540 Dei
1631 1499 1926 1541 inaestimabile
1944 1499 2152 1540 damnum
2176 1512 2373 1553 perpessa

248 1574 383 1614 suerat
413 1586 466 1613 ex
494 1573 613 1613 obitu
644 1572 784 1613 fratris
802 1571 1110 1613 Bonaventurae
1132 1571 1379 1612 Albanensis
1401 1571 1585 1624 episcopi
1607 1585 1615 1611 z
1640 1573 1679 1611 et
1699 1571 1918 1611 mandavit
1945 1571 2144 1612 omnibus
2164 1572 2369 1624 praelatis,

249 1649 288 1685 et
308 1645 506 1685 omnibus
530 1644 784 1697 presbyteris
803 1656 878 1696 per
896 1647 1031 1684 totum
1055 1644 1283 1692 mundum,
1308 1645 1356 1683 ut
1375 1642 1551 1695 quilibet
1570 1654 1720 1683 eorum
1739 1655 1871 1684 unam
1891 1643 2065 1683 missam
2086 1642 2254 1683 deberet
2272 1655 2370 1684 6311-

244 1719 332 1757 tare
354 1728 427 1769 pro
445 1716 588 1756 anima
606 1716 753 1768 11151115.
773 1730 791 1752 n

298 1788 454 1828 Verum
474 1800 527 1827 116
547 1787 650 1840 (1111(1
670 1786 856 1827 historiae
876 1786 979 1827 111116
998 1786 1118 1837 desit,
1140 1799 1247 1827 neve
1267 1786 1430 1839 aliquid
1450 1786 1710 1836 omittamus,
1727 1785 1840 1838 quod
1861 1786 1969 1825 scitu
1988 1785 2172 1838 dignum
2193 1785 2264 1836 sit,
2286 1798 2371 1826 non

245 1862 283 1900 te
304 1860 446 1912 pigeat
465 1859 613 1900 audire
629 1891 638 1906 ,
662 1870 758 1912 quae
786 1858 966 1899 Jacobus
990 1856 1289 1898 Volaterranus
1319 1859 1369 1899 de
1401 1858 1716 1898 canonizatione
1739 1857 1789 1910 (a)
1821 1856 2133 1897 Bonaventurae
2165 1857 2367 1899 narravit.

244 1930 454 1971 Malumus
474 1931 588 1971 enim
609 1930 662 1981 (id
683 1942 793 1983 saepe
813 1930 936 1970 liceat
956 1928 1084 1970 Nobis
1104 1930 1321 1982 replicare)
1339 1929 1535 1982 supparis
1555 1929 1777 1982 Scriptoris
1792 1929 1934 1970 verbis
1956 1928 2031 1979 uti,
2053 1941 2183 1981 quam
2200 1929 2367 1969 nostris.

250 2018 269 2041 (ι
291 2003 354 2043 Α(1
373 2003 483 2042 (116111
504 2005 525 2042 7
547 2002 706 2055 aprilis,
727 2001 801 2054 qui
818 2001 1058 2041 dominicus
1076 2001 1170 2050 fuit,
1188 2003 1230 2041 et
1249 2001 1292 2040 in
1311 2013 1395 2054 quo
1417 2001 1564 2042 cecidit
1582 2000 1847 2041 Resurrectio
1866 2000 2095 2042 Salvatoris
2113 2012 2226 2041 anno
2247 2002 2367 2051 1482,

243 2077 334 2114 acta
355 2074 499 2114 divina
521 2086 587 2114 res
607 2077 668 2113 est
686 2073 731 2112 in
752 2072 793 2113 S.
818 2071 930 2112 Petxi
948 2071 1144 2123 Ecclesia,
1166 2073 1211 2112 in
1233 2085 1365 2125 quam
1386 2072 1595 2113 descendit
1613 2072 1800 2125 pontifex
1822 2071 1966 2112 Sixtus
1982 2071 2049 2123 IV,
2072 2074 2113 2112 et
2129 2072 2370 2125 praeceden-

242 2145 355 2185 tibus
375 2145 420 2184 in
446 2144 794 2197 supplicationem
814 2144 1006 2196 patribus
1025 2146 1065 2184 61
1092 2144 1298 2197 episcopis
1318 2145 1363 2184 in
1385 2156 1502 2184 sacra
1524 2146 1638 2184 veste
1658 2143 1910 2192 constitutis,
1944 2143 2091 2184 ceteris
2123 2143 2367 2194 Ordinibus,

242 2219 282 2257 et
303 2216 489 2256 Praelatis
510 2217 555 2256 in
574 2216 719 2256 habitu
742 2219 1012 2256 6011511610...
1035 2216 1102 2256 (116
1122 2215 1317 2256 Mercurii
1346 2218 1439 2268 post
1459 2216 1562 2256 festa
1583 2213 1815 2268 paschalia,
1838 2215 1913 2268 qui
1938 2215 2018 2256 fuit
2048 2215 2237 2256 decimus
2256 2216 2368 2268 ejus-

243 2287 338 2327 dem
362 2288 531 2335 mensis,
556 2287 693 2328 vocati
714 2290 812 2328 sunt
835 2286 977 2327 Patres
997 2287 1042 2327 in
1064 2287 1284 2340 publicum
1300 2290 1512 2337 senatum,
1534 2287 1608 2339 qui
1629 2289 1798 2327 60361115
1821 2286 1900 2326 fuit
1921 2286 1966 2326 111
1988 2286 2189 2327 anteriori
2217 2286 2369 2339 majori

239 2359 336 2399 31113
357 2358 585 2411 pontificia.
610 2358 803 2398 Relatum
824 2362 886 2398 est
907 2359 952 2398 in
973 2371 1022 2398 60
1045 2359 1095 2399 cle
1123 2371 1310 2408 morum,
1338 2361 1377 2399 et
1394 2359 1494 2399 vitae
1514 2358 1795 2398 sanctimonia
1819 2358 1901 2399 viri
1925 2360 1966 2398 et
1987 2359 2116 2410 patris
2139 2358 2368 2398 beatissimi

243 2428 572 2480 Bonaventurae,
598 2442 726 2482 quem
750 2430 794 2469 in
815 2429 1069 2470 Sanctorum
1091 2434 1249 2471 coetum
1277 2430 1419 2483 plures
1447 2441 1590 2481 reges,
1617 2430 1829 2478 nationes,
1856 2432 1896 2469 et
1925 2429 2071 2482 populi
2099 2429 2369 2470 referendum

242 2514 328 2541 esse
361 2501 540 2542 summis
570 2501 764 2553 precibus
795 2514 819 2541 a
851 2502 1048 2554 pontifice
1077 2505 1117 2542 et
1144 2514 1262 2542 sacro
1297 2501 1472 2542 Patrum
1501 2504 1649 2541 senatu
1670 2501 1973 2553 efflagitabant.
1999 2500 2241 2541 Orationem
2266 2512 2367 2541 vero

242 2572 390 2613 habuit
411 2573 461 2613 de
482 2585 530 2613 63
552 2584 598 2612 re
621 2572 876 2613 clarissimus
902 2573 1239 2625 jurisconsultus
1268 2575 1308 2613 et
1337 2573 1575 2613 senatorius
1602 2572 1831 2613 advocatus
1855 2571 2134 2622 Octavianus;
2160 2583 2256 2624 quae
2292 2571 2368 2611 etsi

242 2648 410 2697 propter
432 2645 655 2697 strepitum
676 2644 1006 2696 frequentissimi
1029 2643 1208 2684 Senatus
1230 2644 1370 2685 audiri
1392 2645 1468 2685 vix
1498 2644 1653 2697 potuit,
1683 2643 1863 2683 mirifice
1896 2646 2039 2683 tamen
2077 2642 2368 2683 commendata

242 2716 319 2755 fnit
341 2716 392 2755 ab
426 2716 495 2764 iis,
526 2716 598 2767 qui
630 2715 752 2755 illum
785 2715 1028 2756 audierunt.
1066 2715 1216 2756 Paucis
1246 2728 1344 2756 cum
1381 2715 1663 2768 respondisset
1693 2713 1911 2764 PontifeX,
1935 2714 2148 2754 commisit
2181 2713 2368 2754 Praeiatis

244 2787 440 2827 omnibus
460 2787 504 2826 in
528 2786 717 2827 Romana
740 2786 863 2827 Curia
885 2787 1183 2837 existentibus,
1206 2789 1254 2827 ut
1282 2791 1323 2826 et
1344 2787 1423 2839 ipsi
1445 2787 1495 2827 de
1518 2786 1677 2826 meritis
1697 2785 1809 2825 beati
1838 2784 1969 2825 Patris
2000 2785 2134 2826 edocti
2159 2785 2205 2826 in
2229 2786 2367 2838 primo

246 2856 402 2898 Senatu
436 2870 484 2897 ea
507 2861 672 2898 tantum
706 2870 833 2898 631153
863 2859 1054 2909 cogendo
1078 2858 1331 2899 sententiam
1358 2858 1556 2898 dicerent.
1581 2857 1654 2897 1116
1684 2857 1818 2909 igitur
1841 2856 2032 2907 veneris,
2056 2857 2130 2909 qui
2161 2860 2367 2910 sequutus

243 2933 318 2977 est,
356 2929 436 2968 fuit
469 2932 609 2969 autem
644 2928 919 2969 duodecimus
955 2930 1111 2970 mensis
1145 2930 1311 2983 aprilis,
1345 2930 1482 2971 vocati
1517 2930 1563 2970 in
1595 2929 1830 2971 Concilium
1863 2929 1980 2970 fuere
2011 2941 2098 2969 non
2131 2928 2362 2970 cardinales

243 3000 389 3050 modo,
412 3000 482 3040 sed
503 3000 684 3052 episcopi
707 3012 874 3051 omnes,
900 3000 1084 3051 abbateS,
1109 3004 1258 3042 etc.....
1284 3001 1332 3042 [n
1355 3013 1403 3042 eo
1424 3005 1573 3042 senatu
1596 3001 1752 3041 iterum
1780 3001 1919 3041 oravit
1940 2999 2210 3051 Octavianus,
2237 3012 2365 3053 quem

243 3070 344 3118 dixi,
370 3073 409 3110 et
429 3071 527 3123 quia
551 3071 681 3123 1111011
704 3074 853 3111 56113111
875 3084 899 3111 3
919 3072 1063 3124 paucis
1082 3072 1219 3113 fuerat
1240 3086 1314 3126 per
1339 3073 1562 3126 strepitum
1584 3072 1773 3121 auditus,
1800 3071 2008 3121 eamdem,
2036 3075 2081 3112 ut
2103 3072 2244 3123 audio,
2266 3084 2365 3112 ora-

241 3143 400 3182 tionem
426 3142 614 3181 recitavit
648 3155 745 3182 cum
775 3155 944 3183 summa
975 3144 1206 3185 attentione
1229 3148 1269 3185 et
1292 3144 1671 3185 commendatione.
1705 3142 1856 3195 Rogati
1889 3143 2158 3195 postmodum
2180 3143 2365 3196 episcopi

243 3217 283 3254 et
304 3213 430 3254 ceteri
451 3214 703 3253 sententiam
727 3214 883 3264 dicere3
909 3215 1192 3256 cardinalibus
1218 3217 1462 3267 silentibus,
1487 3216 1722 3268 praesulum
1747 3215 1925 3267 quisque
1942 3246 1952 3264 ,
1975 3217 2100 3267 prout
2118 3215 2208 3255 1060
2230 3226 2366 3267 praee-

242 3288 329 3335 rat,
366 3286 423 3324 ita
455 3285 704 3325 sententiam
743 3285 852 3325 dixit
888 3300 895 3324 :
920 3285 1089 3326 Censuit
1124 3300 1222 3335 pars
1261 3290 1396 3340 major
1412 3320 1421 3337 ,
1458 3287 1801 3328 Bonaventuram
1835 3286 2104 3326 referendum
2142 3297 2229 3326 esse
2257 3286 2366 3326 inter

243 3355 437 3405 Sanctos,
465 3368 572 3408 quos
606 3356 701 3395 colit
733 3354 936 3406 Ecclesia,
970 3358 1315 3411 quandoquidem
1344 3371 1393 3399 ea
1413 3371 1499 3400 non
1532 3361 1669 3411 posset
1701 3369 1841 3399 errare
1871 3372 1879 3397 :
1911 3357 2079 3398 credere
2109 3357 2223 3397 enim
2256 3369 2366 3410 pon-

241 3427 402 3474 titicem·
429 3426 753 3479 diligentissime
788 3426 900 3467 beati
933 3429 1013 3470 viri
1053 3430 1229 3480 merita,
1273 3435 1314 3471 et
1353 3430 1558 3470 miracula
1590 3432 1903 3482 perscrutatum
1943 3440 2054 3479 esse,
2082 3431 2122 3469 et
2150 3441 2225 3481 per
2254 3429 2366 3482 seip-

242 3514 360 3550 sum,
391 3503 432 3541 et
451 3511 526 3553 per
548 3510 619 3539 eos
649 3498 901 3550 cardinales,
937 3512 1044 3552 quos
1075 3501 1126 3541 ad
1161 3501 1203 3542 id
1234 3502 1369 3543 multo
1394 3504 1491 3543 31116
1520 3504 1710 3555 tempore
1738 3501 1974 3554 delegiSsct.
2009 3498 2146 3541 Fuere
2170 3512 2224 3541 ex
2248 3499 2365 3541 Prae-

285 3591 328 3633 (a)
351 3590 443 3622 Edit.
470 3590 545 3621 Ven.
566 3587 753 3629 apotheosi.
