2570 3986
1056 282 1232 325 SECTIO
1262 282 1331 323 III.
2136 292 2247 320 Lxxv

132 412 220 454 XII.
255 412 508 455 collationes
530 416 615 455 octo
638 411 696 453 ad
721 412 890 454 Fratres
916 411 1121 452 Tolosates
1144 408 1312 450 habites.
1336 405 1604 449 Prichz'dc,
1635 405 1784 447 cmz‘mo,
1811 414 1903 445 mea
1927 405 2148 456 innovata,
2169 407 2246 446 etc.

186 519 230 560 Si
254 520 357 572 quid
383 521 593 572 sapimus,
622 531 824 559 acervum
850 519 966 558 hunc
986 529 1074 557 esse
1099 516 1308 556 credimus
1327 512 1613 565 complurium
1633 511 1913 552 Collationum
1930 543 1941 561 ,
1972 522 2077 563 quas
2099 510 2251 562 aliquis

132 591 384 632 stramineus
419 594 564 631 auctor
588 602 641 630 ex
664 590 794 630 variis
822 588 1097 641 scriptoribus
1131 587 1324 638 collegit,
1345 588 1386 626 et
1411 585 1456 624 in
1475 596 1615 625 unum
1634 595 1740 636 opus
1760 582 1983 622 contraxit.
2013 581 2251 622 Suademur

133 674 158 702 a
174 662 312 714 prima
329 662 481 702 harum
502 660 726 701 Collatione
741 693 751 711 ,
775 672 872 713 quae
899 660 1069 712 quidem
1091 659 1123 698 si
1143 671 1230 699 non
1248 656 1456 698 verbatim
1470 688 1480 706 ,
1512 658 1554 695 at
1581 655 1728 695 saltem
1749 654 1937 694 maxima
1959 665 2012 693 ex
2033 654 2149 705 parte
2177 651 2253 692 de-

132 735 302 786 sumpta
319 732 485 773 videtur
503 731 555 771 ab
575 730 774 772 Ubertino
795 731 990 771 Minorita
1007 743 1031 770 a
1047 730 1179 770 Casali
1192 761 1202 779 ,
1228 728 1301 781 qui
1321 728 1516 768 currente
1535 726 1678 766 seculo
1699 725 1789 765 XIV
1811 737 1971 776 magna
1995 735 2093 764 cum
2113 723 2255 763 nomi-

131 805 198 845 nis
213 805 279 845 sui
295 802 530 844 celebritate
551 802 762 843 inclaruit.
790 802 907 842 Hanc
926 802 1061 854 placet
1081 800 1351 841 Collationem
1374 798 1562 839 conferre
1582 809 1681 837 cum
1701 809 1790 850 cap.
1812 810 1855 836 xi
1872 828 1881 846 ,
1903 796 1976 835 lib.
2010 798 2049 845 sl,
2080 793 2256 836 Arboris

132 876 236 918 vitoe
261 874 482 925 crucifixos
492 886 510 926 ,·
532 873 590 913 sic
611 873 726 914 enim
749 876 923 914 vocatur
944 872 1058 926 Opus
1083 872 1135 912 ab
1161 870 1359 912 Ubertino
1379 870 1616 911 confectum
1630 902 1641 921 ,
1669 871 1710 909 et
1733 869 1785 909 ab
1810 869 1978 909 Andrea
1996 869 2048 909 de
2072 867 2258 912 Bonettis

136 947 186 988 de
202 945 329 999 Papia
344 944 527 986 Venetiis
546 944 707 985 editum
727 956 797 985 an.
820 946 940 984 1485.

527 1106 765 1149 Uberttmcs.

189 1232 308 1274 «Sed
337 1232 453 1284 vide,
482 1233 624 1273 anima
653 1245 748 1274 mea
780 1233 996 1282 innovata,
1034 1233 1157 1286 signa

131 1305 343 1348 charitatis
362 1309 402 1346 et
421 1305 682 1346 mirabilia...

185 1398 204 1420 »
227 1381 368 1421 Primo
397 1380 462 1421 vis
489 1380 636 1421 videre
668 1380 934 1420 eternitatem
967 1392 1123 1421 novam
1145 1394 1154 1421 :

130 1454 232 1507 quia
256 1452 387 1493 Filius
408 1452 480 1492 Dei
505 1455 566 1492 est
589 1453 721 1492 factus
745 1452 989 1504 temporalis
1010 1464 1154 1493 caro...

184 1610 202 1633 n
227 1595 344 1646 Vide,
372 1595 516 1635 anima
535 1607 630 1635 mea
653 1609 662 1635 τ.
684 1606 771 1635 11011
791 1596 954 1646 poterat
976 1596 1017 1634 te
1043 1593 1156 1633 redi—

132 1679 248 1708 mere
267 1667 350 1707 nisi
369 1667 552 1720 pretium
572 1666 745 1706 haberet
763 1680 771 1706 :
793 1678 870 1706 nec
891 1665 1068 1705 debebat
1092 1677 1158 1705 se-

133 1738 323 1779 cundum
349 1738 490 1790 legem
507 1770 517 1786 ,
547 1738 630 1778 nisi
655 1740 761 1777 esset
786 1737 1052 1789 propinquus
1077 1736 1157 1776 ho-

134 1822 204 1851 mo
224 1824 233 1851 z
259 1810 435 1863 propius
453 1812 542 1850 erat
571 1824 580 1850 :
610 1809 681 1849 sed
705 1809 890 1862 pretium
915 1820 1002 1848 non
1027 1807 1158 1847 habe-

134 1882 230 1922 bat:
249 1881 359 1922 Deus
374 1881 559 1935 pretium
574 1881 756 1922 habebat
776 1896 784 1921 ;
807 1881 878 1921 sed
894 1880 1160 1933 propinquus

134 1965 222 1994 non
240 1955 343 1994 erat.
360 1966 380 1991 1)

1499 1104 2009 1147 Pseudo-Bonaventuroe.

1291 1249 1310 1272 «
1328 1233 1444 1283 Vide,
1464 1232 1606 1273 anima
1621 1242 1717 1270 mea
1731 1229 1953 1280 innovata,
1970 1229 2180 1269 mirabilia
2189 1241 2260 1270 ve-

1232 1304 1413 1345 ritatis...

1285 1391 1304 1413 »
1328 1375 1470 1417 Primo
1498 1376 1564 1416 vis
1593 1375 1737 1415 videre
1767 1373 2045 1414 aeternitatem
2074 1384 2258 1421 novam,

1232 1448 1331 1500 quia
1351 1447 1425 1500 qui
1446 1447 1559 1487 filius
1578 1446 1650 1487 Dei
1670 1448 1731 1486 est
1757 1444 2022 1492 aeternaliter,
2053 1455 2148 1484 caro
2174 1444 2261 1483 fac-

1233 1522 1301 1559 tus
1321 1522 1381 1558 est
1400 1517 1735 1570 temporaliter...

1286 1605 1304 1627 »
1330 1589 1446 1640 Vide,
1469 1589 1611 1629 anima
1636 1600 1731 1628 mea
1753 1602 1760 1627 :
1784 1599 1872 1627 non
1897 1588 2058 1639 poterat
2083 1590 2123 1625 te
2146 1586 2261 1626 redi—

1234 1673 1365 1710 mere,
1386 1661 1467 1700 nisi
1484 1661 1657 1700 haberet
1675 1659 1860 1712 pretium
1882 1670 1985 1698 :nec
2003 1657 2179 1697 debebat
2194 1670 2263 1698 50-

1235 1733 1423 1774 cuudum
1440 1733 1595 1785 legem,
1614 1731 1695 1772 nisi
1707 1733 1813 1771 esset
1826 1730 2109 1783 propinquus.
2128 1729 2263 1769 Homo

1234 1805 1499 1858 propinquus
1522 1807 1633 1852 erat,
1661 1803 1733 1844 sed
1754 1802 1935 1856 pretium
1956 1814 2043 1842 non
2063 1801 2261 1841 habebat.

1234 1876 1344 1917 Deus
1364 1876 1549 1929 pretium
1568 1875 1750 1915 habebat
1763 1906 1773 1925 ,
1795 1874 1866 1915 sed
1887 1873 2152 1927 propinquus
2177 1884 2264 1913 non

1234 1951 1336 1989 erat.
1356 1962 1374 1985 »

195 2096 282 2138 Hoc
303 2095 485 2137 sufficiat
513 2095 725 2149 specimen
740 2127 750 2144 ,
773 2107 826 2135 ex
848 2106 933 2147 quo
961 2093 1154 2147 plagium
1175 2095 1317 2146 aperte
1345 2092 1537 2144 dignosci
1558 2090 1685 2144 possit
1704 2089 1893 2130 omnino.
1927 2087 2049 2138 Quid,
2080 2087 2191 2140 quod
2213 2087 2266 2128 ad

137 2168 294 2208 calcem
315 2167 701 2208 Bonaventurianae
723 2166 976 2214 CollationiS,
1006 2164 1195 2206 Ubertim'
1223 2176 1380 2204 nomen
1401 2163 1581 2215 legitur?
1605 2164 1661 2203 At
1676 2162 1849 2202 fortasse
1876 2173 1975 2201 cum
1993 2159 2229 2210 Waddingo
2252 2163 2263 2184 1

135 2251 328 2292 repones,
348 2238 539 2280 Ubertini
554 2251 711 2279 nomen
731 2251 753 2279 e
770 2238 966 2290 margine
982 2237 1027 2276 in
1044 2239 1208 2277 textum
1225 2236 1401 2276 fortuito
1413 2235 1642 2288 irrepsisse.
1664 2233 1743 2273 Sed
1759 2233 1838 2273 hoc
1856 2232 2047 2273 divinare
2065 2234 2140 2281 est,
2158 2243 2265 2283 prae-

135 2311 279 2352 sertim
299 2323 399 2351 cum
418 2310 753 2363 Argentinensis,
773 2309 946 2360 Veneta,
969 2311 1009 2349 et
1025 2308 1214 2348 Romana
1234 2307 1543 2360 Opusculorum
1565 2305 1878 2346 Bonaventurae
1900 2304 2050 2351 Editio,
2071 2302 2264 2343 Ubertini

135 2394 291 2423 nomen
321 2382 365 2422 in
396 2382 474 2422 hac
494 2381 720 2422 Collatione
746 2382 931 2434 positum
966 2379 1174 2433 praeferat.
1206 2378 1344 2419 Minus
1376 2379 1549 2418 firmum
1575 2377 1680 2417 illud
1705 2388 1792 2417 esse
1823 2388 1910 2416 non
1941 2375 2110 2415 videtur
2131 2386 2265 2425 argu-

136 2456 345 2504 mentum,
367 2453 481 2506 quod
507 2465 560 2493 ex
580 2453 804 2494 Collatione
821 2451 893 2493 VII
923 2451 1204 2504 depromam:
1228 2451 1279 2490 ad
1300 2452 1422 2503 quus
1443 2449 1597 2489 calcem
1618 2448 1823 2500 leguntur
1849 2448 1928 2487 ista
1949 2459 1958 2486 :
1987 2447 2066 2492 Qui
2093 2446 2265 2487 laxiora

136 2524 290 2578 quoerit
309 2527 346 2566 et
363 2524 626 2575 remissiora,
642 2534 804 2577 semper
823 2525 871 2565 in
890 2524 1106 2575 anqustiis
1125 2523 1222 2572 erit,
1245 2524 1341 2571 etc„
1362 2524 1407 2563 ut
1422 2524 1541 2573 patet
1564 2522 1611 2562 in
1631 2520 1778 2562 devoto
1797 2518 1933 2560 libello
1953 2518 2002 2559 de
2020 2518 2264 2559 imitatione

136 2596 310 2638 Domini
337 2597 476 2638 nostri
500 2597 602 2637 Jesu
635 2595 808 2637 Christi.
845 2594 1097 2647 Quanquam
1129 2605 1298 2634 summo
1327 2592 1573 2632 animorum
1602 2595 1709 2632 aestu
1737 2591 1953 2642 litigatum
1985 2589 2060 2639 sit,
2092 2588 2265 2628 cuinam

136 2667 403 2721 potissimum
421 2667 587 2708 libellus
605 2667 674 2707 hic
693 2666 930 2717 conveniat,
952 2666 998 2706 in
1017 2666 1097 2706 hoc
1116 2668 1259 2705 tamen
1279 2664 1547 2705 consentiunt
1565 2663 1846 2704 Bellarminus
1860 2694 1870 2712 ,
1891 2661 2138 2701 Heribertus
2160 2659 2264 2700 Ros-

137 2739 301 2790 veidus,
319 2738 527 2779 Henricus
545 2738 801 2779 Sommalius
814 2771 824 2789 ,
846 2737 1001 2790 aliique
1023 2737 1240 2790 peritiores
1258 2736 1365 2776 bene
1390 2736 1539 2784 multi,
1560 2738 1609 2775 ut
1628 2734 1789 2775 nemini
1811 2734 1953 2774 verius
1981 2731 2267 2784 assignandus

138 2810 204 2862 sit,
224 2822 354 2863 quam
372 2809 547 2851 Thomae
567 2809 806 2863 Kempensi,
829 2809 1028 2861 religioso
1051 2808 1178 2848 simul
1203 2820 1251 2848 ac
1278 2807 1519 2848 doctissimo
1540 2805 1749 2859 scriptori.
1777 2805 1860 2845 Nec
1886 2816 1986 2845 vero
2012 2804 2180 2844 obstant
2200 2815 2264 2851 ea,

140 2893 236 2934 quae
259 2881 558 2922 Constantinus
577 2881 811 2934 CaJetanuS,
830 2881 971 2921 Abbas
990 2879 1125 2920 Casin.
1148 2879 1190 2920 S.
1217 2879 1428 2919 Benedicti
1448 2883 1476 2929 2,
1498 2879 1542 2918 in
1573 2877 1763 2917 medium
1793 2876 1971 2928 profert,
1992 2877 2039 2915 ut
2058 2875 2138 2915 hoc
2172 2877 2267 2914 tan-

141 2956 234 2993 tum
255 2952 517 3006 Opusculum
536 2965 615 2993 suo
635 2953 855 3004 consignet
874 2951 893 2992 J
898 2952 1025 2992 oanni
1043 2951 1210 3001 Gessen,
1233 2950 1349 3001 italo,
1374 2953 1414 2990 et
1435 2949 1477 2990 S.
1510 2948 1721 2990 Benedicti
1746 2947 1896 2987 Abbati
1921 2961 1930 2986 t
1958 2958 2059 2986 nam
2082 2957 2179 2998 quae
2199 2945 2269 2986 1110

143 3026 229 3065 toto
246 3025 344 3065 nisu
363 3025 555 3076 congerit
574 3026 854 3064 monumenta
869 3055 879 3074 ,
901 3026 974 3063 aut
992 3022 1100 3062 nihil
1116 3022 1276 3072 valent,
1298 3025 1372 3061 aut
1387 3021 1421 3061 si
1446 3020 1550 3073 quid
1567 3020 1722 3067 valent,
1746 3031 1794 3058 eo
1821 3017 1994 3058 virtutis
2014 3017 2268 3069 neutiquam

144 3096 496 3148 progrediuntur,
526 3098 574 3135 ut
594 3098 756 3135 certum
787 3093 969 3135 Gessenii
1001 3094 1151 3134 foetum
1178 3093 1370 3145 probent.
1407 3092 1552 3145 Itaque
1584 3090 1809 3143 Kempensi
1844 3089 2069 3129 constituto
2097 3090 2268 3128 auctore

145 3165 274 3207 libelli
293 3179 302 3207 :
324 3166 373 3209 de
389 3167 640 3209 Imitatione
662 3165 835 3215 Christi,
855 3165 975 3206 facile
996 3166 1175 3218 quisque
1192 3164 1331 3204 obtusi
1350 3163 1477 3203 etiam
1495 3162 1657 3214 ingenii
1677 3161 1917 3213 intelligere
1942 3160 2108 3213 poterit,
2132 3158 2268 3199 Colla-

147 3236 279 3278 tiones
295 3238 386 3289 has,
409 3250 514 3291 quas
532 3238 754 3290 hucusque
772 3237 1056 3286 laudavimus,
1075 3236 1229 3289 partim
1247 3247 1300 3275 ex
1313 3234 1528 3283 Ubertino,
1551 3233 1705 3286 partim
1725 3245 1778 3273 ex
1792 3232 2032 3285 Kempensi,
2050 3231 2268 3283 hujusque

149 3309 315 3359 generis
333 3309 605 3362 scriptoribus
624 3310 842 3361 excerptas
857 3308 999 3348 fuisse.

192 3390 346 3432 ¹Syllab.
365 3393 493 3434 Script.
516 3392 590 3425 Ord
630 3417 636 3424 .
657 3394 756 3432 Min,
777 3401 811 3433 p.
831 3394 882 3424 76.
899 3409 938 3415 -
956 3393 1019 3424 211]
1038 3399 1141 3432 opere
1162 3389 1202 3421 de
1223 3392 1350 3423 [mitat.
1374 3390 1521 3429 Christi,
1541 3390 1674 3430 Romae,
1697 3392 1790 3430 1596,
1811 3392 1894 3431 p.21
1918 3392 1951 3421 et
1969 3397 2065 3430 seqq.
