2613 3990
260 202 337 240 432

263 291 375 328 tat-ur
394 285 616 327 concretio.
639 283 769 324 Aliter
789 281 903 322 enim
933 279 1187 331 importatur
1207 286 1280 327 per

260 359 455 407 verbum,
476 356 594 397 aliter
613 367 687 408 per
706 365 861 393 nomen
881 349 1152 402 adJectivum.
1174 345 1281 394 Quia

259 430 371 469 enim
390 428 570 468 verbum
591 427 788 478 importat
812 425 967 470 aetum,
989 423 1036 460 ut
1056 418 1277 471 egredien-

259 504 363 549 tem;
387 499 478 540 ideo
497 498 574 537 snb
589 496 770 549 quadam
787 492 982 533 distantia
1004 504 1012 531 :
1036 494 1076 531 et
1096 490 1188 529 ideo
1206 489 1281 527 im-

261 574 395 625 portat
416 570 494 610 snb
514 568 694 621 quadam
724 563 1008 604 inclinatione.
1036 561 1080 600 lit
1111 562 1283 613 propter

260 645 337 685 hoc
358 643 456 695 quia
487 642 530 680 in
564 637 756 679 distantia
780 635 991 687 importat,
1013 645 1099 672 11011
1128 629 1284 671 claudit

261 712 367 752 intra
387 724 428 751 sc
449 709 728 762 suppositmn,
752 707 882 746 11111110
906 706 1069 756 oportet
1086 701 1198 753 aliod
1216 700 1285 740 ad-

260 783 382 822 datur
402 785 533 829 extra,
555 779 634 819 nisi
655 779 794 817 locum
815 775 1038 816 exterioris
1061 771 1284 813 additionis

261 853 448 906 suppleat
469 849 781 897 demonstratio,
809 860 904 900 qum
923 849 983 886 est
1003 845 1045 884 in
1065 846 1162 884 actu
1182 854 1284 895 pro-

261 926 348 978 prie
377 923 524 976 primm
556 925 595 961 et
621 919 815 960 secunda}
845 928 1052 970 personae,
1082 914 1285 967 quoniam

261 1007 425 1047 semper
442 996 539 1033 sunt
561 994 786 1045 praesentes
803 992 842 1029 ct
862 985 1218 1029 demonstrativae.
1236 984 1286 1024 Et

262 1067 352 1105 ideo
367 1078 447 1117 qua
456 1064 563 1104 mvis
580 1063 776 1115 importet
788 1061 831 1100 in
848 1058 1125 1106 concretione,
1143 1059 1287 1095 tamen

262 1151 347 1177 non
363 1137 559 1189 importat
572 1134 652 1174 nisi
667 1132 925 1178 relationem,
941 1132 1151 1183 quantum
1163 1129 1223 1167 est
1236 1126 1287 1166 de

262 1222 319 1257 se,
338 1220 424 1248 non
442 1205 709 1259 suppositum
727 1220 734 1244 :
753 1203 823 1243 sest
841 1214 998 1242 nomen
1012 1198 1285 1251 adjectivum,

263 1281 374 1320 idem
395 1278 652 1330 significans,
685 1275 894 1327 significat
918 1276 965 1313 ut
988 1271 1288 1324 proprietatem

263 1351 562 1391 informantem
585 1363 593 1388 ε
620 1351 659 1388 et
681 1347 773 1387 ideo
794 1346 837 1385 in
859 1344 1042 1398 quadam
1070 1342 1231 1383 unione
1250 1342 1290 1380 et

265 1421 507 1463 indistantia
534 1435 542 1461 :
572 1423 609 1460 et
632 1419 723 1459 ideo
741 1418 919 1458 formam
938 1414 1066 1455 51111111
1085 1413 1291 1466 importat

264 1497 301 1533 et
334 1492 624 1546 suppositum,
654 1493 703 1531 ut
730 1502 829 1530 cum
856 1488 1008 1528 dicitur
1027 1485 1183 1534 album,
1207 1483 1290 1523 nisi

265 1565 474 1616 significet
508 1564 688 1603 formam
718 1561 761 1601 in
793 1558 1085 1607 abstractione,
1115 1559 1162 1596 ut
1193 1566 1291 1595 cum

266 1636 419 1676 dicitur
439 1634 595 1677 albedo.
619 1633 708 1673 Hoc
727 1631 944 1673 attendens
964 1628 1161 1681 Magister
1176 1626 1289 1675 dicit,

266 1707 379 1759 quod
400 1706 631 1747 paternitas
650 1707 690 1745 et
709 1703 888 1753 Filiatio,
905 1701 1083 1754 gignere
1097 1701 1137 1740 et
1152 1696 1291 1750 gigni,

266 1779 410 1820 dieunt
425 1780 593 1818 tantum
610 1775 848 1817 relationes.

686 1915 778 1962 DUB.
803 1914 862 1943 IV.

267 2006 351 2038 Ctun
370 2015 451 2037 vero
471 2005 611 2037 nomina
629 2004 831 2036 relationum
846 2001 1005 2043 ponimus
1025 2000 1060 2032 in
1078 1998 1269 2041 praedicatis
1285 2023 1295 2039 ‚

284 2054 438 2086 notiones
459 2053 547 2094 ipsas
566 2055 695 2084 tantum
716 2051 961 2092 significamus,
982 2058 1051 2080 non
1068 2047 1280 2088 hypostases.

322 2148 475 2188 Contra
498 2161 506 2187 :
537 2146 638 2198 quia
669 2145 705 2185 si
735 2144 815 2185 hoc
843 2154 996 2185 verum
1024 2143 1098 2190 est,
1121 2139 1294 2193 quando

270 2219 422 2261 dicitur
445 2232 453 2258 :
482 2234 501 2256 α
530 2216 719 2257 Essentia
748 2219 809 2256 est
838 2214 979 2264 Pater3
1008 2228 1026 2251 n
1053 2224 1151 2253 cum
1177 2210 1299 2252 Pater

271 2289 455 2340 ponatur
486 2286 532 2326 in
562 2284 810 2338 praedicato,
833 2286 912 2324 stat
930 2285 1097 2323 tantum
1122 2292 1198 2333 pro
1219 2292 1298 2320 no-

275 2359 387 2399 tione
411 2370 420 2398 :
443 2369 545 2409 ergo
568 2357 679 2397 idem
698 2358 760 2396 est
781 2355 919 2395 dicere
948 2369 957 2395 :
993 2369 1012 2392 (ι
1031 2351 1218 2393 Essentia
1238 2353 1300 2391 est

276 2433 411 2480 Pater,
444 2443 462 2466 n
491 2441 539 2469 ac
566 2428 601 2468 si
633 2428 838 2468 diceretur
866 2441 874 2467 ε
910 2441 928 2463 «
952 2424 1139 2466 Essentia
1167 2434 1300 2475 gene-

274 2504 364 2542 rat:
384 2516 402 2538 n
427 2500 498 2541 sed
518 2501 610 2540 haec
629 2502 689 2540 est
707 2499 810 2539 falsa
833 2512 842 2538 z
865 2509 983 2549 ergo,
1007 2498 1083 2536 etc.

327 2572 447 2625 Resp.
471 2571 699 2613 Dicendum
727 2569 839 2623 quod
859 2568 1056 2622 quaedam
1082 2568 1301 2620 ponuntur

275 2644 319 2684 in
336 2644 560 2697 praedicato
574 2655 649 2697 per
662 2645 860 2683 naturam
882 2640 1097 2694 propriam
1112 2641 1152 2679 et
1164 2637 1301 2690 signi-

275 2716 535 2765 ficationem3
552 2717 592 2755 et
605 2714 704 2755 talia
717 2716 814 2754 sunt
825 2724 921 2765 quce
938 2712 1168 2765 important
1181 2722 1303 2751 com-

277 2787 541 2840 positionem,
555 2786 662 2826 sicut
676 2785 804 2826 verba
818 2799 826 2825 :
841 2787 881 2825 et
889 2784 940 2825 de
951 2784 1102 2824 talibus
1114 2781 1302 2835 loquitur

277 2857 491 2909 Magister.
514 2857 716 2907 Quaedam
749 2857 808 2897 ita
832 2858 1050 2909 ponuntur
1077 2855 1121 2894 in
1147 2853 1303 2906 praedi—

278 2931 383 2979 cato,
403 2929 515 2981 quod
541 2931 639 2969 sunt
659 2932 757 2969 nata
776 2927 940 2980 subjici,
970 2929 1018 2968 ut
1040 2926 1121 2967 hoc
1147 2936 1304 2965 nomen

278 2999 416 3046 Pater,
447 3003 486 3040 et
517 3000 596 3041 hoc
624 3011 781 3040 nomen
805 2998 944 3040 Filius
963 3012 977 3038 :
1003 3001 1044 3038 et
1064 2997 1176 3047 talia,
1205 2996 1305 3049 quia

279 3083 370 3111 non
386 3070 523 3111 solum
538 3074 635 3111 nata
647 3071 882 3124 praedicari,
897 3081 1050 3111 verum
1064 3069 1191 3110 etiam
1207 3067 1305 3108 sub-

277 3142 366 3195 Jici,
396 3145 572 3195 possunt
601 3142 828 3195 importare
856 3141 1115 3183 intellectum
1144 3141 1304 3194 hypos-

279 3214 392 3255 tasis.
415 3212 532 3254 Unde
553 3214 731 3254 verbum
758 3213 950 3266 Magistri
978 3212 1305 3264 intelligendum

285 3288 347 3325 est
365 3297 464 3327 cum
483 3285 747 3338 praecisione,
773 3285 925 3326 scilicet
952 3285 1002 3325 de
1032 3284 1113 3324 illis
1130 3296 1227 3337 quae
1248 3284 1308 3324 ita

281 3359 381 3398 nata
397 3359 496 3397 sunt
514 3355 746 3410 praedicari,
765 3356 878 3409 quod
897 3367 985 3397 non
1003 3355 1179 3409 subjici:
1198 3357 1239 3396 et
1251 3354 1310 3396 ita

282 3441 371 3470 non
389 3428 517 3469 hahet
533 3426 790 3469 instantiam.

325 3515 335 3537 ¹
352 3514 405 3555 Cf.
426 3514 521 3547 Alex.
537 3513 682 3554 Alensis,
701 3522 734 3554 p.
753 3513 784 3554 Ι,
804 3522 837 3554 q.
855 3520 934 3554 xxl,
955 3512 1081 3545 memb.
1099 3515 1116 3546 3
1127 3523 1138 3555 3
1162 3514 1305 3555 Scotus,

1023 183 1432 230 SENTENTIARUM
1462 184 1558 224 LIB.
1591 183 1621 223 l.

1785 323 1874 351 DUB.
1910 322 1953 349 V.

1356 413 1633 446 Characteristica
1654 424 1736 445 vcro
1766 416 1796 445 ct
1832 411 2088 443 determinativa
2118 412 2195 442 sunt
2221 410 2379 452 lrvposta-

1624 471 1726 501 scon,
1744 464 1776 492 ct
1795 469 1862 492 non
1880 462 2026 495 naturae„
2048 460 2113 490 etc.

1410 558 1583 599 Videtur
1597 559 1704 599 male
1720 557 1870 607 dicere,
1887 557 1985 610 qnia
2001 555 2273 609 proprietates
2287 566 2381 607 qna}

1358 641 1443 668 non
1473 629 1756 669 determinant
1786 632 1999 676 naturam,
2021 629 2121 667 sunt
2141 638 2226 666 non
2255 629 2383 666 natu-

1360 697 1495 746 rales3
1530 697 1631 748 quia
1659 697 1798 736 omnis
1826 695 2058 749 proprietas
2086 694 2304 744 naturalis,
2337 706 2385 733 eo

1359 767 1449 819 ipso
1464 767 1577 819 quod
1592 768 1795 807 naturalis
1809 771 1883 818 est,
1897 769 2094 807 naturam
2106 764 2359 805 determinat
2375 779 2382 804 :

1360 850 1464 890 ergo
1483 838 1516 877 si
1538 838 1874 891 proprietatesin
1899 837 2052 878 divinis
2079 848 2166 876 non
2189 835 2388 876 determi-

1360 912 1464 949 nant
1495 912 1713 960 naturam,
1744 922 1830 949 non
1862 912 1962 949 sunt.
1993 907 2210 948 naturales
2242 921 2250 945 ;
2285 918 2388 958 ergo

1361 984 1514 1033 praeter
1534 983 1731 1020 naturam
1753 992 1762 1020 ε
1786 992 1889 1032 ergo
1908 978 2198 1020 accidentales.

1416 1052 1538 1105 Resp.
1567 1052 1796 1092 Dicendum
1820 1052 1946 1104 quod,
1969 1052 2076 1092 sicut
2103 1050 2204 1091 ordo
2225 1052 2388 1090 naturae

1363 1125 1516 1165 dicitur
1537 1124 1774 1176 dupliciter,
1795 1126 1865 1163 aut
1884 1136 1968 1175 quo
1983 1126 2135 1163 natura
2155 1121 2388 1170 ordinatur,

1364 1199 1439 1236 aut
1468 1196 1511 1235 in
1535 1208 1619 1248 quo
1651 1198 1804 1235 natura
1834 1197 1895 1235 est
1925 1195 2030 1236 ratio
2059 1192 2304 1243 ordinandi3
2336 1192 2394 1232 sic

1366 1267 1492 1307 etiam
1521 1267 1571 1307 de
1601 1266 1927 1319 proprietatibus
1955 1265 2280 1317 intelligendum
2313 1278 2322 1304 z
2354 1266 2394 1304 ct

1365 1339 1569 1391 quoniam
1601 1337 1783 1378 dicimus
1812 1336 2111 1390 proprietatem
2139 1335 2391 1385 naturalem,

1364 1422 1451 1450 non
1474 1412 1637 1462 oportet
1655 1409 1766 1462 quod
1786 1408 2016 1462 proprietas
2033 1408 2184 1448 habeat
2197 1410 2394 1447 naturam

1366 1484 1414 1522 ut
1426 1482 1682 1534 subjectum,
1696 1480 1766 1521 sed
1786 1480 1897 1533 quod
1910 1480 1962 1519 sit
1979 1490 2215 1519 consonans
2231 1481 2395 1518 naturae

1367 1553 1501 1606 ipsius
1521 1553 1696 1605 subJecti
1713 1563 1723 1591 ε
1745 1551 1852 1592 sicut
1868 1551 1982 1591 filius
2003 1550 2208 1590 naturalis
2227 1561 2313 1590 non
2329 1549 2396 1590 di-

1368 1625 1476 1664 citur
1493 1624 1593 1676 quia
1612 1623 1664 1663 sit
1683 1635 1707 1663 a
1724 1625 1878 1663 natura
1893 1621 1962 1662 vel
1980 1620 2175 1670 essentia,
2193 1620 2264 1661 sed
2283 1632 2308 1660 a
2328 1632 2396 1672 pa-

1367 1698 1430 1736 tre
1444 1695 1690 1736 naturaliter
1703 1693 1960 1747 producente
1977 1707 1986 1734 :
2005 1693 2063 1733 sic
2075 1695 2116 1733 et
2128 1692 2172 1732 in
2185 1692 2398 1745 proposito

1369 1770 1431 1807 est
1446 1765 1789 1818 intelligendum.

1691 1926 2013 1971 ARTICULUS
2047 1926 2082 1971 I.

1425 2059 1489 2100 Ad
1524 2058 1849 2111 intelligentiam
1888 2058 2019 2110 hujus
2055 2056 2186 2110 partis
2216 2058 2400 2109 quatuor

1372 2134 1624 2185 quaeruntur
1657 2142 1666 2170 :
1707 2130 1865 2183 primo,
1896 2129 2104 2182 quaeritur
2132 2130 2279 2169 utrum
2314 2138 2400 2169 6886

1369 2208 1553 2257 patrem,
1571 2206 1609 2245 et
1629 2212 1841 2255 pertende,
1864 2201 1916 2240 sit
1942 2213 2028 2241 una
2046 2200 2186 2251 notio,
2217 2199 2401 2240 secundo

1374 2275 1582 2330 quaeritur
1602 2286 1699 2327 quae
1719 2273 1891 2314 illarum
1914 2272 1966 2312 sit
1983 2272 2156 2312 alterius
2175 2271 2305 2322 ratio3
2325 2274 2402 2311 ter-

1373 2349 1446 2399 tio,
1475 2350 1622 2387 utrum
1653 2345 1928 2398 proprietates
1956 2343 2172 2396 contingat
2191 2342 2398 2393 abstrahi3

1373 2421 1539 2473 quarto,
1561 2420 1710 2458 utrum
1730 2417 1840 2457 circa
1859 2428 1929 2457 eas
1946 2415 2069 2456 liceat
2087 2414 2296 2456 contrarie
2316 2413 2402 2467 opi—

1373 2504 1480 2532 narl.

1741 2573 1976 2625 QUAESTIO
2008 2573 2039 2614 I.

1375 2681 1436 2717 An
1456 2690 1523 2717 esse
1541 2680 1701 2722 Patrem,
1730 2680 1764 2714 et
1789 2686 1974 2722 qenerare,
1999 2686 2073 2712 una
2098 2678 2132 2712 et
2157 2674 2275 2711 eadem
2302 2676 2400 2711 notio

1842 2739 1891 2773 sit
1910 2735 1936 2772 ¹.

1431 2849 1552 2900 Quod
1572 2849 1626 2889 sit
1645 2847 1791 2889 eadem
1817 2847 1949 2896 notio,
1970 2845 2203 2887 ostenditur
2218 2845 2290 2885 sic.
2311 2844 2402 2886 Una
2423 2869 2563 2899 Fundam,

1378 2922 1466 2963 sola
1495 2919 1728 2974 proprietas
1748 2921 1808 2960 est
1836 2918 2088 2972 hypostasis,
2109 2928 2206 2970 qua}
2227 2916 2298 2957 dat
2317 2929 2405 2958 esse

1378 2994 1643 3042 distinctum3
1666 3003 1767 3032 nam
1790 3003 1877 3031 non
1894 2992 1956 3031 est
1972 2989 2018 3029 in
2037 2989 2197 3029 ratione
2216 2989 2408 3030 acciden-

1379 3066 1446 3117 tis,
1471 3065 1543 3106 sed
1563 3066 1736 3114 formae3
1763 3062 1833 3103 sed
1853 3061 1924 3102 illa
1949 3063 2010 3102 est
2037 3072 2124 3101 una
2144 3060 2231 3101 sola
2262 3061 2405 3102 unius.

1382 3137 1462 3178 Sed
1481 3147 1677 3190 generare
1688 3137 1749 3176 est
1762 3133 2010 3188 proprietas,
2025 3144 2099 3185 per
2112 3144 2243 3185 quam
2257 3133 2409 3186 hypos-

1382 3212 1481 3252 tasis
1498 3210 1634 3252 Patris
1654 3208 1953 3261 distinguitur,
1973 3206 2168 3248 similiter
2181 3210 2222 3248 et
2239 3218 2323 3250 esse
2334 3218 2409 3261 pa-

1383 3287 1487 3326 trem
1503 3298 1518 3325 .·
1536 3282 1669 3335 igitur
1688 3282 1747 3323 ibi
1766 3280 1912 3322 eadem
1932 3281 1993 3320 est
2012 3279 2142 3320 notio.

1383 3416 1418 3448 in
1434 3415 1576 3456 Report„
1596 3414 1605 3445 l
1626 3413 1733 3453 Sent„
1751 3411 1828 3443 dist.
1844 3417 1954 3450 xxvu,
1970 3419 2003 3451 q.
2021 3417 2067 3451 113
2087 3410 2258 3452 Richard.‚
2276 3411 2288 3442 1
2303 3411 2408 3449 Sent„

1385 3463 1462 3495 dist.
1476 3469 1584 3502 xxvn,
1602 3470 1636 3502 q.
1651 3469 1695 3501 113
1716 3461 1807 3492 Petr.
1825 3458 1865 3489 de
1884 3458 2035 3499 Taraut„
2058 3458 2069 3489 Ι
2086 3459 2190 3498 Seni„
2207 3458 2284 3491 dist.
2300 3465 2411 3498 xxvn,

1384 3521 1419 3553 q.
1434 3519 1479 3551 113
1503 3509 1602 3543 Gabr.
1623 3508 1713 3549 Biel,
1734 3508 1745 3539 1
1768 3506 1874 3546 Sent„
1893 3504 1971 3537 dist.
1984 3512 2094 3547 xxvn,
2115 3515 2148 3547 q.
2166 3515 2189 3538 1.
