2613 3990
739 282 862 324 DIST.
894 281 977 322 XV.
1010 279 1161 321 PART.
1195 280 1243 320 ll.
1278 281 1395 321 ART.
1429 281 1458 320 1.
1489 280 1685 330 QUAEST.
1719 280 1783 321 IV.

220 374 322 417 dare
343 374 455 414 idem
475 376 536 414 est
561 374 675 427 quod
693 373 921 414 liberaliter
950 374 990 412 et
1010 370 1245 412 voluntarie

219 444 548 485 communicare.

270 519 310 556 2.
334 515 398 556 Ad
418 515 521 556 illud
542 515 653 569 quod
677 514 872 567 objicitur
885 513 998 566 quod
1018 511 1140 552 Pater
1159 523 1246 551 non

218 587 416 637 mittitur,
438 587 538 640 quia
560 599 646 627 non
673 587 724 626 ab
753 585 859 634 alio;
889 584 1114 625 dicendum
1134 583 1247 635 quod

217 660 374 699 nonest
390 658 542 705 simile,
560 658 659 710 quia
672 660 759 696 tam
771 657 951 705 mittere,
968 667 1097 707 quam
1112 654 1242 703 mitti,

219 727 452 779 important
477 726 789 767 emanationem
817 725 861 764 in
894 725 1038 772 misso,
1060 725 1106 763 ut
1134 725 1248 775 patet

218 798 468 850 exponenti;
500 808 647 838 sensus
674 795 787 835 enim
820 798 910 835 est:
938 794 1036 834 Haec
1068 806 1245 846 persona

221 872 345 913 mittit
364 873 479 912 illam
493 904 503 923 ,
522 872 565 912 id
582 874 664 921 est,
696 870 936 910 manifestat
956 871 1048 921 ejus
1074 881 1246 909 emana-

218 943 376 984 tionem
401 958 408 984 :
429 946 470 984 et
485 944 579 983 haec
601 942 782 982 mittitur
806 941 858 981 ab
876 941 961 990 illa,
984 941 1024 980 id
1043 943 1124 990 est,
1155 941 1248 991 ejus

219 1014 431 1054 emanatio
445 1014 737 1054 manifestatur
754 1013 806 1052 ab
823 1012 893 1052 illa
911 1027 918 1052 :
940 1012 1010 1052 sed
1026 1011 1117 1052 haec
1136 1023 1247 1051 ema-

219 1086 332 1126 natio
352 1097 439 1126 non
459 1097 623 1138 semper
633 1084 834 1137 importat
853 1086 1088 1135 respectum
1109 1082 1248 1123 omnis

220 1168 411 1209 personae
454 1156 657 1196 mittentis
674 1189 682 1206 ,
720 1155 820 1207 quia
851 1155 903 1195 ab
940 1154 1079 1206 aliquo
1116 1155 1249 1206 potest

220 1240 308 1268 esse
326 1227 607 1268 manifestatio
628 1226 919 1275 emanationis,
948 1238 972 1265 a
1000 1238 1084 1277 quo
1105 1228 1246 1264 tamen

219 1311 304 1339 non
319 1301 380 1339 est
398 1298 488 1351 ipsa
507 1299 739 1349 emanati03
762 1300 803 1338 et
821 1298 915 1338 ideo
938 1297 996 1337 sic
1019 1309 1107 1337 non
1126 1296 1248 1349 poni-

219 1371 290 1410 tur
307 1369 526 1423 productio
546 1369 590 1409 in
610 1370 821 1419 mittente,
851 1369 955 1409 510111
975 1368 1185 1409 emanatio
1205 1367 1248 1407 in

221 1441 349 1481 misso
374 1452 384 1481 :
405 1443 445 1481 et
470 1441 564 1481 ideo
585 1448 672 1481 non
702 1440 906 1493 sequitur,
929 1440 1041 1493 quod
1067 1440 1102 1479 si
1127 1439 1250 1480 Pater

222 1524 304 1552 non
321 1511 517 1561 mittitur,
537 1511 649 1564 quod
671 1510 851 1563 Spiritus
865 1514 1033 1551 sanctus
1046 1522 1135 1550 non
1151 1511 1250 1550 mit-

223 1584 354 1623 tatur.

277 1655 314 1693 3.
336 1652 399 1693 Ad
419 1652 523 1692 illud
543 1652 655 1704 quod
676 1652 872 1704 objicitur
896 1666 903 1692 ς
931 1668 949 1689 «
972 1651 1049 1691 Ubi
1068 1654 1128 1692 est
1147 1652 1250 1691 mis-

223 1724 284 1764 sio
300 1724 481 1777 passiva,
498 1723 555 1763 ibi
566 1726 626 1763 est
642 1724 967 1772 subauctoritas3
986 1739 1004 1760 »
1024 1723 1249 1764 dicendum

223 1795 337 1848 quod
356 1807 507 1835 verum
536 1797 597 1835 est
623 1806 710 1834 11011
732 1794 892 1834 ratione
913 1807 997 1846 qua
1016 1794 1247 1847 passivum,

223 1866 295 1907 sed
311 1878 360 1907 ea
378 1865 538 1906 ratione
559 1878 643 1918 qua
661 1868 747 1905 tam
768 1865 983 1918 passivum
995 1898 1004 1914 ,
1028 1878 1158 1918 quam
1177 1879 1250 1906 ac—

223 1936 361 1977 tivum
378 1968 388 1985 ,
417 1939 535 1977 notat
563 1936 874 1977 emanationem
898 1936 939 1975 in
962 1936 1112 1987 misso,
1145 1937 1252 1978 510111

223 2008 358 2060 patuit
381 2008 426 2048 in
446 2007 719 2060 expositione.
749 2007 797 2047 Et
817 2007 917 2060 quia
937 2009 1147 2049 emanatio
1164 2021 1251 2049 non

223 2089 390 2131 semper
408 2081 470 2119 est
484 2081 677 2131 respectu
690 2078 908 2127 mittentis,
926 2079 1018 2120 ideo
1031 2092 1114 2119 non
1131 2092 1252 2132 opor-

224 2152 282 2190 tet
315 2150 428 2202 quod
469 2162 635 2203 semper
672 2150 926 2203 importetur
954 2151 1180 2192 auctoritas
1208 2152 1251 2192 in

226 2217 430 2258 mittente.
472 2217 552 2259 Sed
581 2218 688 2259 ratio
732 2218 810 2258 ista
849 2219 1007 2259 valeret
1048 2219 1176 2270 bene,
1218 2219 1251 2259 si

225 2288 283 2328 ita
310 2291 443 2340 esset,
476 2291 524 2329 ut
554 2289 783 2342 principale
814 2289 1102 2340 significatum
1132 2291 1248 2342 ejus,

226 2359 339 2412 quod
369 2361 431 2400 est
450 2359 608 2407 missio,
643 2362 749 2399 esset
783 2359 995 2399 emanatio
1013 2392 1022 2410 ,
1045 2361 1132 2400 sive
1153 2373 1250 2413 pro-

227 2430 383 2472 ductio.

280 2502 319 2542 Ιι.
352 2502 415 2543 Ad
442 2501 544 2542 illud
569 2501 683 2554 quod
714 2501 909 2553 objicitur
944 2503 1058 2555 quod
1088 2505 1252 2547 mittere

227 2572 430 2626 importat
474 2572 805 2623 distinctionem3
856 2574 1083 2615 dicendum
1140 2577 1253 2629 quod

227 2645 388 2687 mittere
403 2656 491 2685 uno
506 2644 630 2685 modo
650 2645 851 2697 importat
865 2646 1147 2687 differentiam
1158 2648 1253 2688 sub-

226 2716 478 2765 stantialem,
505 2719 554 2756 ut
577 2728 676 2756 eum
695 2716 894 2769 importat
921 2718 1177 2767 dominium,
1206 2723 1253 2760 111

227 2798 325 2827 011111
351 2786 504 2827 dicitur
522 2801 530 2827 ε
562 2802 581 2825 ((
603 2786 711 2827 Deus
730 2787 857 2827 mittit
877 2788 1112 2840 Angelum3
1132 2804 1150 2826 »
1169 2790 1252 2830 alio

226 2857 352 2898 modo
373 2857 682 2898 distinctionem
703 2859 980 2911 personalem,
1002 2864 1049 2900 ut
1063 2873 1159 2901 cum
1177 2862 1254 2901 1111-

226 2930 364 2981 portat
377 2928 669 2969 auctoritatem
687 2929 730 2969 in
746 2930 952 2980 mittente,
969 2935 1009 2971 et
1023 2932 1253 2973 5011011010-

227 2999 394 3040 ritatem
413 3000 460 3040 in
480 3000 607 3042 misso
628 3005 818 3054 respectu
838 3002 1060 3054 mittentis,
1086 3007 1135 3044 ut
1154 3017 1253 3045 cum

228 3070 410 3111 dieitur:
434 3069 589 3111 «Pater
601 3071 728 3111 mittit
745 3071 914 3112 Filium.
933 3087 950 3110 ›)
970 3072 1108 3115 Tertio
1127 3076 1253 3116 modo

229 3141 429 3194 importat
453 3141 767 3182 distinctionem
794 3143 931 3183 solum
957 3147 1163 3196 quantum
1201 3145 1253 3185 ad

229 3211 406 3253 modum
419 3211 697 3264 intelligendi,
711 3212 817 3253 sicut
830 3225 930 3253 cum
941 3214 1093 3255 dicitur
1107 3230 1115 3256 z
1136 3231 1154 3254 «
1166 3215 1253 3256 Vo-

229 3283 371 3324 luntas
389 3285 450 3323 est
467 3283 801 3325 instrumentum
818 3285 1006 3337 seipsum
1021 3298 1211 3338 movens,
1228 3302 1247 3325 1>

231 3355 331 3408 quia
344 3355 456 3395 idem
476 3358 538 3395 est
553 3368 729 3397 movens
744 3388 753 3405 ,
782 3359 823 3397 et
841 3360 1021 3398 motum.
1055 3357 1255 3399 Similiter

231 3437 329 3467 cum
338 3425 504 3466 dicitur:
514 3425 722 3479 «Spiritus
731 3431 902 3468 sanctus
909 3428 1037 3469 mittit
1047 3441 1104 3478 se,
1114 3429 1254 3470 »idem

232 3499 294 3537 est
311 3495 503 3544 1111110115,
531 3499 571 3536 01
598 3496 796 3549 missum,
830 3497 992 3539 ratione
1015 3498 1213 3540 differens
1241 3513 1250 3540 :

234 3569 418 3616 mittens,
438 3566 629 3618 iuquam,
650 3570 885 3610 secundum
902 3570 1016 3622 quod
1032 3569 1158 3620 Deus;
1182 3571 1253 3611 sed

2267 282 2344 319 255

1323 372 1518 418 missum,
1541 371 1775 411 secundum
1793 369 1902 422 quod
1917 369 2092 416 donum,
2114 369 2219 409 510111
2237 382 2344 421 prae—

1322 441 1483 481 dictum
1500 443 1576 481 est.

1375 516 1412 554 5.
1434 514 1491 555 Ad
1510 513 1613 554 illud
1634 513 1746 565 quod
1767 513 1966 565 objicitur
1983 512 2132 552 ultimo
2153 512 2203 553 de
2226 514 2347 554 refle-

1321 584 1446 625 xione
1466 587 1596 635 actus,
1618 584 1844 625 dicendum
1864 583 1976 636 quod
1994 595 2147 623 verum
2163 586 2224 624 est
2241 595 2348 635 quo-

1322 655 1372 694 ad
1390 655 1618 708 principale
1647 655 1954 706 significatum3
1983 654 2054 694 sed
2080 667 2167 695 11011
2187 658 2348 707 oportet

1322 729 1532 777 quantum
1552 726 1603 766 ad
1623 728 1897 766 connotatum
1919 741 1927 766 :
1951 728 1991 766 et
2007 726 2168 767 ratione
2188 727 2348 778 princi-

1323 795 1426 846 palis
1445 796 1671 848 significati
1688 799 1747 835 est
1767 796 1942 836 reflexio
1964 808 2155 849 personae
2175 797 2346 837 mitten-

1324 865 1374 905 tis
1401 878 1530 918 supra
1549 879 1592 907 se
1609 899 1618 916 ,
1647 869 1696 906 ut
1715 866 1880 906 dicatur
1902 881 1911 906 z
1939 882 1957 905 «
1979 866 2145 907 Mittens
2166 870 2227 907 est
2246 867 2347 907 mis—

1323 948 1406 976 SUS.
1422 951 1440 972 1)

1706 1042 1874 1090 PART.
1912 1043 1968 1094 ΙΙ.

1323 1149 1372 1176 DE
1392 1148 1581 1176 MISSIONE
1603 1148 1696 1176 FILII
1715 1149 1765 1176 ET
1794 1149 1972 1177 SPIRITUS
2000 1150 2136 1177 SANCTI
2158 1150 2351 1184 QUANTL'M

1376 1214 1426 1241 AD
1455 1213 1597 1242 MODUM
1618 1233 1627 1250 ‚
1656 1214 1722 1248 QUI
1749 1215 1906 1242 DUPLEX
1933 1215 2005 1242 EST
2023 1234 2032 1251 ,
2059 1214 2245 1243 VISIBILIS
2274 1215 2351 1243 SCI-

1375 1280 1512 1318 LICET,
1543 1280 1593 1307 ET
1622 1280 1866 1309 INVISIBILIS.

1578 1395 1852 1437 EXPOSITIO
1882 1395 2100 1437 TEXTUS.

1345 1495 1405 1527 Hic
1426 1495 1588 1536 quaeritur
1606 1499 1720 1528 utrum
1739 1496 1843 1528 semel
1860 1499 1990 1528 tantum
2005 1497 2127 1529 missus
2139 1497 2180 1529 sit
2194 1497 2294 1529 Filius
2309 1498 2332 1528 ¹.

1378 1576 1515 1629 Supra
1534 1576 1623 1628 egit
1642 1576 1844 1628 Magister
1858 1577 1908 1617 «le
1922 1577 2124 1618 missione
2142 1581 2350 1630 quantun-1
2390 1588 2461 1612 inm>
2476 1599 2502 1613 υ.

1324 1647 1375 1687 ad
1406 1647 1685 1699 principium,
1710 1648 1778 1688 hic
1805 1649 1893 1700 agit
1916 1649 1967 1690 de
1994 1650 2191 1691 missione
2219 1663 2353 1703 quan-

1322 1720 1415 1757 tum
1436 1718 1487 1758 ad
1508 1718 1697 1764 niodum,
1717 1719 1791 1771 qui
1810 1720 1966 1772 duplex
1986 1724 2060 1771 est,
2075 1721 2230 1761 scilicet
2247 1721 2352 1761 visi—

1323 1789 1431 1840 bilis,
1452 1794 1491 1830 et
1505 1790 1739 1830 invisibilis.
1760 1790 1809 1831 Et
1826 1792 2030 1844 quoniam
2045 1793 2110 1832 isti
2124 1793 2235 1833 modi
2253 1806 2351 1833 0011-

1323 1863 1503 1903 veniunt
1517 1863 1708 1903 missioni
1722 1862 1833 1913 Filii,
1851 1866 1891 1904 et
1903 1863 2084 1916 Spiritus
2099 1865 2245 1913 sancti,
2260 1865 2354 1905 ideo

1325 1932 1527 1985 Magister
1540 1933 1680 1986 primo
1695 1934 1882 1986 assignat
1901 1947 1971 1975 eos
1986 1936 2094 1975 circa
2110 1936 2353 1976 missionem

1324 2003 1417 2043 Filii
1431 2017 1440 2054 3
1458 2004 1655 2055 secundo,
1671 2004 1780 2045 circa
1790 2005 2031 2046 missionem
2047 2006 2228 2059 Spiritus
2241 2019 2356 2047 sanc-

1323 2075 1369 2125 ti,
1386 2074 1428 2114 in
1442 2075 1650 2128 principio
1664 2075 1843 2116 distinct.
1860 2075 1946 2116 XVI
1963 2089 1972 2116 ε
1987 2077 2108 2119 Nunc
2123 2078 2174 2119 cle
2188 2077 2356 2130 Spiritu

1324 2150 1468 2188 sancto
1488 2146 1726 2189 videndum
1747 2152 1808 2191 est
1820 2181 1831 2199 ,
1852 2151 1928 2189 etc.
1956 2148 2097 2190 Prima
2114 2162 2210 2202 pars
2230 2150 2356 2191 habet

1325 2221 1508 2270 quatuor
1534 2221 1688 2271 partes.
1716 2218 1763 2259 In
1796 2220 1956 2272 prima,
1979 2221 2198 2273 praemissa
2217 2233 2357 2274 quaes-

1324 2289 1461 2340 tione,
1491 2290 1671 2330 ostendit
1701 2290 1951 2331 auctoritate
1980 2291 2215 2344 Augustini
2244 2293 2355 2345 quod

1325 2358 1458 2400 Filius
1477 2360 1641 2401 duobus
1661 2361 1798 2402 modis
1814 2362 1970 2402 missus
1989 2366 2063 2412 est,
2085 2363 2240 2403 scilicet
2256 2364 2355 2403 visi—

1324 2430 1478 2480 biliter,
1495 2434 1535 2471 et
1548 2431 1829 2482 invisibiliter,
1845 2432 1904 2472 ibi
1921 2445 1931 2473 :
1949 2432 2016 2474 Ad
2030 2433 2142 2486 quod
2152 2434 2352 2475 dicimus.

1327 2501 1374 2542 In
1385 2502 1567 2543 secunda
1578 2503 1766 2555 assignat
1776 2503 1986 2556 duplicem
1999 2505 2281 2546 differentiam
2298 2506 2355 2545 is-

1326 2576 1468 2614 torum
1488 2574 1674 2614 duorum
1694 2574 1919 2614 modorum
1944 2589 1952 2614 :
1972 2587 2102 2615 unam
2137 2576 2194 2615 ibi
2221 2590 2229 2616 ι
2253 2577 2355 2617 Ecce

1327 2644 1528 2686 (listinctz’
1535 2648 1635 2686 sum
1647 2644 1732 2686 duo
1741 2644 1859 2686 modi
1866 2647 2087 2688 missionis
2096 2647 2223 2698 Filii,-
2230 2647 2355 2687 aliam

1326 2715 1384 2754 ibi
1402 2727 1409 2753 z
1429 2715 1635 2757 Proeterea
1657 2715 1908 2758 notandum.
1929 2715 1976 2755 In
1998 2717 2119 2756 tertia
2144 2729 2244 2757 vero
2263 2729 2356 2757 mo-

1328 2789 1397 2826 vet
1424 2786 1603 2826 dubium
1623 2787 1851 2839 quoddam,
1878 2787 1989 2839 quod
2005 2787 2131 2827 habet
2147 2790 2289 2828 ortum
2302 2800 2354 2829 ex

1326 2856 1706 2908 praedeterminatis
1719 2889 1728 2907 ,
1758 2857 1816 2896 ibi
1848 2869 1857 2896 :
1900 2857 1981 2899 Hic
2023 2859 2232 2909 quoerz‘tm·
2279 2869 2356 2900 cur

1327 2927 1452 2969 Pater
1481 2938 1566 2969 non
1595 2927 1760 2970 dicitur
1787 2929 1957 2969 missus.
1988 2927 2033 2967 In
2069 2931 2219 2980 quarta
2253 2942 2354 2970 vero

1326 3002 1531 3048 removet,
1555 2999 1644 3040 sive
1664 2999 1783 3039 docet
1801 3010 1987 3038 errorem
2009 3011 2180 3047 cavere,
2204 3012 2354 3052 proce-

1326 3068 1494 3109 dentem
1513 3069 1687 3110 exillius
1702 3068 1819 3109 dubii
1834 3069 2056 3120 solutione,
2075 3070 2134 3110 ibi
2151 3085 2160 3110 ε
2177 3071 2354 3124 Ideoque

1324 3144 1584 3192 putaverunt
1609 3140 1787 3193 quidam
1816 3140 2017 3182 lzoerezici.
2047 3141 2109 3181 Ex
2131 3141 2213 3182 hoe
2240 3143 2354 3182 enim

1326 3212 1439 3264 quod
1459 3212 1623 3252 dixerat
1640 3211 1806 3251 Patrem
1826 3223 1914 3251 non
1933 3212 2069 3261 mitti,
2098 3215 2238 3266 posset
2260 3214 2354 3266 quis

1327 3282 1493 3323 credere
1520 3283 1565 3322 in
1585 3282 1738 3323 divinis
1755 3294 1841 3323 non
1865 3295 1953 3323 esse
1972 3284 2272 3336 aequalitatem.
2292 3284 2354 3324 Ad

1326 3353 1407 3393 hoc
1425 3352 1682 3405 respondens
1701 3352 1903 3404 Magister
1921 3353 2019 3394 dicit
2037 3354 2149 3407 quod
2173 3355 2251 3395 hoc
2268 3367 2355 3395 non

1327 3428 1387 3464 est
1400 3427 1568 3476 propter
1586 3424 1930 3476 inaequalitatem,
1956 3426 2027 3466 sed
2047 3429 2217 3478 propter
2236 3427 2356 3478 prin-

1327 3495 1424 3547 cipii
1445 3495 1736 3536 auctoritatem
1750 3528 1761 3546 ,
1783 3496 1871 3537 sive
1890 3497 2245 3537 connotationem.

1373 3579 1381 3599 ¹
1399 3578 1504 3618 Hujus
1517 3578 1622 3619 partis
1640 3579 1770 3610 textum
1791 3587 1894 3618 supra
1907 3578 2023 3610 videre
2042 3578 2133 3619 lieet,
2152 3587 2232 3620 pag.
2251 3580 2326 3612 244.
