2570 3986
312 275 440 303 Lxxiv
785 263 849 303 DE
880 260 1107 304 SCRIPTIS
1138 261 1178 301 S.
1211 258 1618 311 BONAVENTURAE
1649 258 1976 300 ATTRIBUTIS.

311 364 405 392 sum
419 385 428 401 ‚
455 352 702 394 deliciosum
716 384 726 403 ,
751 355 791 393 et
810 352 1043 404 gloriosum
1064 365 1072 390 :
1093 363 1111 386 »
1134 352 1173 389 et
1197 349 1237 389 id
1254 361 1391 399 genus
1409 349 1576 400 similia,
1596 361 1691 402 qua}
1713 349 1853 402 potius
1877 347 2067 389 seculum
2088 347 2172 399 XV,
2191 360 2320 401 quam
2338 347 2429 389 XIII

311 427 514 476 arguunt.

438 584 505 626 Xl.
531 584 805 637 Alpliabecum
826 583 1142 636 Reliqiosorzcm.
1166 582 1304 622 Princ.
1337 581 1442 623 Vz‘as
1462 585 1582 628 tuas,
1605 582 1780 623 Domine
1794 611 1807 630 ,
1829 580 2072 623 demonstra
2092 580 2221 631 mihi,
2244 583 2320 622 etc.

364 711 572 763 Pei-quam
591 710 692 750 utile
713 721 811 750 sane
831 709 1114 762 Opusculum,
1137 711 1177 749 et
1195 719 1300 749 auro
1321 707 1528 760 cedroque
1544 708 1727 759 dignum
1745 722 1755 757 ;
1779 707 1850 747 sed
1876 706 2190 748 Bonaventurae
2206 705 2308 746 falso
2322 718 2429 747 nun-

308 786 523 835 cupatum.
547 781 727 822 joannes
747 781 859 821 enim
879 780 1137 821 Trithcmius
1154 781 1180 830 ¹,
1203 791 1331 832 quem
1350 778 1615 831 potissimum
1636 778 1779 819 sectati
1801 779 1962 818 fuimus
1979 809 1988 826 ,
2011 777 2175 817 nemini
2195 776 2427 828 adjudicat,

308 866 438 907 quam
463 853 636 893 Thomae
665 852 714 892 de
742 851 910 904 Kempis
927 884 936 900 ,
965 851 1129 892 Ordinis
1160 851 1469 891 Canonicoruin
1495 850 1775 901 Regularium
1801 844 1843 890 S.
1870 849 2115 901 Augustini.
2149 849 2185 889 A⁴
2211 847 2430 888 Trithemii

307 925 551 965 auctoritate
571 936 654 963 non
675 923 926 964 dissentiunt
946 922 1192 963 Franciscus
1213 921 1440 962 chertius
1459 921 1500 961 in
1520 921 1694 961 Athenis
1714 921 1894 972 Belgicis
1909 953 1919 970 ,
1946 921 2151 961 IIenricus
2173 919 2431 960 Sommalius

308 995 436 1047 Belga
452 1028 462 1046 ,
495 994 737 1035 lleribertus
762 994 1030 1044 Rosweidus,
1063 993 1277 1035 Societatis
1305 992 1402 1033 Jesu
1419 1025 1429 1043 ,
1458 993 1530 1045 qui
1559 1005 1656 1032 cum
1682 1005 1706 1032 a
1730 992 1966 1043 Waddingo
1983 993 2012 1041 ²,
2041 995 2134 1032 tum
2161 992 2213 1031 ab
2236 990 2430 1032 Oudin0³

306 1066 535 1106 laudantur
559 1077 706 1106 omnes
724 1066 882 1119 judicio
905 1078 1072 1117 graves.
1104 1066 1184 1106 Sed
1211 1063 1460 1117 cumprimis
1486 1063 1587 1103 illud
1608 1066 1756 1103 notatu
1781 1063 1962 1115 dignum
1989 1074 2077 1103 esse
2102 1062 2283 1111 videtur,
2317 1062 2429 1115 quod

308 1134 553 1174 lleribertus
574 1133 818 1174 Rosweidus
833 1146 961 1186 penes
975 1133 1261 1185 Waddingum
1272 1136 1285 1157 ¹*
1306 1133 1364 1173 ait
1382 1145 1391 1173 :
1411 1134 1603 1174 «Auctor
1620 1133 1726 1175 Vitae
1742 1133 1916 1174 Thomae,
1938 1133 2183 1186 Kempensis
2200 1132 2303 1174 illud
2322 1134 2431 1174 inter

307 1207 399 1258 ejus
426 1204 558 1258 Ope-ra
583 1206 818 1257 impressit,
847 1208 887 1245 et
915 1217 1063 1246 omnes
1087 1205 1316 1254 editiones,
1347 1217 1517 1258 unaque
1545 1205 1840 1258 antiquissima
1869 1208 1881 1256 (
1897 1209 2128 1258 antequam
2158 1205 2237 1245 sub
2258 1205 2432 1246 nomine

307 1276 355 1317 D.
379 1276 687 1317 Bonaventurae
708 1277 917 1329 prodiret)
949 1276 1053 1316 illud
1070 1275 1245 1316 Thomae
1265 1274 1489 1329 Kempensi
1509 1277 1755 1318 vindicavit.
1777 1291 1795 1313 »

360 1347 517 1387 Verum
546 1346 589 1387 P.
622 1347 756 1387 Lucas
785 1347 1047 1400 Waddingus
1064 1380 1074 1398 ,
1109 1359 1208 1387 cum
1237 1348 1411 1388 moleste
1437 1348 1666 1401 perferret,
1697 1347 1983 1401 Alphabetum
2012 1348 2092 1389 hoc
2120 1361 2145 1389 a
2171 1347 2403 1389 Trithemio
2420 1381 2431 1400 ,

310 1418 513 1459 Sweertio
529 1451 539 1469 ,
560 1418 789 1459 Sommalio
806 1451 815 1466 ,
840 1419 1061 1459 Rosweido
1082 1419 1274 1471 expungi
1291 1450 1300 1467 ,
1323 1422 1363 1458 ct
1380 1418 1604 1472 Kempensi
1621 1419 1750 1459 tribui
1770 1451 1779 1468 ,
1802 1431 1889 1459 non
1909 1432 2049 1460 unum
2067 1420 2202 1461 movit
2224 1419 2405 1473 lapidem
2421 1452 2431 1470 ,

306 1494 353 1531 ut
368 1524 378 1542 ,
408 1491 441 1531 si
461 1491 554 1531 fieri
580 1493 744 1543 posset,
771 1490 876 1531 illud
897 1503 922 1530 a
945 1489 1170 1543 Kempensi
1192 1490 1243 1530 ad
1271 1489 1616 1530 Bonaventuram
1641 1491 1899 1531 transferret.
1930 1489 1975 1531 Id
1995 1503 2079 1543 quo
2101 1491 2263 1531 facilius
2282 1491 2431 1540 faciat,

305 1561 537 1602 Tritliemio
557 1562 731 1614 opponit
757 1561 995 1602 Marianum
1018 1561 1312 1601 Florentinum
1328 1594 1337 1612 ,
1362 1561 1563 1602 Sweertio
1582 1561 1813 1602 IIenricum
1833 1561 2052 1601 Willotum
2069 1594 2079 1612 ,
2102 1561 2321 1603 Rosweido
2340 1561 2434 1602 Bel-

304 1633 552 1674 larminum.
577 1633 636 1673 Ac
658 1636 705 1673 ut
726 1645 802 1686 par
820 1633 1011 1674 redderet
1033 1633 1150 1685 pari,
1184 1633 1542 1685 Argentinensem
1568 1633 1797 1674 editionem
1821 1633 2051 1685 quamdam
2077 1633 2177 1673 anni
2197 1636 2300 1673 1495
2323 1634 2433 1686 obji-

304 1705 359 1745 cit
379 1705 549 1745 editioni
575 1704 870 1745 vetustissimae
888 1737 898 1755 ,
922 1707 1045 1758 cujus
1064 1704 1257 1744 meminit
1282 1705 1541 1745 Rosweidus.
1566 1704 1620 1744 At
1636 1703 1865 1756 Waddingi
1890 1704 2098 1757 oppositio
2117 1704 2320 1745 claudicat
2340 1717 2433 1745 om-

304 1777 419 1817 nino.
441 1776 658 1829 Siquidem
679 1776 856 1817 Mariani
873 1777 1122 1829 Florentini,
1143 1781 1184 1819 et
1202 1777 1373 1818 Joannis
1392 1775 1615 1816 Trithemii
1632 1787 1717 1816 non
1735 1788 1822 1816 una
1839 1778 1966 1828 atque
1991 1777 2138 1816 eadem
2165 1779 2227 1817 est
2249 1776 2434 1817 conditio

304 1851 345 1888 et
363 1851 478 1888 astas.
505 1847 661 1889 Parum
688 1849 802 1888 enim
825 1849 1055 1890 admodum
1072 1849 1330 1890 Trithemius
1353 1847 1486 1889 abfuit
1509 1860 1533 1887 a
1552 1846 1777 1899 Kempensi
1795 1878 1805 1896 ,
1835 1849 1958 1900 cujus
1978 1848 2142 1888 obitum
2162 1859 2310 1888 omnes
2330 1860 2434 1888 con-

303 1920 476 1971 signant
499 1932 611 1959 anno
634 1923 751 1970 1471,
783 1922 808 1959 8
828 1920 904 1960 cal.
933 1921 1123 1973 augusti.
1148 1920 1407 1961 Trithemius
1427 1921 1572 1959 autem
1592 1930 1719 1959 suum
1737 1918 1786 1960 de
1808 1918 2102 1971 scriptoribus
2123 1920 2436 1962 Ecclesiasticis

303 1991 572 2031 concinnavit
597 1990 709 2044 Opus
740 2003 853 2032 anno
882 1994 999 2032 1494.
1026 1992 1126 2041 Quis
1145 2004 1248 2044 ergo
1269 1991 1377 2032 dicat
1392 2023 1402 2039 ,
1425 1991 1564 2043 magis
1579 1990 1623 2030 in
1643 1991 1722 2031 hac
1742 2002 1787 2030 re
1803 1990 2023 2031 fidendum
2048 1989 2237 2031 Mariano
2256 1990 2434 2031 Floren-

302 2062 390 2101 tino
406 2094 415 2112 ,
437 2074 567 2114 quam
586 2061 817 2103 Trithemio
837 2064 1059 2104 vetustiori
1072 2064 1092 2103 ‘?
1116 2063 1168 2104 Ut
1190 2063 1335 2104 sileam
1350 2096 1360 2114 ,
1378 2062 1665 2103 Trithemium
1685 2063 1727 2102 in
1747 2061 2046 2114 conquirendis
2063 2061 2326 2115 Scriptorum
2345 2075 2435 2103 mo-

301 2134 517 2174 numentis
552 2134 627 2174 diu
669 2134 941 2187 multumque
972 2138 1190 2176 versatum
1225 2136 1352 2176 fuisse
1372 2149 1381 2186 ;
1422 2134 1661 2175 Marianum
1689 2137 1833 2174 autem
1867 2132 2162 2174 Florentinum
2194 2146 2280 2174 non
2314 2134 2430 2174 item.

303 2204 425 2245 Hunc
445 2205 663 2246 enimvero
682 2218 960 2247 numeramus
982 2207 1062 2247 illis
1076 2240 1085 2258 ,
1107 2207 1180 2260 qui
1197 2208 1238 2248 id
1258 2220 1384 2248 omne
1404 2219 1558 2247 verum
1578 2209 1703 2259 atque
1721 2208 1884 2245 certum
1899 2205 2071 2256 habent,
2095 2205 2207 2258 quod
2229 2205 2434 2258 scriptum

302 2274 522 2326 reperiunt
550 2273 594 2313 in
620 2273 853 2314 Schedulis.
882 2274 966 2315 Nec
991 2276 1119 2316 etiam
1152 2276 1360 2317 Henricus
1391 2276 1582 2318 Willotus
1612 2279 1903 2330 praeferendus
1936 2277 2014 2318 erit
2043 2276 2248 2318 Sweertio
2265 2309 2275 2325 ,
2308 2279 2433 2330 atque

304 2344 533 2385 Sommalio
555 2359 563 2384 ε
588 2357 688 2385 nam
710 2345 916 2386 Henricus
933 2347 1041 2387 nihil
1060 2359 1200 2400 operae
1221 2349 1361 2400 posuit
1377 2349 1422 2389 in
1439 2350 1727 2402 expendendis
1745 2349 2058 2390 Bonaventurae
2078 2348 2301 2401 Opuscuiis
2318 2363 2327 2399 3
2362 2349 2433 2390 sed

302 2429 351 2457 ea
366 2418 491 2469 juxta
513 2416 706 2456 ordinem
725 2416 936 2458 Vaticanae
963 2418 1167 2459 Editionis
1191 2420 1403 2460 recensuit
1422 2420 1643 2462 duntaxat.
1672 2421 1813 2461 Minus
1833 2433 1933 2462 vere
1959 2420 2267 2461 Bellarminum
2288 2420 2434 2473 objicit

301 2488 520 2529 Ileriberto
540 2488 759 2530 Rosweido
779 2504 787 2529 :
806 2502 906 2530 nam
927 2502 1026 2530 cum
1046 2490 1340 2543 Bellarminus,
1363 2492 1407 2532 in
1428 2492 1561 2545 Opere
1580 2492 1630 2534 de
1656 2492 1946 2545 Scriptoribus
1966 2491 2280 2535 Ecclesiasticz‘s
2294 2493 2322 2543 ⁵,
2347 2491 2432 2533 Bo-

300 2564 550 2601 naventurae
571 2560 782 2613 Opuscula
801 2564 1011 2612 recenset,
1040 2574 1089 2603 ea
1114 2563 1287 2615 quidem
1304 2565 1431 2616 juxta
1450 2564 1653 2605 Romanae
1671 2563 1878 2604 Editionis
1905 2564 2056 2604 seriem
2074 2564 2143 2604 vel
2163 2564 2250 2617 ipse
2271 2576 2430 2604 nume-

299 2635 376 2672 rat.
406 2631 604 2680 Quinimo
625 2632 674 2672 de
693 2631 917 2685 Kempensi
943 2646 1042 2674 cum
1067 2634 1179 2674 idem
1204 2634 1486 2676 Bellarminus
1511 2640 1657 2688 ageret
1672 2641 1701 2686 ⁶,
1730 2637 1940 2676 vetustam
1968 2634 2216 2688 Kempensis
2243 2634 2430 2688 Operum

299 2703 524 2744 editionem
546 2704 725 2756 profert,
751 2704 819 2744 cui
845 2704 1125 2757 Alphctbecum
1149 2706 1457 2759 Religiosorum
1475 2708 1683 2747 insertum
1703 2706 1885 2747 videtur.
1911 2705 2028 2747 Hanc
2047 2718 2173 2759 porro
2193 2706 2310 2747 illam
2336 2719 2428 2748 esse

299 2775 640 2827 antiquissimam
665 2776 940 2827 crediderim,
975 2790 1105 2829 quam
1140 2777 1390 2819 Heribertus
1420 2777 1667 2819 Rosweidus
1697 2780 2026 2828 commemorat,
2058 2790 2274 2830 quamque
2298 2779 2429 2831 longe

299 2849 395 2885 ante
414 2846 770 2897 Argentinensem
786 2879 796 2896 ,
820 2860 888 2887 an.
913 2850 1016 2888 1495
1031 2881 1041 2899 ,
1064 2848 1216 2889 factam
1237 2848 1352 2889 dicit.
1374 2848 1455 2890 Sed
1476 2849 1679 2902 quoniam
1698 2849 1742 2888 in
1762 2861 2003 2889 sermonem
2025 2849 2076 2889 de
2096 2849 2280 2902 antiquis
2298 2849 2429 2890 Kem-

299 2917 440 2969 pensis
461 2916 644 2969 Operum
662 2918 927 2959 Editionibus
945 2919 1101 2972 delapsi
1121 2932 1270 2960 sumus
1285 2952 1294 2970 ,
1317 2920 1545 2961 admonere
1562 2923 1623 2960 est
1641 2931 1780 2973 operae
1800 2920 2001 2972 pretium,
2025 2920 2302 2972 Alphabezum
2319 2921 2430 2963 Reiz·-

300 2989 514 3040 yz‘osorum
530 2988 575 3028 in
592 2989 791 3029 omnibus
810 2989 1056 3043 Kempensis
1083 2991 1338 3031 editionibus
1364 2991 1569 3032 contineri
1587 3004 1596 3042 ;
1618 2992 1662 3031 in
1683 2990 1995 3032 Bonaventurae
2015 2994 2159 3033 autem
2175 2992 2428 3033 editionibus

299 3071 386 3099 non
406 3059 503 3099 item
529 3074 537 3098 :
561 3060 638 3099 suh
658 3060 966 3102 Bonaventurae
987 3062 1102 3102 enim
1121 3062 1293 3102 nomine
1313 3062 1467 3115 prodiit
1484 3063 1622 3103 solum
1642 3065 1698 3115 sej
1707 3063 1868 3103 unctim
1881 3063 2154 3115 Argentorati
2171 3075 2284 3104 anno
2304 3066 2423 3105 1475.

298 3130 546 3171 Audiendus
566 3134 625 3171 est
651 3132 825 3173 Michael
849 3132 1056 3174 Maittaire
1079 3136 1092 3158 ⁷
1115 3134 1370 3187 scriptorum
1392 3134 1617 3187 inquisitor
1641 3135 1991 3186 diligentissimus
2011 3149 2021 3175 ε
2046 3150 2066 3173 <‹
2084 3134 2423 3187 Bonaventurae,

299 3201 454 3243 rectius
473 3200 647 3243 Thomae
667 3215 691 3243 a
710 3202 880 3257 Kempis
892 3237 903 3255 ,
925 3205 1211 3258 Alphabetum
1229 3205 1555 3258 Religiosorum,
1577 3205 1854 3258 Argentorati
1868 3238 1880 3257 ,
1903 3207 2022 3247 1495.
2041 3219 2061 3243 ι)

344 3334 354 3354 1
369 3333 492 3374 Scrz'pt.
507 3332 632 3371 ecclesa,
651 3333 709 3364 fol.
726 3342 778 3374 eL,
801 3338 885 3376 terg.
903 3354 936 3358 —
955 3337 968 3357 2
982 3336 1114 3379 Syllab.
1136 3337 1259 3378 Scrz'pt.
1282 3337 1361 3369 Orcl.
1380 3338 1479 3376 Min„
1499 3346 1533 3377 p.
1551 3338 1601 3369 76.
1616 3354 1655 3361 —
1669 3337 1792 3369 3T0m.
1811 3337 1874 3378 ΙΙΙ,
1894 3337 1960 3369 col.
1978 3337 2051 3369 430.

341 3380 353 3401 Ι
367 3380 516 3412 Laudato
533 3381 603 3421 jam
623 3380 711 3413 loco.
726 3398 766 3403 —
782 3382 794 3403 ⁵
808 3383 888 3424 Pag.
908 3385 979 3415 448.
991 3402 1032 3406 —
1045 3385 1058 3406 ⁶
1072 3386 1154 3425 Pag.
1172 3386 1246 3426 533,
1265 3384 1348 3415 ibid.

340 3427 464 3466 7-Tom.
483 3427 518 3466 Ι,
537 3427 661 3459 Annal.
681 3429 892 3470 typoqraph„
910 3433 996 3471 part.
1015 3431 1063 3472 ΙΙ,
1084 3441 1117 3472 p.
1137 3433 1210 3464 600.
