2613 3990
260 260 335 297 Υ’15ίί

259 348 580 386 consummatur
598 346 642 386 in
663 346 913 398 paternitate
937 359 945 385 :
972 347 1013 386 et
1042 345 1135 386 ideo
1150 377 1160 393 ,
1197 357 1285 385 non

260 417 465 457 intellecta
501 417 777 470 paternitate,
813 429 900 457 non
932 419 1067 469 potest
1103 415 1284 467 intelligi

258 500 436 541 persona
455 488 525 529 illa
553 488 756 541 complete
787 487 981 527 distincta
1000 501 1008 526 z
1029 490 1070 527 et
1088 486 1182 526 ideo
1211 498 1286 538 pa-

259 559 434 600 ternitas
448 562 508 600 est
523 560 638 600 notio
659 557 902 612 personaliS,
925 557 1123 610 quamvis
1145 557 1189 596 in
1216 569 1287 596 ra-

259 632 372 673 tione
396 630 658 683 intelligendi
683 630 803 683 prius
827 629 946 670 cadat
964 627 1283 669 innascibilitas.

697 765 787 793 DUB.
818 765 863 792 ΙΙ.

261 843 425 885 Ncgativa
443 851 545 883 porro
565 842 730 884 particula
749 851 818 873 non
839 842 872 873 id
892 842 1012 883 efficit,
1037 843 1075 873 ut
1100 841 1189 882 quod
1216 841 1287 872 sine

692 890 765 931 illa,
788 893 853 922 etc.

314 984 490 1026 Videtur
507 985 585 1026 hoc
606 985 773 1036 falsum,
790 984 892 1038 quia
911 984 1032 1027 homo
1052 984 1206 1025 dicitur
1223 997 1287 1025 se-

262 1056 449 1096 cundum
479 1056 754 1096 substantiam
778 1070 786 1097 ε
810 1059 952 1097 tamen
984 1056 1132 1096 albedo
1157 1058 1291 1108 potest

262 1127 342 1168 dici
362 1138 447 1169 non
467 1127 616 1170 homo:
634 1140 737 1179 ergo
757 1127 857 1180 quia
876 1127 992 1169 homo
1007 1130 1047 1167 et
1061 1138 1147 1170 non
1171 1128 1290 1170 homo

262 1199 580 1240 contradictorie
618 1202 919 1252 opponuntur,
955 1202 995 1239 et
1023 1199 1073 1239 de
1103 1200 1292 1252 quolibet

262 1271 486 1312 affirmatio
508 1271 574 1312 vel
592 1270 790 1323 negati03
823 1282 928 1323 ergo
950 1270 1096 1311 albedo
1117 1273 1178 1311 est
1205 1282 1291 1313 non

263 1343 381 1387 homo
400 1359 407 1385 :
425 1347 465 1385 et
494 1343 641 1385 albedo
658 1346 720 1384 est
739 1343 920 1396 qualitas
940 1356 950 1384 ε
970 1356 1089 1396 ergo,
1112 1347 1190 1385 etc.

317 1414 359 1456 Si
376 1418 422 1455 tu
452 1415 565 1456 dicas
587 1415 701 1467 quod
720 1414 991 1467 Augustinus
1016 1415 1205 1468 loquitur
1227 1428 1293 1457 se-

263 1486 454 1527 cundum
473 1486 587 1539 quod
614 1486 711 1527 facit
739 1486 1017 1538 negationem
1036 1486 1082 1526 in
1103 1499 1262 1539 genere
1280 1519 1290 1537 ,

263 1560 366 1599 tunc
389 1558 586 1611 objicitur
600 1558 650 1599 de
670 1558 765 1609 hoc,
784 1558 898 1611 quod
919 1561 1082 1599 estnon
1096 1557 1294 1600 substan-

266 1632 357 1673 tia:
375 1633 536 1671 constat
555 1630 668 1683 quod
684 1642 772 1670 non
791 1632 930 1682 potest
947 1630 1085 1670 facere
1095 1630 1294 1682 negat-io-

266 1715 365 1743 nem
392 1702 438 1742 in
466 1714 623 1754 genere
646 1715 655 1742 :
678 1713 782 1753 ergo
814 1713 913 1741 cum
939 1711 1025 1744 non
1053 1701 1295 1744 substantia

266 1785 353 1814 non
384 1773 547 1814 dicatur
588 1773 671 1813 nisi
703 1772 754 1813 de
795 1772 887 1813 aliis
932 1773 1161 1825 generibus
1180 1805 1190 1825 ,
1219 1786 1296 1827 pa-

269 1847 342 1894 tet,
358 1847 438 1885 etc.

323 1916 443 1970 Resp.
461 1916 690 1957 Dicendum
716 1916 829 1970 quod
849 1916 1003 1957 modus
1032 1916 1198 1957 dicendi
1227 1929 1297 1957 se-

271 1988 459 2029 cundum
479 1988 758 2029 substantiam
782 1988 891 2029 circa
910 1987 1145 2028 terminum
1163 2000 1296 2041 nega-

270 2062 380 2109 tum,
402 2059 492 2100 sive
510 2059 744 2110 infinitum,
762 2061 822 2100 est
843 2059 1065 2112 dupliciter
1082 2059 1268 2113 accipere
1285 2074 1294 2101 :

270 2137 344 2174 aut
363 2136 575 2186 quantum
593 2133 645 2174 ad
662 2134 948 2186 significatum
961 2166 970 2183 ,
993 2136 1067 2175 aut
1086 2137 1298 2187 quantum

270 2206 322 2246 ad
353 2205 636 2258 suppositum.
680 2204 723 2245 Si
758 2207 968 2257 quantum
997 2205 1048 2246 ad
1083 2205 1299 2258 significa-

269 2280 362 2318 tum
379 2309 389 2327 ,
418 2277 619 2330 quoniam
651 2279 753 2317 tunc
774 2277 983 2318 terminus
1002 2281 1184 2331 negatus
1212 2280 1300 2319 tra-

270 2349 334 2389 hit
370 2348 725 2402 significationem
755 2350 807 2390 ab
836 2350 1060 2401 affirmato,
1100 2350 1212 2391 idem
1241 2354 1301 2391 est

273 2421 425 2462 modus
470 2421 635 2462 dicendi
677 2424 886 2474 quantum
929 2422 982 2463 ad
1018 2422 1299 2474 significatio-

273 2505 371 2534 nem
390 2493 434 2533 in
452 2494 636 2534 termino
654 2497 809 2546 negato
827 2525 837 2543 ,
868 2496 910 2534 et
934 2494 1158 2535 affirmato.
1182 2494 1300 2535 Unde

274 2564 382 2605 sicut
418 2564 537 2607 homo
566 2565 718 2605 dicitur
747 2565 981 2606 secundum
1019 2566 1300 2607 substantiam

273 2639 482 2688 quantum
496 2637 547 2677 ad
557 2636 930 2689 significationem,
942 2638 999 2677 ita
1010 2640 1049 2677 et
1061 2648 1146 2680 non
1160 2638 1280 2680 homo
1289 2670 1298 2678 .

275 2707 448 2757 Quando
475 2707 590 2748 enim
622 2707 775 2748 dicitur
809 2721 818 2749 ε
859 2708 986 2749 ((1100
1016 2712 1077 2750 θεῖ
1106 2709 1252 2761 homo,
1276 2724 1294 2747 1)

273 2779 551 2820 substantiam
577 2779 773 2832 praedico.
815 2779 993 2829 Quando
1019 2782 1164 2821 autem
1197 2781 1303 2821 dici-

273 2854 343 2891 tur
363 2865 371 2891 :
397 2866 416 2889 «
436 2850 524 2892 Hoc
545 2854 607 2892 est
622 2863 709 2892 non
728 2852 872 2902 homo,
891 2866 909 2889 n
936 2852 1215 2893 substantiam
1235 2866 1301 2894 re-

275 2934 440 2964 moveo.
482 2923 525 2964 Si
564 2926 707 2964 autem
742 2924 973 2976 loquamur
1008 2926 1218 2977 quantum
1251 2925 1303 2965 ad

275 2994 558 3047 suppositum,
574 2998 677 3035 tunc
693 3007 770 3047 pro
784 2995 866 3035 alio
880 2995 1079 3048 supponit
1093 2996 1304 3037 terminus

274 3066 480 3116 negatus,
503 3066 543 3103 et
561 3063 799 3104 affirmatus
823 3078 832 3104 ε
857 3064 916 3104 sic
940 3064 1140 3118 opponit,
1173 3067 1214 3105 et
1247 3065 1304 3106 sic

274 3147 364 3177 non
384 3134 587 3187 intelligit
604 3135 891 3187 Augustinus.

699 3259 790 3290 DUB.
820 3260 880 3289 111.

400 3339 477 3371 Non
496 3337 629 3379 genitus
647 3337 689 3368 ad
709 3347 777 3369 non
798 3338 987 3378 genitorem
1004 3338 1180 3372 reseratur.

331 3420 505 3463 Videtur
524 3421 661 3462 dicere
680 3421 833 3462 falsum
845 3453 855 3471 ,
878 3421 979 3474 quia
999 3422 1137 3462 omnis
1155 3422 1304 3464 relatio

280 3493 398 3546 ponit
416 3493 501 3535 duo
520 3495 734 3535 extrema:
756 3504 875 3546 ergo,
898 3493 932 3533 si
947 3505 1034 3534 non
1050 3494 1221 3546 genitus
1237 3507 1305 3536 re-

1014 254 1427 297 SENTENTIARUM
1449 256 1552 307 LIB.
1586 257 1617 298 Ι.

1357 345 1491 386 fertur
1511 346 1563 387 ad
1582 358 1670 386 non
1690 345 1944 398 genitorem,
1960 357 2125 387 necesse
2135 350 2211 396 est,
2233 348 2284 388 ad
2301 349 2381 389 hoc

1359 417 1471 468 quod
1501 417 1652 470 aliquis
1677 418 1730 457 sit
1756 417 1995 468 ingenitus,
2024 418 2136 470 quod
2165 418 2248 458 sint
2278 420 2378 468 duo,

1360 499 1546 539 quorum
1565 501 1677 529 unus
1696 488 1749 528 sit
1769 500 1854 528 non
1873 488 2058 540 genituS,
2081 488 2183 529 alter
2202 502 2290 530 non
2309 502 2380 542 ge-

1360 557 1490 598 nitor.

1414 629 1564 670 Contra
1584 645 1592 671 t
1618 630 1713 672 Esto
1734 643 1808 684 per
1827 631 2081 684 impossibile
2103 632 2215 684 quod
2240 632 2385 673 nullus

1362 703 1468 741 esset
1492 701 1573 741 nisi
1606 715 1720 743 unus
1740 703 1874 754 solus,
1894 703 1961 743 ille
1988 703 2138 756 utique
2168 706 2274 744 esset
2300 715 2386 744 non

1363 771 1546 824 genitor.

1418 843 1539 896 Resp.
1566 843 1793 885 Dicendum
1813 845 1926 898 quod
1945 845 2092 885 referri
2113 845 2164 886 ad
2185 845 2387 898 aliquem,

1366 914 1446 954 hoc
1483 917 1618 967 potest
1649 927 1737 955 esse
1771 915 2023 968 dupliciter:
2049 919 2122 956 aut
2154 917 2389 957 secundum

1365 984 1570 1025 rationem
1614 986 1818 1025 existendi
1843 1018 1852 1034 ,
1886 990 1957 1027 aut
1991 987 2225 1027 secundum
2264 987 2392 1028 ratio-

1365 1068 1465 1096 nem
1483 1056 1747 1108 intelligendi
1771 1071 1778 1097 :
1807 1057 2041 1098 secundum
2066 1059 2273 1098 rationem
2298 1059 2391 1098 cxi-

1366 1128 1501 1168 stendi
1518 1160 1528 1178 ,
1562 1128 1732 1180 quando
1764 1128 2016 1180 importatur
2054 1128 2259 1169 habitudo
2295 1141 2393 1169 rea-

1365 1199 1434 1249 lis;
1458 1199 1691 1239 secundum
1703 1199 1911 1239 rationem
1924 1199 2203 1251 intelligendi,
2220 1201 2392 1253 quando

1366 1270 1561 1323 privatur
1581 1270 1783 1311 habitudo
1803 1270 1942 1311 realis,
1966 1270 2029 1311 Ad
2049 1271 2128 1311 1100
2148 1272 2262 1312 enim
2279 1273 2393 1324 quod

1368 1343 1632 1395 intelligatur
1649 1343 1828 1395 privatio
1841 1342 2102 1383 habitudinis
2117 1375 2127 1393 ,
2150 1355 2316 1384 necesse
2334 1346 2394 1383 est

1367 1414 1604 1466 intelligere
1624 1414 1941 1454 habitudinem:
1965 1416 2005 1454 et
2024 1413 2075 1453 ad
2094 1413 2173 1454 1100
2189 1414 2300 1466 quod
2318 1415 2395 1454 ha-

1368 1487 1514 1527 bitudo
1536 1486 1819 1538 intelligatur,
1842 1497 2010 1526 necesse
2030 1487 2092 1525 est
2111 1485 2288 1537 intelligi
2310 1486 2395 1526 duo

1369 1561 1579 1609 extrema,
1602 1560 1649 1598 ut
1684 1558 1893 1598 affirmata
1913 1573 1921 1597 z
1945 1559 1985 1597 et
2001 1557 2060 1597 ita
2082 1557 2232 1597 adhoc
2251 1559 2299 1597 ut
2325 1557 2395 1597 in—

1372 1629 1588 1682 telligatur
1606 1629 1790 1682 privatio
1810 1628 2093 1676 habitudinis,
2116 1628 2204 1669 sive
2224 1628 2395 1668 relatio-

1369 1701 1451 1752 nis,
1464 1713 1630 1741 necesse
1641 1704 1702 1741 est
1715 1701 1893 1753 intelligi
1912 1701 1997 1742 duo
2012 1704 2204 1741 extrema
2224 1704 2393 1753 negata.

1370 1771 1421 1813 Et
1438 1775 1646 1825 quantum
1663 1772 1808 1813 adhoc
1827 1773 1924 1813 dicit
1938 1773 2208 1825 Augustinus
2222 1785 2308 1813 non
2325 1785 2398 1825 ge-

1370 1844 1508 1885 nitum
1528 1844 1673 1885 referri
1693 1844 1745 1885 ad
1777 1856 1863 1885 non
1891 1845 2128 1897 genitorem
2145 1877 2155 1895 ,
2182 1844 2283 1897 quia.
2309 1857 2397 1885 non

1371 1918 1505 1968 potest
1521 1916 1613 1968 capi
1632 1915 1870 1957 intellectus
1890 1917 1983 1968 eJ'us
2011 1916 2092 1956 nisi
2111 1928 2186 1969 per
2206 1916 2397 1957 intellec—

1371 1989 1465 2028 tum
1484 1987 1598 2027 illius
1620 2002 1629 2028 :
1652 1990 1693 2028 et
1713 1988 1784 2037 ita,
1804 1991 2013 2041 quantum
2031 1988 2083 2028 ad
2103 1988 2309 2029 rationem
2333 1988 2398 2029 di-

1373 2060 1490 2100 cendi
1508 2060 1660 2101 dicitur
1671 2061 1905 2101 secundum
1918 2060 2180 2109 relationem,
2195 2061 2300 2102 sicut
2310 2073 2397 2102 non

1372 2131 1501 2173 homo
1518 2131 1670 2172 dicitur
1687 2132 1923 2172 secundum
1940 2131 2234 2172 substantiam.

1794 2272 1885 2300 DUB.
1920 2271 1978 2300 IV.

1373 2354 1458 2386 Cum
1486 2352 1606 2385 dicitur
1635 2354 1714 2384 nata
1744 2351 1928 2393 sapientia,
1957 2351 2003 2383 ihi
2026 2351 2189 2392 sapientia
2219 2351 2401 2384 essentiam

1799 2400 1977 2441 significet.

1428 2490 1608 2531 Contra:
1631 2488 1742 2541 Ergo
1766 2488 2003 2529 secundum
2031 2487 2111 2528 hoc
2137 2487 2283 2528 licebit
2310 2488 2400 2528 loco

1374 2560 1591 2613 sapientise
1618 2572 1774 2613 ponere
1786 2559 2025 2608 essentiam,
2045 2571 2144 2599 cum
2165 2559 2287 2599 faciat
2307 2560 2399 2611 ejus

1374 2631 1633 2672 intellectum
1657 2646 1664 2671 ;
1687 2631 1799 2684 quod
1815 2630 1967 2670 falsum
1983 2633 2060 2670 est.

1428 2703 1550 2756 Resp.
1569 2703 1799 2743 Dicendum
1815 2702 1927 2755 quod
1946 2705 2006 2743 est
2022 2702 2140 2755 loqui
2156 2701 2205 2742 de
2225 2701 2398 2742 nomine

1375 2775 1590 2828 sapientiae
1610 2774 1676 2816 vel
1699 2777 1908 2827 quantum
1931 2774 1982 2814 ad
2003 2773 2308 2825 significatum,
2329 2773 2397 2812 vel

1375 2849 1584 2900 quantum
1607 2846 1659 2887 ad
1673 2845 1953 2899 suppositum.
1977 2845 2192 2894 Quantum
2205 2844 2256 2884 ad
2269 2844 2403 2896 signi-

1375 2920 1562 2969 ficatum,
1588 2918 1685 2959 dicit
1702 2917 1949 2966 essentiam;
1985 2917 2054 2957 sed
2075 2919 2218 2956 tamen
2244 2928 2401 2968 suppo-

1376 2992 1438 3032 nit
1454 3001 1678 3043 personam
1703 3003 1711 3029 :
1738 2992 1778 3029 et
1796 2989 1853 3028 ita
1871 2988 2127 3041 adjectivum
2146 2986 2316 3039 respicit
2333 2987 2402 3040 ip-

1378 3075 1475 3103 sum
1499 3061 1660 3102 ratione
1679 3060 1900 3113 suppositi,
1924 3071 2023 3099 curn
2048 3058 2199 3098 dicitur
2230 3058 2402 3111 sapien-

1377 3134 1437 3174 tia
1455 3135 1568 3183 nata,
1588 3144 1674 3172 non
1694 3133 1856 3172 ratione
1872 3131 2100 3182 significati
2131 3144 2139 3169 ε
2164 3142 2241 3170 0θο
2260 3130 2399 3183 sequi-

1377 3209 1448 3247 tur
1479 3206 1649 3258 propter
1676 3204 1774 3254 hoc,
1800 3203 1915 3256 quod
1938 3202 2028 3242 loco
2054 3200 2272 3253 sapientiae
2303 3202 2402 3254 poni

1378 3276 1506 3331 possit
1535 3275 1712 3316 essentia
1730 3307 1739 3324 ,
1768 3275 1868 3327 quia
1897 3285 1995 3314 cum
2025 3272 2230 3325 sapientia
2266 3273 2318 3313 sit
2350 3273 2400 3313 de

1378 3348 1622 3390 nominibus
1634 3346 1796 3397 mediis,
1811 3348 1944 3398 potest
1957 3356 2196 3397 supponere
2209 3356 2284 3397 pro
2298 3356 2400 3397 per-

1379 3434 1495 3472 sona,
1517 3423 1558 3461 et
1578 3419 1690 3460 trahi
1709 3419 1760 3460 ad
1777 3417 2045 3471 suppositum
2065 3431 2073 3457 z
2097 3417 2169 3458 sed
2194 3416 2372 3457 essentia
2388 3449 2399 3468 ,

1380 3504 1478 3534 cum
1498 3492 1550 3532 sit
1574 3489 1950 3532 abstractissimum
1969 3500 2125 3529 nomen
2137 3520 2147 3540 ,
2166 3500 2267 3529 non,
