2613 3990
1092 251 1343 294 DISTINCT.
1375 254 1422 294 X.
2241 260 2319 297 183

272 361 293 387 «
306 343 353 387 Si
366 357 468 400 ergo
490 344 661 403 proprie
680 344 838 403 aliquis
854 343 1013 386 horum
1032 341 1166 385 trium
1180 341 1365 386 charitas
1383 342 1629 400 nuncupari
1648 342 1788 397 debet,
1805 342 1904 401 quis
1922 343 2064 402 aptius
2080 359 2135 403 qu
2143 360 2210 388 am
2227 346 2323 404 Spi-

208 422 316 466 ritus
349 424 546 464 sanctus?
581 426 630 464 ut
657 421 814 464 scilicet
844 420 890 462 in
924 419 1000 462 illa
1039 434 1209 462 summa
1236 419 1506 478 simplicique
1531 424 1688 462 natura
1713 434 1801 462 non
1833 418 1886 462 sit
1918 419 2038 462 aliud
2064 421 2319 479 substantia,

207 505 247 542 et
274 497 393 541 aliud
420 497 628 552 charitas3
663 497 735 540 sed
766 496 1006 540 substantia
1033 496 1124 554 ipsa
1154 495 1207 538 sit
1233 495 1416 539 charitas
1434 531 1443 548 ‚
1476 500 1517 538 et
1540 495 1724 538 charitas
1755 496 1848 555 ipsa
1873 495 1927 538 sit
1947 496 2209 552 substantia,
2232 498 2321 542 sive

206 576 251 618 in
282 575 408 617 Patre
428 609 438 629 ,
472 574 561 618 sive
591 574 635 616 in
653 573 788 627 Filio,
810 572 899 616 sive
917 572 963 614 in
984 571 1150 630 Spiritu
1171 577 1342 626 sancto3
1366 578 1407 616 et
1425 578 1570 615 tamen
1600 572 1788 631 Spiritus
1818 578 1990 616 sanctus
2019 574 2192 632 proprie
2224 575 2323 618 cha-

206 651 309 694 ritas
329 656 658 710 nuncupetur.»
681 650 786 693 Εο00
806 649 872 692 1115
892 649 1033 691 verbis
1064 654 1208 706 aperte
1235 648 1337 691 dicit
1366 649 1642 706 Augustinus
1667 649 1782 708 quod
1809 649 1854 692 in
1887 649 2116 705 Trinitate,
2139 650 2323 695 charitas

206 727 441 787 aliquando
472 727 656 770 refertur
683 726 736 769 ad
763 726 1076 781 substantiam,
1112 740 1210 784 quae
1242 726 1486 769 communis
1523 731 1584 769 est
1616 726 1750 769 trium
1780 741 2064 784 personarum
2095 732 2137 770 et
2160 733 2249 771 tota
2275 744 2322 772 111

205 805 418 862 singulis,
456 803 690 862 aliquando
715 803 952 861 specialiter
983 802 1036 845 ad
1070 817 1294 861 personam
1328 803 1516 861 Spiritus
1548 802 1682 846 sancti
1716 819 1724 845 ε
1761 803 1870 846 510111
1901 803 2111 862 sapientia
2136 804 2216 848 Dei
2246 805 2323 848 ali-

205 882 379 942 quando
398 896 476 940 pro
495 880 733 923 substantia
753 879 923 934 divina,
946 879 1182 938 aliquando
1212 895 1289 939 pro
1320 880 1432 924 Filio
1464 880 1638 939 proprie
1669 879 1901 939 accipitur3
1939 884 1979 923 et
1999 879 2079 924 1100
2104 880 2151 924 111
2173 882 2323 925 multis

205 959 300 1003 fieri
317 957 546 1017 reperitur.

269 1052 291 1077 «
309 1034 514 1079 Pluribus
534 1033 650 1077 enim
665 1038 676 1059 ¹
700 1033 908 1092 exemplis
927 1033 1069 1077 doceri
1088 1038 1242 1092 potest,
1265 1034 1404 1077 multa
1422 1049 1570 1077 rerum
1589 1033 1801 1078 vocabula
1819 1039 1860 1078 et
1878 1034 2181 1079 universaliter
2201 1035 2320 1094 poni,

205 1118 246 1157 et
273 1112 442 1171 proprie
473 1111 735 1170 quibusdam
762 1111 892 1154 rebus
922 1110 1118 1154 adhiberi
1147 1127 1155 1153 :
1189 1111 1298 1154 sicut
1323 1111 1449 1169 Legis
1468 1112 1645 1155 nomine
1665 1111 1901 1170 aliquando
1922 1111 2055 1155 simul
2075 1112 2221 1155 omnia
2237 1112 2324 1157 Ve-

204 1189 306 1233 teris
321 1188 584 1232 Testamenti
602 1187 908 1245 significantur
927 1188 1123 1247 cloquia3
1154 1188 1389 1246 aliquando
1411 1194 1555 1232 autem
1576 1189 1747 1248 proprie
1771 1194 1949 1233 vocatur
1968 1189 2079 1244 Lex,
2103 1204 2202 1247 quae
2224 1189 2324 1232 data

203 1271 265 1310 est
284 1280 358 1324 per
376 1265 555 1325 Moysen
577 1265 603 1305 ².
627 1264 766 1308 Multa
785 1265 870 1308 alia
892 1270 1128 1324 suppetunt
1148 1265 1346 1323 exempla
1369 1282 1377 1307 :
1401 1266 1474 1309 sed
1495 1266 1541 1309 in
1563 1281 1608 1309 re
1628 1271 1774 1325 aperta
1794 1266 1973 1310 vitanda
2001 1271 2064 1309 est
2094 1266 2323 1323 longitudo

201 1342 412 1386 sermonis
430 1342 457 1385 ³.
481 1341 602 1386 Sicut
621 1357 722 1399 ergo
745 1342 922 1385 unicum
944 1342 1020 1385 Dei
1040 1342 1235 1386 Verbum
1256 1343 1428 1401 proprie
1448 1359 1652 1388 vocamus
1671 1344 1847 1388 nomine
1866 1344 2091 1402 sapientiae
2110 1378 2119 1399 ,
2145 1359 2246 1387 cum
2271 1343 2326 1386 sit

203 1404 566 1463 universaliteret
585 1419 775 1478 Spiritus
806 1425 980 1462 sanctus
997 1425 1038 1462 et
1057 1419 1186 1462 Pater
1207 1420 1296 1478 ipse
1320 1419 1530 1478 sapientia
1546 1436 1555 1473 3
1579 1419 1638 1462 ita
1657 1418 1844 1477 Spiritus
1864 1424 2035 1461 sanctus
2058 1417 2232 1476 proprio
2251 1432 2326 1462 vo-

201 1497 356 1541 cabulo
375 1496 560 1540 charitas
580 1501 875 1555 nuncupatur,
898 1511 997 1539 cum
1018 1496 1072 1539 sit
1090 1496 1219 1539 Pater
1240 1502 1280 1539 et
1301 1496 1440 1539 Filius
1462 1496 1765 1539 universaliter
1785 1495 1984 1538 charitas.

261 1592 281 1616 »
308 1574 392 1618 Sed
413 1575 490 1617 Dei
508 1574 722 1628 Verbum,
745 1573 788 1616 id
811 1578 872 1617 est
890 1608 900 1628 ,
929 1573 1182 1630 unigenitus
1203 1573 1278 1616 Dei
1300 1573 1460 1628 Filius,
1486 1578 1630 1631 aperte
1657 1572 1797 1615 dictus
1828 1576 1890 1614 est
1916 1571 1994 1614 Dei
2022 1570 2231 1628 sapientia
2250 1585 2322 1614 ore

201 1652 398 1712 Apostoli
416 1651 650 1695 dicentis&
679 1650 901 1694 Cln‘istmn
925 1651 1006 1694 Dee·
1039 1651 1252 1694 virtutum
1283 1659 1324 1693 et
1354 1651 1435 1694 Dei
1462 1649 1744 1709 sapientiam.
1771 1648 1961 1707 Spiritus
1987 1653 2130 1691 autem
2152 1653 2323 1691 sanctus

202 1729 352 1774 ubisit
371 1729 509 1772 dictus
527 1727 728 1783 charitas,
754 1728 1025 1782 invenimus,
1059 1728 1092 1770 si
1119 1728 1352 1785 diligenter
1383 1728 1563 1772 Joannis
1587 1727 1770 1786 apostoli
1799 1727 2024 1785 eloquium
2053 1731 2320 1782 scrutemur3

202 1807 390 1866 quicum
404 1806 579 1849 dixisset
597 1809 609 1830 5
628 1822 636 1848 :
659 1806 909 1864 Diliqamus
930 1805 1134 1859 invicem,
1161 1806 1264 1864 quia
1286 1822 1338 1849 esc
1357 1809 1443 1849 Deo
1466 1813 1528 1849 est
1545 1804 1734 1857 dilectio,
1751 1803 1952 1862 adjunxit
1974 1820 1982 1847 ε
2006 1805 2067 1847 Et
2085 1804 2226 1847 omnis
2250 1804 2324 1862 qui

202 1883 364 1943 diliqz't,
389 1899 441 1927 cx
458 1885 546 1927 Deo
567 1890 699 1926 natus
717 1891 792 1936 est,
818 1883 920 1942 quia
940 1882 1114 1927 dilectio
1135 1885 1249 1927 Deus
1272 1891 1349 1926 est.
1382 1884 1494 1926 Hinc
1515 1881 1807 1926 manifestavit
1827 1896 1871 1924 se
1890 1881 2047 1925 dixisse
2075 1897 2170 1925 eam
2196 1881 2327 1925 dilec-

202 1961 364 2005 tionem
396 1976 485 2004 esse
506 1961 660 2016 Deum,
689 1976 822 2020 quam
843 1960 952 2004 dixit
973 1976 1024 2003 ex
1043 1961 1146 2005 Deo.
1169 1961 1285 2004 Deus
1305 1976 1406 2019 ergo
1427 1976 1479 2004 ex
1501 1960 1587 2004 Deo
1605 1964 1666 2003 est
1685 1959 1858 2003 dilectio
1881 1975 1890 2001 :
1914 1959 1987 2002 sed
2007 1959 2111 2018 quia
2129 1963 2170 2002 et
2188 1959 2328 2003 Filius

203 2053 254 2082 ex
273 2038 362 2082 Deo
380 2038 507 2081 Patre
527 2043 655 2081 natus
676 2043 760 2093 est,
784 2043 825 2081 et
844 2037 1030 2096 Spiritus
1051 2043 1223 2081 sanctus
1254 2054 1306 2082 ex
1330 2039 1417 2082 Deo
1447 2039 1574 2082 Patre
1608 2037 1819 2097 procedit,
1851 2052 1981 2096 quem
2009 2037 2152 2096 potius
2172 2051 2325 2080 eorum

200 2115 270 2159 hic
292 2115 525 2159 debeamus
545 2115 734 2174 accipere
753 2115 917 2158 dictum
939 2130 1028 2159 esse
1057 2115 1358 2170 dilectionem,
1395 2116 1548 2159 merito
1579 2115 1807 2175 quaeritur.
1844 2114 1972 2158 Pater
1992 2113 2109 2157 enim
2129 2113 2248 2157 solus
2266 2113 2327 2157 ita

200 2191 315 2236 Deus
334 2197 412 2247 est,
438 2197 487 2236 ut
507 2208 594 2236 non
614 2192 669 2236 sit
687 2207 741 2236 ex
757 2192 846 2236 Deo
870 2208 878 2235 :
904 2198 945 2236 et
962 2192 1059 2236 ideo
1079 2192 1266 2249 dilectio,
1290 2208 1389 2252 quae
1407 2194 1466 2237 ita
1479 2193 1595 2237 Deus
1614 2199 1676 2236 est
1694 2197 1744 2235 ut
1763 2207 1815 2235 ex
1831 2192 1919 2235 Deo
1940 2192 2010 2247 sit,
2031 2206 2119 2234 non
2139 2191 2228 2250 ipse
2246 2191 2329 2235 Pa-

201 2275 265 2313 ter
294 2274 372 2325 est,
394 2270 467 2314 sed
488 2275 563 2313 aut
581 2269 735 2327 Filius,
759 2275 836 2313 aut
854 2270 1044 2329 Spiritus
1063 2275 1251 2314 sanctus.
1275 2270 1362 2314 Sed
1377 2271 1424 2314 in
1443 2270 1808 2330 consequentibus
1827 2284 1929 2313 cum
1947 2268 2027 2312 Dei
2052 2268 2328 2312 dilectionem

201 2352 576 2391 commemorasset
603 2347 814 2403 Joannes,
838 2363 925 2406 qua
954 2348 1105 2391 dilexit
1126 2363 1203 2391 nos
1218 2383 1228 2403 ‚
1251 2353 1292 2392 et
1311 2348 1412 2391 hinc
1432 2348 1627 2392 hortatus
1658 2352 1765 2391 esset
1785 2352 1834 2390 ut
1852 2352 1893 2390 et
1921 2361 1999 2390 nos
2017 2346 2204 2390 invicem
2230 2345 2329 2389 dili-

200 2438 371 2480 gamus,
394 2429 524 2482 atque
549 2423 609 2467 ita
634 2424 749 2467 Deus
780 2424 825 2467 in
852 2425 977 2468 1101115
997 2430 1193 2480 maneat3
1221 2425 1324 2484 quia
1344 2426 1496 2484 utique
1516 2425 1790 2469 dilectionem
1810 2425 1951 2468 Deum
1971 2423 2161 2479 dixerat,
2183 2423 2327 2466 statim

201 2500 351 2544 volens
369 2500 421 2544 de
442 2500 521 2544 hac
540 2515 586 2544 re
600 2501 791 2559 apertius
812 2502 976 2560 aliquid
998 2503 1166 2562 eloqui,
1190 2504 1335 2563 inquit
1359 2520 1367 2546 :
1391 2506 1445 2547 In
1468 2504 1547 2547 hoc
1574 2503 1869 2562 coqnoscc'mecs
1884 2538 1896 2555 ,
1924 2502 2030 2560 quia
2052 2502 2099 2545 in
2118 2501 2212 2560 ipso
2230 2516 2327 2544 mcc-

200 2593 367 2633 nemus,
391 2586 431 2621 et
450 2578 540 2637 ipse
557 2578 606 2621 in
625 2578 762 2631 nobis,
788 2579 889 2637 quia
909 2579 961 2622 cle
978 2595 1053 2623 suo
1072 2581 1243 2639 Spiritu
1261 2581 1381 2625 dedit
1400 2581 1536 2624 nobis.
1570 2580 1759 2639 Spiritus
1783 2580 1931 2638 itaque
1949 2584 2143 2633 sanctus,
2165 2578 2217 2622 de
2238 2593 2325 2637 quo

201 2655 318 2699 dedit
337 2655 477 2711 nobis,
500 2655 600 2699 facit
619 2670 698 2699 nos
718 2656 763 2698 in
784 2656 872 2700 Deo
894 2672 1083 2712 manere,
1107 2663 1148 2701 et
1167 2659 1309 2717 ipsum
1339 2659 1384 2702 in
1412 2658 1536 2701 nobis
1560 2674 1568 2700 :
1592 2658 1672 2700 1100
1700 2662 1846 2700 autem
1878 2656 1980 2699 facit
2007 2655 2178 2699 dilectio
2203 2671 2211 2697 :
2235 2655 2325 2714 ipse

201 2747 304 2790 ergo
322 2732 518 2787 Deusest
538 2732 724 2776 dilectio.
756 2733 872 2777 Deus
904 2749 1006 2791 ergo
1028 2734 1217 2794 Spiritus
1235 2740 1421 2791 sanctus,
1444 2736 1520 2795 qui
1536 2734 1727 2794 procedit
1745 2749 1799 2778 ex
1828 2733 1934 2789 Deo,
1957 2733 2228 2790 significatur
2246 2732 2324 2775 ubi

200 2809 375 2867 legitur,
396 2811 511 2853 Deus
531 2808 720 2863 dilectio,
750 2815 792 2853 et
818 2809 991 2855 dilectio
1019 2827 1070 2855 επ
1100 2813 1184 2855 Deo
1218 2821 1293 2856 est.
1322 2830 1343 2853 ›>
1364 2813 1469 2856 Ecce
1500 2813 1567 2856 his
1599 2812 1741 2856 verbis
1769 2816 1913 2870 aperte
1932 2810 2035 2854 dicit
2053 2809 2325 2866 Augustinus

201 2885 413 2944 Spiritum
446 2892 643 2930 sanctum
670 2902 758 2930 esse
789 2887 1041 2932 charitatem
1070 2889 1213 2933 Patris
1233 2896 1273 2933 01
1293 2890 1419 2946 Filii3
1442 2895 1484 2933 et
1502 2890 1547 2933 in
1569 2894 1739 2933 tantum
1758 2903 1935 2947 quoque
1956 2902 2199 2931 sermonem
2226 2902 2325 2946 pro-

201 2962 347 3019 duxit,
383 2968 430 3007 ut
459 2964 660 3007 videatur
680 2964 851 3022 dixisse,
876 2965 1090 3025 Spiritum
1111 2972 1307 3011 sanctum
1328 2983 1415 3011 non
1435 2967 1578 3011 solum
1599 2981 1687 3010 esse
1707 2965 1982 3009 dilectionem
2003 2964 2147 3007 Patris
2166 2968 2208 3007 et
2226 2965 2325 3008 Filii

202 3054 289 3097 qua
311 3055 354 3084 se
379 3040 565 3084 invicem
585 3046 627 3084 et
646 3056 724 3084 1105
753 3041 972 3099 diligunt3
996 3043 1068 3087 sed
1089 3044 1218 3087 etiam
1238 3060 1326 3103 qua
1344 3045 1568 3102 diligimus
1588 3044 1743 3087 Deum.
1767 3041 1853 3086 Sed
1877 3046 2027 3085 utrum
2046 3041 2136 3099 ipse
2155 3041 2209 3085 sit
2228 3041 2324 3086 cha-

202 3116 322 3173 ritas,
345 3133 433 3176 qua
450 3133 528 3161 nos
546 3118 771 3176 diligimus
789 3119 945 3176 Deum,
965 3120 1012 3164 in
1032 3121 1231 3180 sequenti
1252 3127 1264 3148 6
1282 3121 1541 3180 explicatur.

261 3193 388 3237 Nunc
406 3210 508 3239 vero
527 3196 644 3254 quod
664 3196 922 3255 incoepimus
940 3199 1162 3242 ostendere
1179 3213 1397 3253 curemus,
1418 3198 1576 3241 scilicet
1596 3196 1809 3255 Spiritum
1828 3200 2028 3239 sanctum
2048 3195 2321 3240 dilectionem

204 3283 292 3313 0550
306 3304 317 3325 ,
338 3270 427 3315 sive
446 3287 637 3316 amorem
656 3273 798 3317 Patris
817 3279 857 3317 et
875 3274 992 3330 Filii,
1015 3291 1103 3334 quo
1121 3276 1281 3319 scilicet
1299 3276 1427 3318 Pater
1445 3274 1589 3331 diligit
1607 3273 1771 3316 Filium
1788 3306 1799 3327 ‚
1824 3277 1865 3315 et
1890 3272 2032 3316 Filius
2049 3273 2238 3317 Patrem.
2259 3274 2321 3317 De

204 3346 283 3390 hoc
300 3347 593 3407 Hieronymus
612 3365 740 3410 super
760 3351 993 3409 septimum
1008 3352 1224 3395 decimum
1237 3352 1460 3395 Psalmum
1479 3351 1561 3394 ait:
1579 3349 1802 3408 «Spiritus
1816 3354 1989 3406 sanctus
2006 3365 2084 3394 nec
2098 3350 2226 3394 Pater
2240 3355 2317 3404 est,

204 3438 282 3467 nec
298 3424 453 3479 Filius,
475 3426 548 3469 sed
578 3427 750 3471 dilectio
777 3443 909 3486 quam
936 3428 1064 3472 habet
1085 3429 1214 3473 Pater
1242 3430 1287 3472 in
1310 3429 1474 3471 Filium
1501 3433 1542 3470 et
1558 3426 1698 3469 Filius
1717 3426 1763 3472 in
1783 3426 1975 3470 Patrem.
1999 3445 2020 3469 »
2044 3427 2320 3484 Augustinus

247 3525 257 3545 ¹
273 3524 426 3564 August„
446 3524 485 3555 de
509 3525 638 3565 'Fr-init„
660 3528 717 3558 lib.
732 3529 805 3568 XV,
827 3538 855 3559 c.
873 3536 970 3568 xviii,
991 3538 1028 3560 n.
1043 3531 1094 3561 30.
1110 3548 1150 3553 -
1164 3530 1296 3568 2Jocm.,
1319 3536 1342 3569 1,
1366 3530 1412 3559 17.
1429 3545 1464 3549 -
1483 3527 1659 3568 ³August„
1678 3526 1717 3558 de
1740 3526 1875 3567 Trinit„
1895 3526 1954 3558 lib.
1975 3528 2045 3568 XV,
2068 3537 2097 3558 0.
2111 3534 2197 3567 xvu,
2216 3535 2251 3559 11.
2266 3527 2319 3560 31.

203 3587 243 3593 —
262 3570 298 3601 41
322 3570 410 3609 Con,
431 3578 465 3611 1,
481 3573 533 3603 24.
547 3589 586 3595 -—-
599 3574 640 3605 51
658 3576 766 3614 .Ιοαη.,
784 3582 830 3615 lv,
851 3577 880 3614 7,
900 3576 947 3606 19.
969 3593 1010 3599 —
1031 3576 1044 3597 ⁶
1064 3577 1146 3608 Dist.
1162 3584 1235 3609 xvu
1257 3576 1357 3616 hujus
1376 3575 1464 3605 libri.

2377 354 2454 380 Sicut

2357 394 2481 422 Verbum

2344 434 2393 461 Dei
2416 444 2480 470 pro-

2355 476 2415 509 prie
2437 477 2481 503 di-

2343 518 2414 543 citur
2443 528 2483 545 sa-

2362 560 2481 595 pientia3

2344 599 2483 636 itaetspj-

2378 642 2448 668 rssus

2362 686 2471 711 sanctus

2359 725 2472 758 proprie

2362 764 2464 791 dicitur

2343 805 2463 833 charitas
2476 829 2481 840 ,

2343 849 2370 871 et
2392 850 2484 874 tamon

2344 887 2440 921 Pater,
2456 893 2484 915 et

2344 929 2444 963 Filius,
2457 935 2484 957 et

2363 971 2483 1006 Spiritus

2361 1016 2472 1039 sanctus

2369 1053 2469 1080 dicitur

2353 1096 2483 1123 charitas.

2377 1149 2483 1175 Exem-

2356 1190 2411 1225 plis
2431 1190 2476 1216 su·-

2363 1235 2452 1257 matur
2461 1253 2467 1265 ‚

2368 1273 2466 1299 cadem

2358 1317 2471 1342 nomina

2357 1359 2471 1392 proprie

2361 1402 2389 1425 ct
2409 1399 2473 1425 uui-

2360 1449 2402 1466 1·οι
2411 1441 2474 1467 sali-

2345 1484 2387 1507 101·
2395 1482 2485 1518 accipi

2354 1594 2487 1620 Auctori-

2348 1639 2387 1662 tas
2410 1638 2487 1672 poni-

2346 1680 2398 1712 tur,
2411 1679 2486 1713 quod

2372 1719 2462 1747 Filius

2357 1762 2473 1796 proprie

2366 1803 2469 1829 dicitur

2349 1845 2486 1880 sapientia

2343 3217 2423 3244 Redit
2434 3225 2479 3244 05-

2352 3258 2470 3284 tendere

2376 3299 2453 3333 quod

2361 3348 2464 3375 propo-

2355 3379 2464 3410 suerat,

2355 3417 2467 3444 scilicet

2374 3460 2451 3494 quod
