2613 3990
88 1466 132 1493 Ad
146 1474 198 1501 op-

61 1516 124 1544 pos.

889 221 1018 263 DIST.
1048 219 1191 261 XXIII.
1223 219 1341 261 ART.
1375 219 1406 260 I.
1439 217 1636 268 QUAEST.
1669 218 1699 258 l.

537 344 857 391 ARTICULUS
889 344 923 387 Ι.

275 457 337 498 Ad
356 457 678 509 intelligentiam
697 467 845 496 eorum
863 465 962 507 quae
982 453 1181 494 dicuntur
1199 452 1244 492 10

220 530 418 583 praesenti
455 529 722 570 distinctione
768 528 818 568 de
860 527 926 567 his
968 526 1242 574 nominibus,

217 611 419 654 persona,
447 601 707 648 substantia,
728 603 767 641 et
787 599 996 647 ess-emta,
1018 597 1101 637 duo
1128 596 1243 649 [1110-

222 669 412 722 cipaliter
454 670 719 721 quaeruntur.
766 666 908 706 Primo
947 665 1153 718 quaeritur
1195 664 1245 704 de

222 743 494 784 translatione
525 742 703 782 istorum
732 740 956 781 nominum
989 739 1041 779 ad
1073 737 1242 787 divina;

221 814 406 855 secundo
422 846 433 864 ,
455 813 506 853 de
530 811 823 852 numeratione
849 810 1098 851 eorumdem
1123 809 1167 848 in
1187 808 1246 848 di-

220 885 347 926 vinis.
368 884 483 926 Circa
498 883 687 936 primum
704 885 959 934 quaeruntur
972 881 1052 921 tria
1065 895 1074 921 ε
1088 880 1243 933 primo,

220 959 365 996 utrum
396 955 449 996 ad
474 954 621 996 divina
657 953 805 994 debeat
841 952 1060 993 transferri
1090 962 1246 991 1100101]

220 1038 412 1078 personae
440 1038 450 1076 ;
499 1024 682 1065 secundo
701 1036 804 1064 vero
831 1056 841 1074 ,
889 1026 1039 1063 utrum
1088 1034 1247 1062 nomen

219 1096 486 1147 substantiae3
517 1095 641 1136 tertio
657 1126 667 1144 ‚
688 1098 836 1135 utrum
861 1106 1019 1135 nomen
1038 1092 1244 1134 0550111100.

579 1248 818 1299 QUAESTIO
849 1250 881 1290 I.

243 1352 303 1388 An
322 1363 447 1388 nomen
465 1351 625 1388 Personae
639 1352 688 1387 ad
708 1352 834 1387 (lirina
854 1352 1045 1395 transferri
1061 1351 1185 1387 debeat
1198 1351 1221 1386 ¹.

273 1453 426 1495 Utrum
444 1451 871 1494 debuerit‘tfflnsferri
886 1464 1040 1492 nomen
1058 1463 1249 1504 personae

220 1524 273 1565 ad
292 1524 462 1575 divina;
488 1527 529 1565 et
547 1525 660 1577 quod
680 1537 838 1564 000101]
857 1535 1047 1576 personas
1067 1535 1154 1563 non
1174 1522 1249 1562 (10-

222 1596 318 1636 beat
348 1596 429 1636 dici
450 1596 496 1636 in
517 1596 684 1646 divinis,
707 1595 941 1636 ostenditur
961 1595 1019 1634 sic
1043 1609 1051 1634 z
1074 1594 1250 1646 Augus-

221 1673 338 1713 t'mus
356 1672 402 1712 in
419 1673 528 1713 libro
545 1672 596 1714 cle
620 1673 846 1722 Trt'm‘tcte,
863 1674 903 1711 et
919 1671 1099 1710 hahetur
1115 1669 1160 1709 in
1179 1669 1250 1708 lit-

222 1746 339 1784 tera:
378 1759 398 1782 «
427 1743 596 1786 Dictum
627 1747 714 1793 est,
736 1749 820 1786 tres
845 1753 1059 1795 personat,
1086 1753 1172 1781 1100
1204 1744 1252 1781 ut

223 1814 326 1855 illud
343 1814 567 1865 diceretur,
591 1815 662 1855 sed
682 1828 735 1855 ne
759 1817 982 1855 taceretur.
1010 1827 1028 1850 11
1053 1812 1167 1864 Ergo
1185 1812 1252 1852 vi-

223 1885 346 1926 detur
359 1886 473 1938 quod
490 1886 627 1927 solum
641 1887 692 1926 ad
710 1886 860 1938 fugam
876 1884 1193 1932 haereticorum,
1213 1886 1254 1923 et

222 1969 310 1997 non
341 1957 575 1998 secundum
606 1956 828 1998 veritatem
854 1958 896 1996 et
926 1955 1249 2008 proprietatem,

223 2027 386 2068 dicatur
403 2040 585 2081 persona
604 2028 650 2067 in
671 2026 844 2068 divinis.

277 2101 316 2139 9..
348 2097 453 2139 Item
476 2099 557 2140 hoc
583 2099 725 2152 ipsum
756 2098 926 2138 videtur
951 2097 1129 2146 ratione,
1153 2097 1254 2150 quia

225 2182 405 2223 persona
432 2171 623 2212 nominat
646 2170 919 2223 particulare,
948 2172 988 2209 et
1008 2181 1094 2209 non
1113 2169 1253 2222 quod-

226 2246 410 2295 cumque
428 2274 438 2290 ,
467 2243 539 2283 sed
557 2242 774 2282 rationalis
792 2244 958 2281 naturae
979 2253 988 2281 :
1010 2241 1081 2281 sed
1099 2253 1124 2280 a
1142 2253 1254 2292 quo-

227 2326 411 2367 cumque
439 2317 684 2354 removetur
713 2312 908 2365 superius
926 2344 936 2363 ,
965 2315 1005 2352 et
1030 2312 1205 2352 inferius
1239 2327 1248 2353 ε

226 2398 351 2438 ergo,
373 2397 470 2426 cum
492 2384 536 2424 in
556 2383 711 2425 divinis
728 2396 815 2424 non
840 2384 893 2423 sit
914 2383 1050 2424 dicere
1067 2384 1249 2436 particu-

225 2457 326 2507 lare,
347 2456 539 2496 similiter
558 2468 635 2496 nec
655 2456 735 2495 erit
755 2456 890 2496 dicere
905 2467 1144 2508 personam.

280 2530 318 2568 3.
349 2527 482 2578 Item,
516 2527 769 2580 particulare
799 2526 1017 2566 rationalis
1049 2529 1253 2566 creaturae

227 2603 288 2641 est
319 2599 723 2653 compositissimum
762 2598 871 2638 inter
899 2598 1041 2638 omnia
1076 2601 1213 2638 creata
1242 2612 1251 2638 :

226 2690 327 2718 nam
349 2677 630 2730 compositum
650 2679 711 2716 est
730 2688 783 2716 ex
800 2675 1032 2716 substantia
1047 2674 1254 2727 corporali

229 2752 270 2790 et
305 2749 515 2803 spirituali
556 2763 564 2789 :
604 2752 644 2788 et
679 2759 830 2788 rursus
845 2779 855 2796 ,
889 2746 1116 2799 corporalis
1144 2746 1255 2786 inter

226 2832 374 2861 omnes
391 2807 563 2861 videtur
578 2820 736 2860 habere
758 2820 964 2871 majorem
984 2817 1256 2870 compositio-

227 2904 325 2932 nem
345 2906 354 2932 :
376 2903 480 2943 ergo
499 2903 598 2931 cum
623 2902 803 2943 persona
822 2889 873 2929 sit
894 2901 1051 2929 nomen
1069 2888 1254 2941 particu-

227 2962 342 3013 laris,
365 2965 406 3003 et
420 2963 501 3003 1100
528 2974 696 3002 51101010
715 2960 951 3013 compositi,
973 2960 1077 3001 etin
1100 2960 1256 3001 divinis

228 3036 291 3074 est
308 3046 478 3074 summa
492 3033 751 3086 simplicitas,
774 3034 886 3085 patet
905 3031 1016 3083 quod
1035 3031 1081 3071 in
1103 3031 1257 3072 divinis

228 3117 316 3145 non
331 3107 496 3157 oportet
515 3104 595 3144 dici
614 3115 773 3144 nomen
790 3114 998 3155 personae.

283 3179 322 3215 Jr.
345 3174 449 3216 Item
465 3208 475 3224 ,
499 3175 705 3216 vocabula
729 3177 873 3214 nostra
898 3174 1050 3214 debent
1077 3186 1256 3227 respon-

229 3247 326 3287 dere
346 3247 519 3298 graecis,
538 3250 588 3287 ut.
603 3246 746 3286 unitas
766 3245 861 3286 fidei
881 3246 1126 3286 ostendatur
1152 3261 1160 3287 :
1184 3246 1257 3287 sed

230 3319 365 3360 Graeci
386 3331 475 3359 non
491 3321 674 3359 utuntur
693 3316 918 3366 vocabulo,
937 3328 1161 3370 prosopon,
1184 3326 1256 3371 πρό-

274 3402 285 3423 ¹
304 3402 356 3442 Cf.
372 3402 468 3433 Alex.
483 3402 610 3441 Mens„
630 3410 664 3440 p.
692 3401 721 3440 1,
741 3410 772 3441 q.
798 3408 880 3440 mit,
902 3400 1028 3431 memb.
1055 3404 1062 3431 1
1081 3411 1090 3440 3
1112 3402 1146 3433 S.
1171 3401 1257 3432 Τ110-

231 3458 317 3489 10115,
338 3459 370 3488 p.
390 3450 423 3490 1,
445 3458 478 3490 q.
498 3456 595 3488 xxix,
614 3450 676 3479 art.
692 3450 783 3491 33>et
804 3449 815 3478 1
836 3448 941 3485 Sem„
960 3447 1037 3479 dist.
1052 3456 1153 3488 xxm,
1173 3457 1206 3489 q.
1224 3457 1254 3489 1,

231 3499 293 3528 art.
310 3500 347 3537 23
371 3497 452 3528 etde
468 3498 609 3535 Potent.,
624 3505 657 3536 q.
672 3503 718 3536 ix,
733 3499 795 3526 art.
812 3498 847 3535 33
865 3495 977 3535 AEgid.
994 3496 1130 3536 Rom.,l
1151 3496 1254 3534 Senl„

232 3544 308 3578 dist.
324 3552 426 3586 xxm,
447 3553 479 3586 q.
497 3552 543 3584 113
564 3543 715 3584 Henric.,
734 3543 770 3574 in
788 3543 935 3582 Summa,
958 3545 1020 3575 art.
1036 3551 1111 3585 Lm,
1131 3553 1165 3585 q.
1186 3546 1200 3575 1
1223 3546 1256 3575 et

2264 218 2338 256 377

1322 330 1439 360 σωπον,
1460 309 1506 349 10
1523 308 1676 349 divinis
1690 339 1700 356 ,
1722 306 1836 360 quod
1866 308 1928 346 est
1952 305 2064 346 idem
2080 336 2090 354 ‚
2112 305 2225 358 quod
2245 317 2342 358 per-

1319 393 1423 421 sona
1446 395 1454 421 :
1488 392 1591 432 ergo
1624 391 1721 419 cum
1741 378 1821 431 ipsi
1842 376 2041 430 proprius
2059 376 2242 417 habeant
2262 389 2342 417 vo-

1320 451 1469 492 cabula
1497 462 1626 503 quam
1642 461 1740 497 nos,
1768 451 1808 489 et
1825 460 1913 488 non
1941 449 2136 498 utuntur,
2158 459 2236 487 nec
2266 459 2344 487 nos

1320 522 1526 563 debemus
1543 521 1622 562 uti.

1375 593 1526 633 Contra
1550 602 1560 630 ε
1583 591 1767 632 Persona
1795 590 1950 631 dicitur
1975 589 2098 641 quasi
2119 600 2193 641 per
2216 600 2259 628 se
2278 600 2342 628 so-

1320 676 1452 713 nans,
1484 663 1572 703 sive
1602 675 1676 715 per
1702 674 1745 702 50
1771 674 1860 702 una
1886 676 1893 702 :
1927 661 1999 701 sed
2029 672 2104 713 per
2133 672 2177 700 50
2206 672 2345 700 1101110

1322 734 1609 789 propriissime
1627 733 1829 786 recipitur
1854 733 1899 772 in
1916 731 2000 772 Deo
2019 744 2029 772 :
2052 743 2156 783 ergo
2187 732 2227 771 et
2246 743 2347 783 per-

1321 820 1426 848 sona
1442 805 1674 847 secundum
1694 817 1824 844 suum
1842 815 2016 844 nomen.

1377 878 1496 925 Item,
1519 888 1701 930 persona
1719 875 1877 916 dicitur
1892 875 2053 914 habens
2079 885 2201 914 suam
2221 875 2345 914 natu-

1321 962 1413 990 ram
1439 947 1767 988 intellectualem
1793 946 1845 986 ab
1874 945 1966 986 aliis
1983 944 2224 985 distinctam
2249 944 2349 985 :sed

1322 1021 1367 1060 in
1387 1020 1470 1060 Deo
1490 1022 1553 1059 est
1570 1030 1727 1071 ponere
1746 1017 1974 1057 habentem
1999 1017 2199 1055 naturam
2226 1015 2349 1055 intel-

1321 1091 1546 1132 lectualem
1577 1090 1630 1130 ab
1661 1089 1752 1129 aliis
1787 1087 2047 1137 distinctam,
2082 1086 2190 1126 sicut
2221 1098 2351 1139 supra

1323 1166 1540 1204 ostensum
1574 1164 1635 1202 est
1668 1161 1718 1201 de
1752 1159 1989 1213 pluralitate
2026 1169 2306 1211 personarum
2339 1172 2348 1198 ε

1323 1247 1442 1287 ergo,
1462 1236 1540 1274 etc.

1378 1305 1500 1354 Item,
1532 1316 1713 1358 persona
1734 1301 1926 1343 nominat
1947 1301 2052 1341 mihi
2070 1300 2275 1341 ultimum
2305 1300 2351 1340 in

1324 1389 1480 1430 genere
1511 1372 1726 1416 rationalis
1757 1376 1923 1414 naturae
1951 1387 1959 1412 :
1996 1372 2068 1413 sed
2101 1371 2318 1412 rationalis
2340 1403 2350 1420 ‚

1325 1450 1414 1489 sive
1441 1446 1735 1487 intellectualis
1762 1447 1915 1485 natura
1932 1476 1942 1494 ,
1965 1447 2026 1484 est
2044 1443 2226 1484 nobilior
2243 1443 2354 1483 inter

1324 1523 1476 1561 creata.
1508 1518 1558 1558 Et
1585 1529 1749 1567 rursus,
1770 1516 1974 1556 ultimum
1993 1515 2038 1555 in
2067 1515 2137 1554 illa
2153 1517 2214 1555 est
2233 1526 2353 1554 com-

1323 1591 1605 1646 pletissimum
1624 1622 1633 1639 ,
1656 1589 1759 1642 quia
1778 1588 1816 1628 ei
1835 1587 1955 1628 nulla
1972 1590 2106 1640 potest
2123 1586 2216 1627 fieri
2236 1586 2354 1627 addi-

1324 1664 1382 1704 tio
1411 1678 1419 1703 z
1444 1674 1547 1714 ergo
1575 1662 1609 1701 si
1630 1660 1836 1713 quidquid
1858 1657 2148 1711 completionis
2173 1660 2255 1708 est,
2277 1670 2356 1710 po-

1325 1735 1516 1776 nendum
1555 1736 1617 1774 est
1659 1733 1705 1772 in
1747 1731 1830 1772 Deo
1874 1729 2163 1784 propriissime
2186 1761 2197 1780 ,
2252 1741 2355 1781 ergo

1325 1809 1453 1860 patet,
1474 1809 1552 1846 etc.

1381 1878 1506 1925 Item,
1529 1888 1708 1929 persona
1734 1874 1834 1916 dicit
1859 1873 2137 1926 dignitatem3
2167 1872 2280 1912 unde
2311 1872 2357 1912 in

1326 1949 1508 1990 ecclesiis
1521 1959 1711 2001 personae
1731 1947 1934 1987 dicuntur
1953 1944 2155 1985 hahentes
2176 1943 2358 1995 dignita-

1327 2025 1411 2062 tem
1442 2021 1629 2073 aliquam
1650 2017 1881 2059 notabilem
1901 2029 1910 2056 :
1930 2028 2034 2068 ergo
2055 2027 2154 2055 cum
2173 2014 2357 2066 dignitas

1326 2091 1616 2146 propriissime
1630 2091 1682 2130 sit
1699 2089 1742 2129 in
1757 2088 1854 2136 Deo,
1874 2099 2032 2128 nomen
2050 2098 2242 2139 personae
2263 2097 2358 2138 pro-

1326 2165 1534 2218 priissime
1551 2163 1596 2202 in
1618 2162 1701 2202 Deo
1722 2159 1968 2213 ponendum
1988 2161 2062 2198 est.

1670 2318 2010 2362 CONCLUSIO.

1328 2435 1484 2469 Personae
1510 2441 1634 2466 nomen
1654 2440 1724 2465 non
1743 2431 1953 2473 incongrue,
1978 2427 2121 2473 Spiritu
2140 2429 2261 2462 sancto
2282 2426 2357 2461 dic-

1378 2495 1499 2536 tante,
1522 2491 1570 2526 acl
1593 2491 1779 2536 supposita
1800 2488 1927 2523 divina
1948 2489 1998 2522 est
2019 2487 2260 2527 translatum,
2283 2496 2360 2520 cum.

1377 2554 1416 2587 in
1436 2552 1513 2587 illis
1530 2551 1692 2596 dignitas
1713 2552 1746 2585 et
1765 2548 1951 2584 distinctio
1972 2557 2051 2582 vere
2068 2547 2310 2592 reperiantur.

1382 2665 1504 2718 Resp.
1544 2664 1598 2705 ad
1633 2664 1815 2715 Argum.
1848 2660 2080 2702 Dicendum
2113 2657 2227 2711 quod
2258 2669 2358 2710 per—

1329 2751 1433 2779 sona
1451 2738 1502 2778 de
1523 2737 1589 2778 sui
1602 2736 1765 2777 ratione
1784 2735 1882 2775 dicit
1895 2731 2165 2786 suppositum
2183 2730 2356 2770 distinc-

1327 2813 1422 2850 tum
1442 2809 1694 2862 proprietate
1713 2807 1765 2847 ad
1783 2805 2034 2857 dignitatem
2054 2801 2282 2855 pertinens.
2309 2800 2360 2841 Et

1328 2879 1408 2919 11οο
1426 2881 1540 2931 patet
1563 2877 1608 2917 in
1626 2888 1703 2917 sua
1727 2872 1999 2927 etymologia,
2022 2870 2126 2911 etin
2151 2869 2358 2922 aequipol-

1328 2951 1432 2991 lenti
1451 2962 1543 2990 suo.
1566 2948 1614 2988 In
1633 2946 1913 3001 etymologia,
1932 2944 2034 2997 quia
2054 2955 2237 2996 persona
2256 2942 2357 2982 dici-

1328 3027 1400 3064 tur
1426 3023 1550 3076 quasi
1570 3033 1644 3074 per
1665 3033 1708 3061 se
1729 3032 1816 3060 una
1841 3033 1848 3059 :
1873 3030 1947 3071 per
1972 3029 2015 3057 se
2038 3019 2183 3057 autem
2203 3028 2355 3066 unum,

1330 3097 1500 3152 proprie
1516 3096 1669 3137 dicitur
1689 3105 1841 3141 unum,
1864 3091 1978 3144 quod
1995 3093 2058 3131 est
2082 3090 2256 3130 omnino
2276 3089 2361 3129 dis—

1331 3170 1533 3210 stinctum
1565 3167 1617 3206 ab
1645 3165 1740 3206 aliis
1761 3196 1771 3212 ,
1809 3166 1851 3203 et
1886 3162 1934 3202 in
1971 3173 2014 3202 50
2051 3161 2356 3201 indistinctum.

1332 3242 1534 3291 Rursum,
1549 3250 1728 3293 persona
1741 3236 1892 3278 dicitur
1904 3247 1926 3275 a
1939 3233 2220 3287 personando,
2238 3232 2360 3285 quasi

1331 3326 1408 3367 per
1435 3325 1477 3352 se
1503 3308 1739 3352 resonando
1767 3322 1776 3348 ε
1810 3317 2008 3347 resonare
2033 3307 2177 3345 autem
2206 3303 2359 3343 dicitur

1331 3448 1368 3485 23
1390 3442 1560 3480 Richard„
1582 3441 1594 3471 1
1616 3440 1719 3476 Seni„
1741 3437 1818 3469 dist.
1836 3443 1938 3473 xxm,
1959 3442 2040 3475 q.1;
2064 3433 2184 3465 Thom.
2204 3433 2358 3473 Argent.,

1333 3494 1344 3524 1
1359 3493 1464 3530 Sent„
1479 3490 1556 3521 dist.
1571 3495 1672 3526 xxm,
1687 3496 1720 3526 q.
1734 3493 1756 3522 1,
1775 3486 1837 3516 art.
1849 3486 1889 3523 23
1909 3481 2038 3514 Marsil.
2053 3482 2207 3520 Inguen„
2224 3481 2234 3510 l
2254 3480 2358 3519 Scnt„

1332 3551 1366 3583 q.
1380 3547 1479 3580 xxvi,
1500 3540 1563 3569 art.
1578 3538 1608 3568 2.
1626 3552 1660 3558 -—-
1678 3535 1692 3555 ²
1705 3535 1803 3574 Aug„
1824 3531 1863 3563 de
1882 3530 1986 3570 Trin„
2006 3528 2064 3559 lib.
2086 3528 2143 3567 lv,
2163 3536 2198 3559 n.
2213 3529 2244 3559 7.

2388 586 2502 613 Funda-

2365 630 2468 654 010010.

2397 2817 2520 2843 Persona

2379 2858 2457 2892 quasi
2469 2866 2521 2893 per

2391 2907 2420 2925 50
2438 2907 2508 2932 uua,

2391 2940 2435 2965 vul
2457 2948 2508 2974 per

2380 2990 2408 3008 50
2420 2990 2520 3008 sonans
