2613 3990
1190 291 1440 334 nis'riNcr.
1472 292 1520 333 v.
1787 271 1792 273 ’
2341 306 2414 344 101

300 386 343 427 et
359 397 531 427 summa
556 383 756 443 quaedam
769 396 836 426 res
857 381 911 424 sit
929 381 1078 425 divina
1100 381 1298 438 essent-ia,
1320 382 1355 426 si
1375 381 1524 426 divina
1542 385 1725 428 essentia
1744 388 1973 432 essentiam
1992 391 2159 447 genuit,
2182 392 2332 436 cadem
2351 407 2419 436 res

299 459 482 520 seipsam
502 460 654 518 genuit
665 477 676 516 ;
703 459 820 519 quod
839 458 1017 503 omnino
1038 474 1126 502 esse
1144 474 1233 503 non
1251 464 1389 519 potest
1411 476 1420 502 :
1441 459 1515 503 sed
1534 459 1663 505 Pater
1680 462 1797 506 solus
1815 466 1969 521 genuit
1986 466 2166 523 Filium,
2189 474 2230 512 et
2249 485 2274 513 a
2291 470 2420 514 Patre

299 542 341 581 et
365 538 476 582 Filio
495 538 684 598 procedit
702 536 890 595 Spiritus
908 540 1095 580 sanctus,

357 615 578 659 Praedictis
596 620 741 658 autem
761 613 935 657 videtur
954 613 1219 658 contrarium
1240 630 1328 659 esse
1348 614 1465 674 quod
1491 614 1594 658 dicit
1623 616 1901 674 Augustinus
1922 624 1933 646 ¹
1959 635 1968 662 ε
1998 636 2017 660 (ι
2039 620 2146 675 Hoc,
2168 621 2337 680 inquit,
2359 627 2419 666 est

297 691 386 736 Deo
416 707 503 736 esse
521 726 531 747 ‚
566 691 680 750 quod
713 705 861 750 sapere
885 708 893 734 z
919 691 1034 734 unde
1054 691 1183 734 Pater
1203 697 1243 735 et
1261 692 1401 735 Filius
1419 691 1550 734 simul
1570 698 1671 736 sunt
1690 710 1777 737 una
1798 696 2025 754 sapientia,
2049 697 2152 756 quia
2173 713 2261 741 una
2281 714 2421 743 essen—

300 769 380 812 tia:
403 774 444 812 et
459 768 680 826 sigillatim
701 768 909 826 sapientia
924 768 975 811 de
990 768 1218 827 sapientia,
1240 769 1350 813 sicut
1369 768 1551 812 essentia
1570 769 1622 812 cle
1643 771 1842 814 essentia.
1861 789 1882 812 ›>
1904 773 2009 816 Ecce
2029 773 2095 816 his
2112 775 2255 818 verbis
2275 783 2419 835 aperte

298 846 401 891 dicit
418 845 692 903 Augustinus
719 845 976 904 sapientiam
997 846 1048 889 de
1068 847 1282 905 sapientia
1303 882 1313 902 ‚
1336 851 1377 890 et
1397 845 1625 889 essentiam
1646 847 1698 890 de
1718 849 1901 892 essentia
1924 866 1932 892 :
1957 850 2033 893 ubi
2059 851 2233 895 videtur
2252 852 2420 910 signifi-

299 938 394 967 care
414 922 530 982 quod
550 922 760 982 sapientia
778 922 1034 981 sapientiam
1054 958 1065 978 ,
1088 929 1128 966 et
1155 923 1338 967 essentia
1355 914 1557 981 genuerit
1585 924 1828 968 essentiam.
1852 925 1971 969 ldem
1991 930 2020 982 2,
2042 926 2088 969 in
2108 927 2220 972 libro
2239 928 2292 972 de
2310 929 2419 973 Fide

299 1000 359 1045 ad
370 1003 564 1054 Petrum,
588 1000 651 1044 ait
674 1016 682 1042 :
713 1018 735 1041 α
755 1000 826 1044 Sic
845 1000 1066 1044 Christum
1086 1000 1165 1044 Dei
1185 1001 1365 1057 Filium,
1387 1001 1430 1045 id
1451 1006 1528 1056 est,
1552 1016 1686 1044 unam
1707 1017 1760 1045 ex
1779 1002 1989 1046 Trinitate
2010 1019 2253 1062 personam,
2276 1006 2417 1051 Deum

298 1093 449 1122 verum
469 1078 610 1133 crede,
634 1082 682 1121 ut
701 1077 974 1122 divinitatem
998 1078 1091 1137 ejus
1111 1078 1163 1121 de
1184 1083 1340 1122 natura
1352 1078 1494 1122 Patris
1512 1084 1657 1122 natam
1677 1094 1765 1123 esse
1785 1095 1874 1123 non
1893 1080 2079 1125 dubites.
2097 1098 2118 1123 >³
2140 1082 2222 1125 Hic
2244 1082 2419 1128 videtur

295 1155 435 1200 dicere
452 1190 463 1211 ,
485 1155 603 1215 quod
623 1161 781 1200 natura
808 1155 911 1199 Filii
930 1156 984 1199 sit
1004 1161 1105 1199 nata
1126 1156 1178 1199 de
1199 1162 1357 1200 natura
1377 1156 1531 1200 Patris.
1565 1157 1685 1200 Idem
1705 1160 1735 1211 ³,
1762 1157 1809 1200 in
1840 1157 1953 1202 libro
1979 1159 2134 1217 quinto
2165 1160 2330 1204 decimo
2366 1160 2419 1205 de

298 1232 525 1287 Trinitate,
549 1233 640 1277 ait:
671 1250 692 1275 t<
719 1232 888 1277 Dicitur
912 1233 1051 1277 Filius
1084 1233 1316 1277 consilium
1345 1234 1396 1277 de
1427 1233 1629 1289 consilio,
1665 1240 1705 1277 et
1725 1235 1930 1279 voluntas
1960 1236 2012 1278 de
2045 1236 2287 1293 voluntate,
2310 1237 2420 1282 sicut

293 1310 533 1354 substantia
552 1310 605 1355 de
625 1311 887 1366 substantia,
911 1311 1121 1370 sapientia
1140 1311 1193 1354 de
1213 1311 1437 1370 sapientia.
1464 1328 1486 1353 ))
1507 1311 1560 1354 Et
1579 1311 1649 1354 hic
1667 1311 1841 1354 vitietur
1861 1312 2017 1367 dicere,
2040 1313 2158 1372 quod
2180 1314 2420 1358 substantia

292 1389 347 1432 sit
365 1388 511 1446 genita
538 1389 877 1445 desubstantia,
899 1395 940 1432 et
957 1389 1169 1448 sapientia
1190 1389 1241 1432 de
1261 1389 1485 1445 sapientia.
1510 1389 1594 1432 Sed
1619 1389 1699 1432 hoc
1719 1389 1778 1431 ita
1798 1389 2140 1433 determinamus
2163 1407 2172 1433 ε
2196 1390 2420 1450 Sapientia

291 1466 344 1510 de
364 1466 592 1525 sapientia,
616 1471 657 1509 et
676 1466 916 1509 substantia
936 1466 987 1510 de
1009 1465 1249 1510 substantia
1269 1473 1346 1522 est,
1368 1466 1411 1509 id
1433 1471 1509 1521 est,
1532 1466 1687 1521 Filius,
1710 1466 1787 1525 qui
1808 1471 1870 1509 est
1888 1467 2119 1525 sapientia,
2140 1468 2217 1527 qui
2237 1474 2299 1512 est
2318 1469 2421 1513 sub-

292 1544 474 1599 stantia,
510 1550 571 1587 est
603 1543 654 1587 de
673 1543 818 1598 Patre,
841 1544 918 1603 qui
939 1549 1001 1587 est
1020 1544 1169 1587 eadem
1193 1543 1434 1586 substantia
1454 1548 1495 1586 et
1514 1543 1724 1602 sapientia
1743 1560 1752 1598 3
1782 1550 1822 1585 ct
1840 1543 1994 1598 Filius,
2019 1544 2096 1603 qui
2116 1550 2177 1588 est
2196 1544 2418 1603 divinitas,

291 1625 419 1664 natus
450 1626 512 1664 est
544 1620 596 1664 de
618 1621 767 1676 Patre,
791 1621 868 1680 qui
889 1626 950 1664 est
969 1626 1126 1664 natura
1146 1620 1310 1664 divina.
1334 1620 1386 1663 Et
1405 1626 1454 1663 ut
1474 1621 1717 1679 expressius
1736 1621 1946 1676 dicamus,
1969 1620 2154 1665 dicimus
2171 1622 2334 1667 Filium
2354 1640 2420 1668 sa-

290 1698 498 1758 pientiam
519 1713 608 1742 esse
633 1698 685 1741 de
705 1698 832 1742 Patre
861 1698 1070 1757 sapientia
1090 1734 1100 1754 ,
1125 1704 1165 1742 et
1182 1698 1366 1741 dicimus
1386 1698 1549 1742 Filium
1570 1699 1856 1742 substantiam
1877 1714 1965 1742 esse
1983 1699 2180 1756 genitum
2201 1700 2253 1743 de
2271 1700 2416 1757 Patre,

292 1781 333 1820 et
351 1776 517 1820 aPatre
531 1775 785 1819 substantia.
809 1775 934 1828 Quod
955 1781 1099 1819 autem
1122 1776 1181 1820 ita
1202 1776 1391 1834 intelligi
1411 1776 1578 1832 debeat,
1600 1776 1876 1834 Augustinus
1895 1776 2080 1820 ostendit
2101 1776 2145 1819 in
2164 1778 2275 1822 libro
2290 1779 2420 1838 septi-

291 1870 363 1899 mo
384 1853 436 1898 de
458 1855 672 1898 Trinitatis
687 1858 715 1908 ¹⁶,
740 1854 884 1898 dicens
908 1870 916 1896 :
947 1872 968 1895 ‹<
988 1854 1116 1898 Pater
1139 1854 1229 1913 ipse
1257 1854 1466 1913 sapientia
1497 1860 1579 1910 cst,
1605 1859 1645 1897 ct
1669 1854 1828 1897 dicitur
1858 1853 1996 1897 Filius
2029 1854 2240 1913 sapientia
2257 1856 2415 1913 Patris,

290 1932 509 1992 quomodo
530 1932 687 1976 dicitur
705 1932 856 1975 lumen
876 1931 1032 1985 Patris,
1056 1931 1100 1974 id
1121 1937 1198 1987 est,
1222 1932 1332 1975 sicut
1351 1932 1503 1976 lumen
1523 1932 1574 1975 de
1595 1932 1780 1987 lumine,
1802 1939 1843 1976 et
1868 1938 2051 1991 uterque
2072 1948 2214 1976 unum
2234 1933 2386 1978 lumen
2404 1951 2413 1978 :

291 2010 351 2054 sic
368 2010 639 2067 intelligatur
655 2008 865 2067 sapientia
885 2008 937 2051 de
956 2008 1166 2068 sapientia
1190 2026 1198 2051 :
1222 2015 1261 2052 et
1282 2014 1466 2068 uterque
1489 2025 1577 2053 una
1597 2009 1823 2068 sapientia,
1845 2016 1886 2052 et
1905 2025 1993 2053 una
2014 2011 2211 2054 essentia.
2238 2028 2260 2053 >)
2287 2011 2414 2067 Item,

289 2088 386 2132 ideo
405 2087 601 2132 Christus
620 2087 778 2130 dicitur
797 2087 936 2130 virtus
956 2092 997 2130 et
1015 2086 1225 2145 sapientia
1255 2087 1354 2142 Dei,
1389 2087 1495 2146 quia
1520 2088 1571 2130 de
1600 2088 1727 2131 Patre
1756 2087 1917 2131 virtute
1946 2092 1987 2130 et
2013 2088 2249 2146 sapientia,
2284 2088 2415 2132 etiam

289 2165 379 2224 ipse
411 2165 551 2208 virtus
586 2170 629 2207 et
658 2164 868 2223 sapientia
898 2169 975 2218 est,
998 2164 1108 2207 sicut
1134 2164 1223 2223 ipse
1243 2165 1391 2208 lumen
1422 2165 1472 2208 ile
1500 2165 1628 2208 Patre
1649 2165 1816 2208 lumine
1836 2170 1920 2220 est,
1943 2170 1983 2207 et
2003 2165 2093 2224 ipse
2113 2166 2209 2208 fons
2230 2165 2331 2209 vitas
2353 2170 2416 2209 est

290 2243 407 2302 apud
426 2242 566 2286 Deum
583 2242 758 2286 Patrem
779 2241 942 2285 fontem
962 2241 1078 2285 vitae.
1102 2241 1241 2285 Filius
1260 2257 1363 2299 ergo
1382 2242 1592 2300 sapientia
1611 2242 1662 2285 de
1683 2243 1811 2285 Patre
1828 2242 2039 2301 sapientia
2057 2249 2134 2298 est,
2153 2242 2262 2286 sicut
2275 2243 2417 2287 Filius

288 2320 439 2364 lumen
462 2319 514 2364 de
532 2319 660 2363 Patre
680 2319 864 2375 lumine,
882 2325 923 2363 et
946 2320 1056 2363 Deus
1074 2318 1215 2363 Filius
1235 2319 1286 2362 de
1306 2319 1395 2362 Deo
1415 2319 1561 2375 Patre,
1585 2326 1634 2363 ut
1651 2326 1692 2364 et
1715 2321 1914 2378 singulus
1934 2320 1990 2363 sit
2010 2321 2178 2375 lumen,
2202 2325 2243 2363 et
2262 2320 2416 2378 singu-

288 2396 360 2440 lus
374 2397 506 2453 Deus,
530 2403 572 2441 et
591 2397 793 2455 singulus
813 2397 1040 2456 sapientia,
1057 2402 1098 2440 et
1114 2396 1247 2439 simul
1268 2412 1409 2440 unum
1430 2397 1599 2453 lumen,
1622 2413 1738 2442 unus
1753 2398 1886 2453 Deus,
1908 2413 1998 2441 una
2017 2397 2246 2456 sapientia.
2269 2398 2411 2441 «Ecce

290 2475 515 2518 manifeste
542 2474 609 2518 his
639 2475 784 2519 verbis
808 2475 946 2534 aperit
964 2474 1240 2532 Augustinus
1267 2490 1319 2518 ex
1343 2490 1431 2533 quo
1451 2490 1580 2518 sensu
1601 2475 1850 2534 accipienda
1868 2475 1954 2519 sint
1975 2475 2180 2534 praedicta
2199 2475 2349 2530 verba,
2372 2480 2414 2518 et

290 2551 358 2596 his
389 2551 565 2608 similia,
596 2552 781 2609 scilicet,
804 2568 903 2597 cum
937 2552 1112 2608 dicitur,
1145 2552 1426 2596 «substantia
1456 2552 1507 2595 de
1536 2553 1792 2609 substantia,
1817 2570 1838 2594 ))
1860 2553 1928 2598 vel
1957 2571 1979 2595 α
1999 2551 2242 2596 substantia
2260 2551 2415 2610 genuit

288 2629 591 2674 substantiam.
613 2646 635 2672 »

2458 636 2525 667 Quae
2542 636 2581 661 vi-

2451 678 2571 704 deantur

2457 719 2580 754 praedic-

2458 760 2492 786 tis
2506 768 2567 786 esse

2440 801 2580 829 contraria

345 2707 458 2752 Huic
488 2722 592 2751 vero
619 2707 749 2752 etiam
780 2707 825 2751 id
857 2708 1124 2753 contrarium
1151 2706 1339 2764 videtur,
1367 2707 1485 2768 quod
1511 2707 1707 2752 Hilarius
1732 2708 1792 2752 ait
1816 2708 1861 2752 in
1888 2713 2044 2768 quarto
2063 2707 2176 2751 libro
2196 2705 2251 2750 de
2272 2706 2413 2751 Trini-
2433 2724 2514 2757 Quod
2537 2725 2576 2752 vi-

2462 2766 2544 2793 detur

289 2793 412 2833 ίαῐιτί5
434 2806 448 2831 .-
471 2806 493 2831 «
514 2787 638 2832 Nihil
656 2823 668 2844 ,
687 2788 848 2848 inquit,
870 2788 955 2832 nisi
973 2794 1127 2833 natum
1157 2790 1287 2835 habet
1314 2791 1470 2847 Filius,
1502 2796 1543 2834 et
1577 2790 1712 2847 geniti
1730 2789 1908 2833 honoris
1930 2788 2158 2832 admiratio
2180 2787 2226 2830 in
2247 2787 2411 2831 honore
2431 2800 2574 2842 pra—dictae

2448 2851 2561 2887 exposi-

285 2866 533 2924 generantis
552 2871 629 2910 est.
653 2884 674 2908 >³
700 2866 811 2910 Cum
832 2881 934 2924 ergo
954 2866 1094 2911 Filius
1114 2870 1344 2913 essentiam
1363 2869 1519 2913 habeat
1543 2869 1653 2927 (tota
1672 2867 1789 2911 enim
1809 2867 1855 2910 in
1875 2881 1924 2910 eo
1939 2872 2001 2909 est
2013 2865 2164 2909 divina
2183 2865 2409 2924 essentia),
2432 2892 2500 2919 &0111
2511 2901 2575 2920 0011.

285 2943 459 2989 videtur
470 2944 588 3004 quod
602 2943 695 3004 ipsa
707 2944 857 2989 divina
876 2944 1059 2988 essentia
1081 2950 1184 2989 nata
1203 2946 1272 2990 sit.
1295 2947 1421 3002 Item,
1444 2946 1490 2990 in
1508 2945 1663 3005 quinto
1683 2945 1814 2999 libro,
1835 2943 1895 2988 ait
1917 2960 1926 2986 ε
1956 2960 1977 2984 ε(
1997 2942 2211 2987 Nativitas
2231 2943 2304 2987 Dei
2323 2958 2413 2987 non
2432 2938 2561 2966 “arium-

287 3026 424 3080 potest
450 3036 546 3065 eam
578 3036 632 3065 ex
662 3037 750 3081 qua
779 3028 982 3081 provecta
1002 3027 1090 3078 est,
1115 3038 1204 3067 non
1224 3029 1369 3067 tenere
1388 3029 1619 3079 naturam3
1643 3038 1721 3066 nec
1740 3022 1854 3066 enim
1875 3021 1995 3064 aliud
2015 3036 2149 3079 quam
2168 3021 2284 3064 Deus
2313 3021 2415 3065 sub-

285 3098 410 3155 sistit,
431 3098 550 3159 quod
568 3113 657 3142 non
677 3099 854 3142 aliunde
874 3115 1008 3159 quam
1028 3099 1080 3144 de
1101 3101 1188 3144 Deo
1211 3101 1418 3145 subsistit.
1448 3118 1470 3143 ))
1494 3101 1600 3144 Ecce
1621 3100 1690 3143 hic
1720 3099 1822 3143 dicit
1850 3098 2119 3142 nativitatem
2139 3098 2219 3142 Dei
2240 3113 2415 3156 provec-

287 3179 375 3219 tam
393 3191 443 3220 ex
461 3181 643 3232 natura,
666 3181 709 3220 et
728 3176 790 3220 ita
806 3176 1004 3233 videtur,
1027 3192 1078 3221 ex
1108 3178 1176 3221 his
1206 3177 1350 3221 verbis
1381 3185 1510 3238 atque
1538 3177 1775 3236 praedictis,
1805 3181 1963 3219 natura
1990 3176 2068 3219 Dei
2096 3182 2137 3219 et
2171 3175 2343 3234 genita,
2372 3180 2414 3219 et

286 3251 500 3308 genuisse.
535 3253 663 3306 Quod
695 3253 887 3312 apertius
917 3254 1020 3298 dicit
1051 3255 1097 3298 in
1128 3255 1240 3298 libro
1271 3269 1388 3298 nono
1408 3254 1461 3298 cle
1485 3254 1730 3297 Trinitate:
1759 3252 1912 3308 «Nos,
1935 3252 2104 3312 inquit,
2135 3251 2413 3309 unigenitum

286 3327 427 3372 Deum
456 3329 503 3373 in
530 3330 671 3375 forma
699 3330 779 3374 Dei
805 3338 1054 3377 manentem
1081 3332 1128 3376 in
1158 3339 1316 3377 natura
1343 3332 1536 3376 hominis
1569 3331 1775 3375 mansisse
1799 3330 2058 3390 profitemur
2068 3346 2079 3385 3
2103 3343 2181 3372 nec
2201 3327 2412 3371 unitatem

288 3403 439 3449 formae
470 3407 639 3451 servilis
666 3408 714 3451 in
738 3415 941 3452 naturam
972 3410 1135 3455 divinae
1156 3408 1336 3453 unitatis
1363 3408 1663 3462 refundimus3
1686 3422 1766 3451 nec
1784 3421 1961 3451 rursum
1979 3404 2193 3465 corporali
2218 3403 2414 3447 insinua-

332 3528 343 3550 ¹
358 3528 405 3560 De
425 3529 556 3570 Trinit„
572 3531 631 3564 lib.
647 3533 728 3574 Vll,
747 3542 776 3564 c.
795 3541 820 3573 Ι,
836 3542 871 3565 n.
887 3535 960 3565 2.-
974 3535 1076 3566 21m0
1098 3536 1134 3567 S.
1148 3534 1304 3575 Fulgent.
1320 3533 1429 3573 (inter
1448 3541 1552 3574 opera
1571 3534 1606 3565 S.
1625 3532 1814 3574 Augustini,
1833 3535 1857 3564 t.
1876 3532 1941 3573 VI,
1962 3531 2026 3563 col.
2044 3531 2136 3571 1108,
2156 3529 2236 3561 edit.
2255 3529 2409 3569 Gaume)‚

290 3582 394 3617 c.111‚
414 3585 449 3610 11.
465 3579 570 3609 15.—
583 3579 597 3601 ³
611 3581 768 3622 August„
787 3580 826 3612 de
848 3581 981 3620 Trinit„
1002 3581 1060 3614 lih-
1078 3583 1150 3623 XV>
1173 3591 1201 3613 0·
1219 3589 1277 3622 XX:
1299 3589 1335 3612 Π·
1352 3581 1404 3614 38·
1417 3597 1455 3603 ““
1470 3580 1483 3601 4
1496 3580 1543 3612 De
1565 3580 1699 3620 T7'²⁷²i‘'’
1717 3579 1775 3612 lib·
1794 3580 1872 3621 ΥΠ)
1895 3579 2053 3620 c.1,n.2
2074 3577 2162 3609 Circa
2181 3576 2286 3609 fin'-
2307 3578 2319 3597 5
2333 3577 2409 3608 Non

288 3621 390 3664 longe
411 3633 430 3655 a
448 3624 610 3667 prIncipio
632 3627 720 3660 libri.
