2570 3986
1084 264 1261 307 SECTIO
1293 264 1361 304 ΙΙΙ.
2179 284 2277 312 Lxxl

723 435 830 477 VIII.
856 435 994 477 Diaeta
1015 434 1189 477 Salutis.
1215 435 1299 476 Ine.
1321 435 1419 476 Hoec
1441 438 1501 477 est
1519 436 1611 486 via,
1635 438 1712 476 etc.

217 571 398 612 Tametsi
421 571 552 612 multa
575 569 645 610 hic
669 569 951 620 continentur,
973 581 1070 622 quae
1094 572 1241 610 notatu
1266 570 1396 622 digna
1419 570 1522 620 sint,
1549 583 1598 610 ea
1616 573 1759 611 tamen
1785 572 2013 624 seligemus
2029 606 2038 623 ,
2061 587 2158 627 quae
2187 578 2279 618 sine

163 644 252 684 risu
276 643 414 684 audiri
435 643 666 694 nequeunt.
688 641 793 682 Cum
821 641 961 693 itaque
987 640 1145 681 Auctor
1168 641 1219 681 de
1243 641 1554 693 ¹iucundissima
1580 642 1794 692 societate,
1820 643 1955 696 deque
1985 645 2167 698 tripudio
2196 660 2281 689 coe-

162 715 276 756 lestis
299 714 426 756 curiae
441 713 571 755 verba
589 712 855 762 instituisset,
878 724 1024 753 omnes
1045 725 1121 752 suo
1140 713 1310 753 cerebro
1328 712 1563 765 composuit
1582 713 1826 764 cantilenaS,
1849 727 1954 767 quas
1973 715 2164 758 Christus
2182 731 2282 759 cum

163 798 285 835 voce,
306 789 396 826 tum
417 784 571 826 fidibus
591 783 773 824 cantabit
790 783 862 833 iis,
883 783 958 836 qui
978 796 1077 824 cum
1095 783 1165 824 illo
1185 784 1426 836 regnabunt
1444 784 1488 824 in
1508 787 1731 825 aeternum.
1756 785 1824 826 Sic
1842 786 2008 840 lepidus
2031 788 2160 829 homo
2181 791 2282 830 scri-

163 858 246 909 bit,
269 869 357 909 cap.
377 855 452 906 VI,
472 855 537 896 tit.
558 854 607 895 X.

221 927 395 968 «Tertio
415 927 460 967 in
480 927 549 967 illa
573 927 728 968 coelesti
753 926 905 967 chorea
923 928 984 967 est
1012 926 1340 967 considerandus
1367 926 1673 967 inaestimabilis
1694 931 1844 968 cantus
1863 931 1903 969 et
1932 930 2209 972 admirabilis.
2231 931 2284 973 Et

162 1000 253 1041 ideo
273 1002 391 1048 nota,
413 998 528 1051 quod
547 998 654 1038 sicut
674 998 859 1039 Christus
880 998 1066 1051 procedit
1087 1011 1256 1050 gressu,
1277 998 1336 1038 ita
1358 998 1564 1050 praecedet
1584 1001 1726 1039 cantu.
1748 999 1798 1039 Et
1826 1000 1964 1052 primo
1985 1003 2171 1042 cantabit
2193 1015 2282 1045 suae

161 1070 318 1122 virgini
338 1069 478 1119 matri,
502 1069 669 1110 dicens:
689 1069 799 1117 Quid
818 1070 925 1111 mim·
944 1075 980 1112 ec
1000 1070 1094 1121 tibi,
1113 1069 1298 1111 niuster?
1317 1070 1439 1122 quasi
1457 1070 1611 1110 diceret
1631 1082 1639 1110 :
1659 1070 1760 1110 Mihi
1781 1074 1842 1111 est
1862 1072 2058 1113 divinitas
2075 1077 2116 1114 et
2133 1074 2283 1115 huma-

161 1141 269 1182 nitas
289 1155 297 1182 :
317 1144 357 1182 et
375 1141 451 1182 tibi
469 1144 531 1182 est
549 1141 771 1193 virginitas
793 1144 834 1182 et
854 1141 1136 1182 fecunditas..
1157 1141 1222 1181 Ad
1243 1141 1335 1181 haec
1356 1140 1486 1182 Maria
1506 1144 1712 1194 tanquam
1731 1142 1865 1182 dulcis
1884 1145 2180 1197 tympanistria
2199 1158 2284 1187 res-

160 1213 358 1266 pondebit
376 1212 663 1253 dulcissimam
681 1213 933 1253 cantilenam
952 1227 960 1253 :
979 1213 1233 1265 Magnifica
1254 1213 1403 1255 anima
1424 1224 1516 1254 meo
1534 1215 1784 1264 Dominum,
1809 1217 1886 1255 etc.

212 1298 232 1322 ))
258 1284 450 1325 Secundo
468 1284 654 1325 Christus
673 1285 857 1324 cantabit
875 1284 1079 1336 angelicis
1098 1284 1316 1337 spiritibus
1336 1287 1529 1334 cantum,
1554 1285 1629 1337 qui
1651 1285 1851 1326 scribitur
1869 1286 1914 1326 in
1934 1285 2102 1328 Psalmo
2123 1301 2131 1328 t
2151 1288 2284 1331 Bene-

162 1356 304 1406 dicite,
326 1356 476 1410 Anqeli
492 1360 679 1409 potentes
700 1358 873 1407 virtute,
895 1359 1010 1396 etc...
1031 1356 1097 1396 Ad
1116 1355 1232 1396 hunc
1254 1359 1427 1396 cantum
1448 1356 1599 1397 Christi
1622 1357 1942 1409 respondebunt
1975 1359 2107 1399 sancti
2128 1358 2284 1412 Angeli

159 1427 430 1477 cantilenam,
453 1440 550 1481 quae
573 1428 768 1482 scribitur
787 1428 832 1467 in
852 1427 1104 1480 Apocalypsi
1125 1439 1135 1467 ε
1156 1427 1397 1469 Benedictio
1419 1431 1458 1469 et
1480 1427 1680 1477 alacritas,
1704 1431 1781 1468 etc.

212 1514 232 1537 »
257 1498 396 1540 Tertio
415 1499 603 1540 Christus
627 1500 811 1539 cantabit
835 1498 1082 1551 patriarchis
1114 1501 1154 1538 et
1177 1498 1393 1551 prophetis
1419 1499 1696 1550 cantilenam,
1719 1512 1850 1552 quam
1873 1502 2060 1541 cantavit
2085 1501 2219 1555 Moysi
2242 1502 2286 1543 in

159 1569 322 1612 visione
344 1570 440 1612 rubi
459 1585 468 1612 t
488 1571 598 1613 Deus
618 1571 853 1621 Abraham,
873 1573 986 1610 eto...
1009 1569 1074 1609 Ad
1095 1569 1208 1610 istud
1231 1571 1445 1611 canticum
1471 1572 1708 1623 gratiosum
1734 1575 1774 1611 et
1798 1573 2033 1624 gloriosum
2055 1576 2286 1626 responde-

159 1641 268 1683 bunt
292 1642 423 1682 sancti
444 1642 691 1695 patriarchae
711 1645 752 1682 ct
770 1642 986 1694 prophetae
1006 1641 1110 1682 illud
1127 1642 1354 1690 canticum,
1374 1643 1488 1695 quod
1505 1645 1565 1682 est
1584 1643 1790 1695 scriptum
1811 1644 1855 1683 in
1873 1643 2141 1698 Apocalypsi,
2161 1649 2239 1687 etc.
2261 1663 2279 1685 ›)

213 1712 402 1766 Itemque
434 1713 623 1755 Christus
661 1714 844 1754 cantabit
874 1714 1070 1766 apostolis
1083 1746 1093 1764 ,
1136 1713 1420 1766 martyribus,
1462 1714 1751 1766 pontificibu8‚
1785 1716 2070 1768 omnibusque
2106 1718 2282 1769 sanctis;

159 1785 288 1838 hique
306 1784 491 1826 vicissim
512 1784 687 1835 Christo,
707 1788 755 1825 ut
774 1786 912 1826 omnis
931 1785 1109 1826 coelestis
1126 1785 1243 1826 curia
1270 1798 1436 1838 semper
1455 1785 1500 1824 in
1521 1786 1714 1825 cantibus
1730 1786 1877 1827 futura
1896 1788 1948 1827 sit
1967 1791 2184 1840 occupata.
2205 1789 2285 1830 Sed

159 1868 215 1897 an
236 1859 303 1907 tu,
327 1856 438 1897 bone
462 1855 621 1907 Lector,
645 1869 788 1897 censes
812 1857 942 1898 ullam
962 1869 1094 1897 anum
1113 1860 1201 1897 tam
1222 1856 1398 1897 deliram
1418 1857 1607 1897 futuram
1629 1857 1772 1906 fuisse,
1794 1860 1842 1898 ut
1861 1858 1975 1899 hisce
1998 1860 2174 1900 somniis
2195 1873 2285 1901 cre—

160 1928 306 1969 deret?
333 1926 501 1968 Nullam
522 1940 603 1980 ego
621 1929 792 1982 quidem
812 1932 922 1969 certe
943 1929 1206 1970 crediderim.
1233 1928 1313 1969 Sed
1334 1928 1437 1981 quid
1458 1929 1612 1981 plura?
1635 1929 1864 1970 Auctorem
1885 1942 1938 1970 ex
1960 1931 2144 1984 antiquis
2171 1932 2286 1973 codi-

159 1999 276 2039 cibus
294 1999 387 2051 jam
408 1998 658 2040 deteximus.

211 2071 307 2113 Cod.
329 2069 526 2111 MCXXXI
545 2073 590 2112 in
610 2072 794 2125 Collegio
812 2072 1177 2114 Caio-Gonvilensi
1196 2073 1241 2112 in
1263 2071 1531 2124 Cantabrigia
1551 2086 1560 2112 :
1580 2071 1664 2113 Via
1684 2072 1837 2114 salutis
1858 2072 1977 2115 edita
1996 2085 2022 2115 a
2039 2076 2113 2116 Fr.
2136 2075 2285 2118 Willel.

157 2145 208 2186 de
235 2145 412 2188 Canicia
431 2146 692 2199 Aquitanico
718 2145 768 2187 cle
795 2145 894 2187 Orcl.
917 2146 1044 2194 Min„
1066 2147 1115 2185 ut
1140 2146 1304 2185 constat
1334 2156 1387 2184 ex
1409 2144 1493 2184 fine
1512 2142 1744 2184 Tractatus.
1774 2142 1836 2183 Ita
1858 2144 1984 2185 Catal.
2014 2145 2110 2186 Mss.
2137 2147 2284 2200 Angl.,

156 2219 259 2258 tom.
283 2222 322 2267 1,
342 2221 450 2271 part.
474 2221 512 2266 3,
534 2230 634 2271 pag.
658 2220 750 2266 123,
773 2217 850 2257 col.
874 2220 912 2257 2.

210 2289 306 2329 Cod.
336 2288 556 2331 MCMXLII
583 2289 626 2329 in
652 2289 761 2329 Aula
786 2288 1122 2329 Pembroehiana
1145 2300 1154 2328 :
1180 2288 1301 2329 Liber
1328 2288 1403 2340 qui
1431 2286 1595 2329 dicitur
1627 2287 1765 2328 Diceca
1792 2287 1971 2338 salucia,
2001 2288 2140 2331 editus
2165 2301 2191 2331 α
2210 2292 2284 2332 Fr.

160 2360 378 2403 Guilielmo
407 2361 457 2403 dc
481 2362 666 2403 Lavicea
684 2361 940 2413 Aquitanico
967 2360 1067 2402 Ord.
1096 2361 1216 2402 Frac.
1245 2360 1355 2401 Min.
1387 2358 1451 2400 Ex
1476 2358 1649 2407 eodem,
1674 2362 1777 2399 tom.
1801 2361 1839 2410 1,
1869 2362 1976 2412 part.
1999 2363 2040 2412 3,
2069 2373 2168 2414 pag.
2192 2364 2284 2413 157,

157 2431 234 2473 col.
261 2436 298 2472 1.

209 2503 306 2545 Cod.
333 2503 743 2545 MMMMMMDCXIX
763 2504 866 2545 olim
888 2505 1001 2558 apud
1023 2504 1220 2546 Carolum
1241 2504 1358 2556 They
1361 2515 1484 2544 erum
1503 2503 1547 2542 in
1574 2502 1702 2544 Comit
1711 2505 1785 2543 atu
1805 2502 2128 2545 Glocestriensi:
2148 2504 2287 2547 Dioeta

155 2575 309 2618 salutis
327 2586 404 2628 per
424 2576 591 2626 Ηοῑοοῑ,
613 2579 691 2617 etc.

209 2646 305 2688 Cod.
328 2647 847 2690 MMMMMMDCXXXVIH
866 2649 979 2702 apud
1005 2648 1227 2698 eumdem3
1254 2660 1307 2688 ex
1330 2646 1477 2687 eodem
1500 2645 1644 2697 Catal„
1671 2648 1774 2687 tom.
1796 2648 1820 2685 2
1833 2602 1975 2698 ,part.
1999 2649 2037 2696 1,
2058 2658 2159 2699 pag.
2183 2649 2283 2696 202,

155 2719 232 2760 col.
255 2723 273 2759 1
302 2722 343 2760 et
362 2723 401 2760 2.

208 2789 306 2831 Cod.
333 2790 776 2834 MMMMMMDCXLIV
803 2793 916 2846 apud
942 2792 1163 2842 eumdem3
1199 2791 1338 2833 Diceta
1369 2790 1524 2832 salictis
1555 2800 1633 2842 per
1664 2788 1763 2831 Rob.
1796 2788 1962 2838 Holcot,
1989 2791 2064 2830 aut
2096 2789 2281 2831 Guillz'el.

155 2862 488 2916 Aquitanicam·
505 2876 558 2904 ex
578 2864 746 2913 eodem,
768 2867 871 2905 tom.
894 2868 959 2915 11,
986 2867 1093 2917 part.
1117 2868 1155 2912 1,
1179 2876 1221 2916 p.
1245 2865 1344 2913 202,
1368 2862 1445 2902 col.
1469 2864 1509 2901 2.

207 2933 303 2975 God.
329 2934 374 2974 in
401 2934 507 2975 Bibl.
535 2934 778 2976 Monasterii
806 2935 1013 2976 Dunensis
1038 2935 1134 2977 Ord.
1165 2933 1446 2975 Cisterciensis
1466 2944 1476 2971 z
1498 2932 1731 2974 Gulielmus
1761 2931 1810 2972 dc
1832 2932 2012 2973 ιΙαηῑοθα
2039 2931 2141 2972 ord.
2170 2931 2281 2974 Min.

160 3004 263 3055 Via,
283 3016 357 3047 seu
376 3006 517 3049 Dioeta
537 3007 714 3058 salutis,
734 3018 829 3049 cum
850 3007 1094 3060 Appendz‘ce
1112 3009 1162 3049 in
1197 3017 1322 3048 usum
1345 3005 1721 3054 Concionctcorzmn,
1741 3004 1818 3056 qm·
1837 3007 1978 3045 [aulen
2007 3003 2110 3045 liber
2132 3003 2179 3044 S.
2202 3005 2283 3046 Bo-

153 3081 401 3120 navcnturoe
419 3077 682 3120 adscribitur
701 3080 748 3120 in
774 3079 996 3131 opusculis
1018 3079 1110 3131 effus
1127 3092 1140 3117 :
1158 3078 1219 3118 Ita
1239 3077 1450 3118 Sanderus
1464 3108 1474 3126 ,
1497 3075 1602 3115 Bibl.
1625 3074 1745 3127 Belg.
1778 3074 1894 3124 Mss,
1917 3077 2026 3127 part.
2049 3078 2094 3124 1,
2122 3088 2163 3128 p.
2186 3079 2279 3116 191.

207 3147 304 3189 Cocl.
324 3149 370 3189 in
389 3148 572 3190 Ecclesia
588 3148 823 3190 Cathedrali
842 3150 884 3191 S.
906 3150 1082 3191 Baronis
1098 3148 1398 3190 Gandavensis.
1421 3147 1590 3189 G‘ztz'lz‘cl.
1614 3146 1663 3188 de
1679 3146 1846 3188 Lancea
1871 3147 2158 3199 Aquitanicus
2177 3146 2278 3189 ord.

155 3217 270 3261 Frat.
294 3220 404 3262 Min.
428 3221 570 3264 Dz‘oeta
588 3221 769 3271 salutis;
791 3234 845 3262 ex
865 3222 990 3263 Catal.
1012 3221 1159 3274 AngL,
1182 3223 1290 3274 part.
1315 3223 1353 3270 1,
1378 3232 1420 3272 p.
1442 3220 1534 3258 356.

209 3287 306 3331 Cod.
340 3291 387 3331 in
412 3290 517 3332 Bibl.
550 3291 707 3333 Canon.
739 3292 891 3345 Regul.
917 3293 1237 3346 Tungrensium
1264 3308 1272 3333 2
1299 3290 1546 3333 Guilz'elmus
1576 3288 1626 3330 de
1655 3289 1840 3331 Lanicz'a
1870 3289 1971 3331 Ord.
2003 3290 2112 3333 Min.
2139 3291 2279 3333 Diceta

155 3359 308 3402 salutis
318 3375 335 3411 ,·
352 3374 407 3402 ex
427 3362 576 3403 eodem
595 3363 740 3414 Catal.,
763 3366 871 3417 part.
894 3368 960 3414 11,
984 3378 1085 3418 pag.
1108 3366 1200 3405 190.

209 3427 372 3473 Publici
387 3433 499 3485 ¹iuris
516 3434 626 3476 facta
645 3435 725 3476 fuit
744 3435 920 3476 seorsim
941 3435 1111 3478 Parisiis
1130 3435 1245 3489 apud
1264 3434 1438 3476 Petrum
1460 3433 1566 3484 Dru,
1588 3445 1657 3474 an.
1677 3436 1796 3485 1499,
1818 3433 1931 3485 in-8,
1950 3432 1970 3474 J
1974 3445 2110 3474 oanne
2130 3435 2234 3473 teste
2253 3445 2278 3473 a

156 3498 200 3541 S.
221 3500 402 3544 Antonio
419 3508 449 3544 ¹.

204 3583 316 3616 1Βίῠί.
332 3585 466 3626 Εναηο.,
485 3589 570 3621 tom.
587 3589 619 3630 1,
638 3598 674 3630 p.
687 3590 760 3630 158,
780 3588 846 3621 col.
859 3591 890 3622 2.
