2570 3986
279 280 390 309 Lxxx
759 265 822 306 DE
854 262 1048 306 SCRIPIS
1079 262 1120 303 S.
1152 260 1557 310 BONAVENTURAE
1586 260 1918 302 ATTRIBUTIS.

279 359 562 408 cognomento
578 355 752 407 Woegt,
778 358 823 395 ut
849 354 900 394 ab
933 352 1001 391 illo
1033 352 1332 392 haereticorum
1368 350 1543 390 nomina
1574 350 1809 403 scriptaque
1851 350 2088 401 intelligere
2114 349 2290 402 possis¹.
2314 350 2399 390 Ad-

276 440 425 468 versus
446 427 601 468 malam
634 427 931 467 haereticorum
951 423 1075 463 tidem
1096 426 1265 463 strenue
1287 425 1536 473 pugnarunt
1556 421 1793 474 complures
1812 421 2021 472 theologi,
2045 420 2175 472 hique
2195 421 2343 472 magni
2363 424 2403 460 et

276 498 468 538 catholici
490 498 697 547 nominis,
720 509 824 550 quos
843 496 894 536 ad
916 507 1053 535 unum
1074 506 1219 534 omnes
1242 491 1385 532 laudat
1405 492 1590 533 Artnrus
1609 492 1660 533 de
1682 492 1933 532 Monasterio
1952 491 2257 532 Franciscanus
2272 493 2299 532 ⁹³.
2321 491 2402 532 Sed

276 581 374 609 cum
403 569 558 609 horum
595 569 787 608 virorum
815 568 925 606 bona
951 565 1075 605 venia
1101 563 1306 611 dixerim,
1333 563 1384 603 ad
1408 562 1484 603 has
1509 562 1806 604 haereticorum
1835 563 2068 603 calumnias
2096 563 2400 612 retundendaS,

276 640 376 679 satis
396 640 561 680 abunde
581 640 706 679 fuisse
721 671 730 688 ,
750 638 785 677 si
805 636 1071 689 argumentis
1091 634 1464 685 monumentisque
1485 634 1781 684 ostendissent,
1802 633 2052 675 Psalterium
2074 633 2152 673 hoc
2174 633 2277 673 adeo
2297 634 2404 674 lace-

278 715 419 750 ratum
439 711 488 750 ad
512 711 745 762 simplicem
766 708 981 748 hominem
1003 707 1161 760 potius,
1183 717 1313 758 quam
1335 704 1387 744 ad
1407 705 1633 757 egregium
1655 705 1873 746 Doctorem
1892 706 2118 759 pertinere.

331 780 490 821 Prodiit
511 780 696 828 Parisiis,
720 782 838 829 1521,
860 779 1004 827 111-12,
1027 777 1137 830 apud
1155 776 1486 816 Thielmannum
1506 775 1664 819 Kerver
1679 783 1707 817 ³.

331 850 504 902 Brixize,
529 854 649 901 1553,
680 852 801 891 111-16
819 856 846 890 ³.
872 849 1030 890 ibidem
1046 881 1055 898 ,
1080 850 1199 888 1596.

330 922 528 963 ldiomate
552 927 717 963 etrusco
750 934 949 971 versum,
977 924 1103 973 atque
1128 919 1288 960 editum
1316 918 1520 969 Genevae,
1543 922 1668 969 1606,
1694 920 1815 971 ixi-4,
1843 919 1982 960 studio
2011 918 2186 960 Joannis
2205 917 2403 971 Baptistae

276 994 408 1035 Pineli

329 1066 507 1118 Hispali,
531 1068 653 1116 1624,
677 1065 813 1105 studio
835 1064 904 1105 Fr.
927 1062 1133 1116 Alphonsi
1153 1061 1341 1102 Sanchez
1361 1061 1642 1102 Dominicani.

329 1122 504 1187 Man-iti,
532 1139 654 1187 1625,
677 1137 800 1176 in-io
817 1141 845 1176 ⁶.

329 1207 506 1258 Ibidem,
531 1208 643 1260 apud
666 1207 989 1248 Emmanuelem
1011 1207 1137 1256 Ruiz,
1163 1208 1280 1254 1697,
1304 1205 1427 1244 iii-32
1444 1206 1474 1244 ⁷.

333 1278 489 1318 [bidem
503 1310 512 1327 ‚
535 1281 659 1329 1628,
682 1279 826 1329 111-16,
849 1291 977 1331 opera
998 1278 1066 1318 Fr.
1090 1275 1293 1330 Alphonsi
1312 1276 1477 1316 Ramon
1495 1276 1522 1315 ⁸.

327 1348 577 1389 Sinensibus
597 1362 823 1390 commuue
842 1350 937 1390 fecit
956 1349 1024 1389 Fr.
1048 1348 1300 1389 Emmanuel
1320 1361 1344 1387 a
1365 1347 1407 1387 S.
1429 1346 1549 1387 Joan.
1573 1346 1864 1397 EvangeHsta,
1888 1346 1991 1386 Min.
2015 1346 2290 1387 Discalceatus
2305 1346 2336 1386 ⁹.

326 1419 421 1459 Mss.
448 1424 579 1461 exstat
606 1421 650 1461 iu
675 1420 778 1461 Bibl.
804 1421 1026 1462 Parisiensi
1047 1420 1202 1461 Canon.
1224 1418 1376 1471 Regul.
1407 1417 1448 1458 S.
1466 1417 1644 1459 Victoris
1663 1418 1741 1458 sub
1767 1418 1828 1457 lit.
1854 1416 1938 1467 KK,
1961 1421 2000 1468 7,
2023 1419 2094 1458 sed
2120 1421 2232 1459 notai
2259 1429 2406 1458 recen-

271 1490 389 1531 tioris
409 1491 449 1532 ¹⁰.

543 1580 647 1623 XXI.
678 1583 900 1635 Speculum
918 1585 969 1623 B.
993 1582 1052 1623 M.
1079 1582 1129 1624 V.
1155 1581 1241 1621 Ine.
1268 1580 1475 1627 Quoniam
1493 1583 1540 1621 ut
1561 1581 1623 1621 ait
1645 1580 1693 1620 B.
1716 1579 2022 1632 Hieronymus,
2044 1581 2122 1619 etc.

326 1706 448 1747 Liber
470 1707 540 1747 hic
565 1707 610 1747 in
636 1706 948 1749 Bonaventurae
975 1707 1148 1748 nomine
1176 1719 1265 1747 non
1289 1706 1445 1755 semel,
1472 1706 1541 1746 sed
1564 1705 1720 1746 iterum
1741 1708 1868 1758 atque
1887 1705 2043 1746 iterum
2067 1705 2288 1758 apparuit3
2312 1717 2408 1758 quae

273 1780 419 1819 tamen
447 1779 732 1820 nomenclatio
755 1781 854 1820 satis
873 1792 960 1820 non
979 1783 1068 1828 est,
1092 1781 1142 1819 111
1163 1779 1287 1819 illum
1315 1777 1479 1818 Doctori
1502 1780 1646 1817 nostro
1668 1777 1949 1817 vindicemus.
1975 1776 2054 1817 Sed
2075 1777 2192 1829 prius
2213 1789 2343 1830 quam
2366 1777 2412 1817 in

273 1850 630 1902 Argentinensem
647 1851 877 1891 editionem
894 1864 965 1891 an.
990 1852 1094 1892 1495
1113 1850 1406 1903 projiceretur,
1428 1849 1506 1889 sub
1524 1848 1697 1889 nomine
1717 1848 1787 1889 Fr.
1808 1847 2121 1889 Bonaventurae
2141 1847 2341 1888 Baduarii
2357 1849 2408 1889 de

273 1919 436 1974 Peraga
456 1923 687 1975 impressus
713 1923 793 1963 fuit
817 1921 1138 1974 Norimbergae,
1167 1924 1209 1962 et
1230 1921 1503 1974 Argentorati
1520 1952 1530 1971 ,
1559 1932 1671 1960 anno
1692 1922 1810 1960 1476.
1845 1919 1973 1973 Cujus
1999 1920 2172 1973 quidem
2213 1920 2407 1961 editionis

274 1995 423 2033 testem
452 1993 602 2034 damus
633 1992 876 2044 Oudinum,
911 1994 983 2046 qui
1013 1993 1128 2034 haud
1158 1993 1269 2033 male
1295 1994 1464 2041 censet,
1496 2004 1596 2032 cum
1615 1990 1812 2032 Baduarii
1837 2003 1945 2044 opus
1970 2003 2059 2032 esse
2085 1991 2198 2031 dicit.
2230 1991 2294 2032 Ex
2321 2004 2406 2044 quo

274 2065 453 2117 quisque
479 2065 598 2105 facile
624 2065 844 2118 perspicit,
871 2065 975 2118 quid
994 2065 1040 2105 in
1060 2077 1186 2105 causa
1204 2064 1330 2105 fuerit
1348 2095 1357 2113 ,
1386 2066 1435 2103 ut
1464 2064 1843 2116 Argentoratenses
1864 2062 2052 2104 Editores
2078 2062 2307 2116 Speculum
2327 2063 2407 2103 hoc

274 2135 484 2177 Baduario
510 2137 823 2190 adJudicarent,
852 2139 892 2177 et
918 2136 1082 2176 Doctori
1110 2135 1337 2189 Seraphico
1372 2135 1671 2176 adscriberent.
1700 2134 1862 2176 Scilicet
1888 2135 2071 2175 nominis
2089 2167 2098 2183 ,
2127 2139 2167 2175 et
2190 2134 2407 2187 dignitatis

275 2207 506 2248 similitudo
527 2220 655 2261 quam
677 2209 864 2248 maxime
893 2207 1055 2261 decepit
1075 2207 1263 2248 Editores
1277 2240 1287 2256 ,
1309 2210 1358 2248 ut
1375 2219 1512 2248 unum
1539 2219 1627 2260 prae
1652 2207 1734 2248 alio
1755 2207 2006 2260 acciperent.

329 2278 489 2320 Verum
513 2283 560 2320 ut
580 2292 633 2320 ex
653 2279 760 2333 stylo
777 2312 786 2330 ,
809 2284 849 2319 et
868 2280 1073 2320 orationis
1093 2280 1333 2320 charactere
1351 2313 1361 2331 ,
1384 2293 1468 2333 quo
1489 2279 1596 2319 nihil
1618 2279 1732 2320 aliud
1751 2279 1902 2318 fortius
1920 2281 2046 2331 atque
2066 2278 2222 2319 certius
2239 2310 2248 2328 ,
2271 2276 2407 2330 Opus-

277 2350 362 2391 culi
381 2351 530 2391 faciem
551 2363 804 2404 cognoscere
827 2351 1038 2404 possimus
1052 2384 1062 2402 ,
1089 2351 1211 2391 liceat
1236 2351 1328 2392 haec
1355 2364 1408 2392 ex
1422 2350 1615 2392 Lectione
1634 2349 1686 2391 IV
1706 2350 1927 2403 decerpere
1944 2381 1954 2398 ‚
1982 2353 2107 2402 atque
2128 2349 2405 2390 considerare.

279 2421 367 2463 Sub
395 2423 565 2463 initium
594 2422 799 2463 Lectionis
826 2423 1015 2475 ejusdem
1042 2423 1101 2463 sic
1123 2422 1346 2475 Virginem
1368 2422 1544 2463 Mariam
1573 2422 1842 2463 commendat
1862 2421 2045 2462 Auctor:
2066 2437 2085 2459 (ι
2106 2419 2239 2461 Maria
2262 2423 2408 2460 contra

277 2494 522 2547 superbiam
541 2494 870 2547 profundissima
886 2526 896 2543 ,
925 2507 999 2548 per
1024 2494 1312 2535 humilitatem
1334 2508 1343 2534 ε
1367 2497 1512 2535 contra
1538 2494 1746 2535 invidiam
1773 2492 2122 2533 affectuosissima
2138 2525 2147 2543 ,
2173 2504 2248 2544 per
2268 2491 2408 2532 chari—

282 2569 409 2606 tatem
430 2580 438 2606 :
471 2569 616 2606 contra
634 2566 742 2605 iram
762 2566 1127 2618 mansuetissima,
1155 2579 1230 2620 per
1255 2567 1472 2607 lenitatem
1493 2579 1502 2606 :
1535 2568 1679 2606 contra
1698 2564 1886 2605 acediam
1905 2564 2260 2614 indefensissima,
2283 2567 2360 2604 etc.
2381 2577 2401 2601 i>

279 2639 381 2686 Qaae
401 2637 670 2690 superlativae
698 2649 846 2688 voces,
874 2640 924 2678 ut
947 2650 1096 2679 omnes
1121 2643 1304 2689 norunt,
1329 2642 1370 2679 et
1388 2637 1670 2692 puerilitatem
1687 2669 1696 2686 ‚
1727 2639 1767 2677 et
1791 2636 1998 2676 sermonis
2014 2636 2252 2676 barbariem
2272 2636 2409 2676 conti—

281 2712 398 2749 nent.
419 2709 558 2761 Atque
575 2711 624 2749 ut
641 2708 816 2748 Mariam
833 2710 932 2749 satis
949 2710 1070 2762 plane
1084 2710 1200 2762 frugi
1217 2722 1265 2750 ac
1278 2712 1588 2763 temperantem
1603 2709 1764 2762 probet,
1785 2707 1890 2748 illud
1907 2710 2084 2760 usurpat
2104 2707 2226 2749 Lucae
2240 2719 2331 2760 cap.
2352 2711 2370 2747 1
2395 2722 2404 2749 z

281 2778 384 2821 Ecce
404 2781 614 2832 concipies
635 2781 684 2821 in
701 2784 818 2822 utero
835 2794 848 2825 ;
872 2781 914 2820 in
938 2793 1035 2833 quae
1054 2781 1186 2822 verba
1202 2781 1260 2822 sic
1292 2781 1361 2822 ille
1380 2781 1569 2834 loquitur
1589 2793 1599 2821 z
1626 2796 1644 2819 «
1664 2778 1896 2832 Nunquam
1919 2778 2049 2818 Maria
2067 2778 2202 2819 Deum
2222 2778 2266 2818 in
2286 2781 2407 2820 utero

282 2851 559 2904 concepisset,
582 2852 617 2891 si
637 2851 750 2892 idem
767 2854 916 2892 uterus
935 2855 1082 2893 contra
1100 2852 1234 2893 Deum
1255 2853 1501 2906 ccapulosus
1520 2852 1666 2892 suisset
1685 2884 1694 2902 ,
1717 2854 1758 2891 et
1777 2851 1812 2890 si
1832 2853 1981 2891 uterus
1998 2849 2068 2890 ille
2087 2862 2205 2890 mero
2229 2853 2409 2890 aestuas-

284 2925 344 2962 set
363 2936 371 2962 :
387 2934 485 2962 cum
503 2926 650 2963 venter
668 2935 786 2964 mero
805 2926 988 2964 aestuans
1006 2924 1085 2964 isto
1099 2924 1321 2977 despumat
1336 2925 1382 2964 in
1395 2924 1629 2965 libidinem.
1647 2938 1665 2960 »
1687 2922 1849 2963 Similia
1865 2921 2032 2962 infarcit
2047 2921 2092 2961 in
2109 2921 2303 2963 Lectione
2319 2921 2404 2973 XV,

284 2997 333 3034 ut
350 2993 443 3034 haec
469 3006 492 3034 a
520 2993 570 3034 IV
590 2995 815 3048 desumpta
841 2994 1049 3036 videatur.
1083 2995 1189 3036 Hinc
1215 2996 1394 3049 quisque
1419 2996 1587 3036 leonem
1602 3027 1611 3045 ,
1638 2997 1687 3035 ut
1710 2993 1877 3043 dicitur,
1901 3006 1956 3034 ex
1981 3005 2131 3046 ungue
2153 3005 2407 3046 cognoscere

283 3065 451 3118 poterit.

339 3136 570 3188 Sejunctim
590 3137 743 3189 prodiit
763 3136 933 3178 Parisiis
946 3170 956 3189 ,
979 3150 1049 3179 an.
1073 3140 1191 3190 1521,
1214 3139 1334 3179 111-12
1350 3172 1359 3189 ,
1379 3139 1497 3192 apud
1513 3138 1532 3179 J
1537 3138 1716 3179 odocum
1735 3136 1914 3178 Badium
1933 3137 2200 3178 Ascensium.

330 3226 386 3257 ¹1n
409 3226 560 3267 Cataloy.
579 3226 872 3259 historico-critico
894 3227 1010 3260 libror.
1026 3229 1210 3267 ramorum,
1233 3232 1312 3271 etc.‚
1334 3229 1534 3270 Hamburg.,
1558 3230 1649 3268 1747,
1670 3228 1752 3269 iii-8,
1773 3238 1805 3268 p.
1824 3230 1895 3260 135.

324 3273 388 3304 ²11]
409 3273 629 3314 Martyroloy.
648 3275 831 3315 Francisc„
851 3276 895 3307 ad
910 3276 1001 3307 diem
1021 3278 1059 3308 14
1077 3277 1170 3319 julii,
1191 3287 1224 3318 p.
1242 3280 1316 3310 289.
1330 3277 1396 3301 ——3
1410 3276 1574 3316 oudinus,
1594 3277 1679 3307 tom.
1699 3276 1760 3317 111,
1780 3276 1846 3307 col.
1861 3278 1933 3307 411.

324 3321 448 3352 ¹·Joan.
469 3330 488 3352 a
507 3322 540 3353 S.
564 3321 723 3363 Antonio,
746 3322 778 3352 in
798 3323 888 3354 Bibl.
908 3323 1044 3366 Franc„
1064 3328 1148 3357 tom.
1167 3325 1198 3365 1,
1218 3334 1251 3365 p.
1269 3327 1338 3358 160.
1356 3342 1394 3347 -
1407 3325 1420 3347 ⁵
1434 3322 1518 3356 [bid.
1533 3341 1572 3346 —
1586 3323 1598 3344 ⁶
1611 3322 1696 3355 [bid.
1711 3340 1752 3346 —
1766 3323 1779 3346 ⁷
1790 3322 1874 3355 Ibid.
1889 3339 1927 3346 —
1941 3321 1955 3343 8
1966 3320 2050 3353 [bid.
2064 3338 2105 3344 —
2119 3321 2133 3343 9
2145 3320 2230 3354 [bid.

327 3368 354 3390 ¹⁰
368 3368 532 3408 Oudinus,
554 3371 626 3400 tom
645 3369 685 3400 ΙΙΙ
699 3394 710 3410 ,
731 3369 795 3402 col.
811 3371 883 3402 411.
