2613 3990
891 200 1019 242 DIST.
1050 199 1188 241 XXIV.
1220 201 1339 242 ART.
1372 200 1422 241 11.
1455 198 1652 249 QUAEST.
1685 198 1734 238 ΙΙ.

204 294 315 349 quod
349 293 523 334 nomina
551 292 815 345 designantia
846 290 1131 344 pluralitatem
1164 290 1231 330 di-

204 368 357 407 cantur
373 365 596 418 privative,
619 364 814 404 similiter
843 365 884 403 et
901 361 1077 402 nomina
1097 360 1231 413 signi-

203 436 374 476 ficantia
393 436 614 476 unitatem.
633 435 682 475 Et
708 435 741 474 si
764 435 856 475 haec
877 433 935 473 sic
959 433 1142 474 invicem
1163 446 1233 486 op-

204 510 438 560 ponuntur,
460 509 509 548 ut
528 510 756 559 utrumque
776 505 828 545 sit
842 504 1022 557 privatio
1043 504 1229 555 alterius,

204 577 283 617 erit
299 576 359 616 ibi
372 577 588 617 circulatio
605 576 649 616 in
668 574 943 616 notificando:
961 576 1001 614 et
1013 574 1042 613 si
1063 576 1230 614 utrum-

205 660 289 701 que
307 648 479 688 alterius
511 647 692 701 privatio
714 649 789 695 est,
821 658 920 686 cum
942 645 1122 698 privatio
1146 657 1233 685 non

204 718 257 758 sit
277 719 526 771 privationis
543 751 552 768 ,
576 719 647 759 sed
670 717 840 758 habitus
856 749 866 766 ,
892 719 1123 769 utrumque
1152 716 1232 756 ali-

205 789 307 841 quid
336 790 456 842 ponit
478 792 547 830 :et
579 789 658 839 ita,
693 788 727 828 si
765 788 964 828 dicuntur
1000 787 1230 840 privative,

205 858 401 899 dicuntur
416 859 594 912 positive
617 873 625 898 ε
648 861 687 899 et
703 859 760 898 510
780 858 932 911 positio
954 870 1042 899 non
1061 860 1234 898 0510011-

205 930 393 970 veniens.
428 930 545 970 Ratio
574 929 765 969 similiter
809 929 1027 982 positionis
1055 942 1142 970 non
1173 934 1235 971 est

205 1001 500 1042 convenienter
530 1002 760 1052 assumpta.
783 998 891 1040 Nam
917 1012 1123 1040 numerus
1152 1000 1234 1040 im-

205 1075 343 1124 portat
362 1073 671 1114 distinctionem
688 1104 698 1120 ,
720 1074 760 1112 et
779 1084 905 1124 super
924 1073 1005 1113 hoc
1022 1072 1234 1125 composi-

205 1145 364 1184 tionem
380 1143 718 1196 aggregationis;
739 1146 779 1183 et
796 1144 992 1196 quamvis
1010 1144 1054 1184 in
1074 1144 1230 1185 divinis

206 1227 291 1256 non
310 1215 363 1255 sit
386 1216 661 1267 aggregatio,
682 1215 962 1255 nihilominus
982 1218 1042 1255 est
1058 1215 1234 1255 distinc-

208 1287 262 1326 tio
280 1298 290 1326 ε
311 1286 404 1326 ideo
422 1298 628 1326 numerus
644 1299 731 1327 non
751 1286 995 1339 simpliciter
1014 1298 1236 1327 removen-

205 1360 284 1400 11115
303 1362 364 1400 051
383 1372 408 1400 a
427 1360 597 1416 divinis,
617 1360 689 1401 sed
707 1372 914 1400 numerus
939 1360 1033 1400 talis
1057 1375 1065 1400 :
1090 1363 1131 1400 et
1152 1360 1236 1401 Ma-

205 1431 335 1482 gister
351 1431 526 1471 omnino
540 1434 731 1472 removet
748 1445 756 1471 :
776 1431 867 1471 ideo
882 1431 926 1470 in
940 1430 1143 1483 positione
1159 1443 1236 1471 sua

205 1501 370 1552 defecit}
395 1502 498 1542 etin
529 1502 601 1542 1110
632 1502 807 1543 articulo
836 1502 1120 1542 communiter
1147 1514 1235 1542 non

205 1576 372 1614 tenetur
389 1586 413 1613 a
430 1573 644 1625 magistris
658 1572 979 1614 Parisiensibus.
997 1572 1234 1614 Conceden-

205 1644 307 1684 dum
335 1644 469 1696 igitur
486 1645 600 1698 quod
620 1644 871 1697 hujusmodi
892 1645 1066 1685 nomina
1084 1645 1236 1685 dicuu-

206 1719 275 1755 tur
303 1715 480 1768 positive
501 1720 529 1766 ¹,
555 1716 662 1756 sicut
686 1716 866 1768 probant
883 1716 1066 1756 rationes
1084 1717 1136 1757 ad
1157 1717 1237 1757 1100

206 1787 404 1827 inductae.
436 1787 486 1828 Et
513 1787 827 1828 concedendum
858 1788 972 1841 quod
1007 1788 1052 1827 in
1082 1788 1237 1829 divinis

205 1858 348 1911 aliquo
362 1859 487 1900 modo
506 1862 568 1899 est
581 1872 802 1910 numerus,
824 1859 965 1912 aliquo
986 1859 1110 1900 modo
1126 1872 1233 1901 non:

207 1942 307 1969 nam
333 1930 570 1971 secundum
579 1931 691 1983 quod
703 1930 802 1971 dicit
817 1930 1124 1971 distinctionem
1140 1943 1236 1983 per-

207 2001 396 2042 sonalem
413 2002 647 2042 secundum
672 2002 899 2054 originem,
921 2002 980 2041 sic
1009 2002 1236 2042 dicendum

206 2075 269 2113 est
282 2085 512 2114 numerum
531 2085 619 2113 esse
638 2073 683 2112 in
703 2072 885 2123 divinis;
908 2073 1143 2113 secundum
1163 2085 1237 2113 au-

207 2148 291 2184 tem
309 2144 423 2197 quod
442 2145 796 2197 aggregationem
818 2147 858 2185 et
874 2144 1124 2186 divisionem
1141 2145 1238 2185 sub-

209 2216 445 2256 stantialem
487 2216 589 2257 dicit
610 2248 620 2267 ,
663 2228 750 2256 non
793 2218 855 2256 est
897 2216 1120 2269 ponendus
1159 2229 1239 2257 nu-

210 2299 353 2328 merus
368 2288 415 2328 in
446 2287 616 2329 divinis.

264 2363 302 2408 1,
321 2362 360 2409 ἰ),
380 2362 419 2408 3,
441 2362 480 2399 4.
502 2359 567 2400 Ex
586 2359 653 2399 his
672 2361 818 2412 patent
837 2359 1013 2411 objecta.
1032 2359 1140 2400 Nam
1164 2373 1237 2400 ra-

208 2431 341 2472 tiones
362 2431 414 2472 ad
433 2432 617 2484 primam
638 2434 802 2484 partem
821 2432 1055 2483 procedunt
1074 2432 1123 2472 de
1147 2444 1236 2472 nu-

209 2515 325 2543 mero
354 2503 588 2543 secundum
616 2515 710 2543 eam
729 2502 1028 2555 acceptionem,
1057 2515 1142 2555 qua
1158 2516 1236 2543 50-

208 2575 339 2615 mitur
357 2574 402 2614 in
421 2573 510 2613 istis
537 2573 806 2614 inferioribus
825 2576 1035 2626 quantum
1059 2575 1109 2614 ad
1130 2587 1234 2615 con-

209 2647 388 2688 ditiones
400 2645 634 2699 praedictas.
652 2645 769 2685 Unde
783 2645 827 2684 in
843 2657 968 2686 sensu
987 2658 1063 2686 suo
1083 2659 1236 2687 verum

211 2719 490 2769 concludunt,
511 2717 700 2770 quodibi
726 2729 813 2758 non
839 2720 900 2757 est
920 2730 1144 2759 numerus
1170 2719 1238 2760 Si-

213 2790 368 2831 militer
385 2790 569 2831 10110005
588 2789 639 2830 ad
660 2791 822 2842 partem
839 2790 1074 2842 oppositam
1091 2802 1230 2843 proce-

212 2865 318 2905 dunt
328 2863 563 2904 secundum
576 2862 689 2915 quod
701 2874 907 2902 numerus
924 2862 1234 2903 distinctionem

213 2936 369 2975 certam
387 2935 587 2987 importat
610 2944 619 2972 ε
641 2936 681 2974 01
700 2933 780 2973 1100
800 2933 972 2986 quidem
1001 2937 1063 2974 est
1082 2947 1238 2987 ponere

213 3007 258 3047 in
283 3006 438 3047 divinis
461 3019 471 3046 :
497 3009 537 3046 et
565 3006 658 3046 ideo
686 3017 841 3045 verum
873 3006 1134 3047 concludunt
1162 3019 1239 3048 500

214 3091 355 3120 sensu.
384 3077 501 3118 Unde
530 3078 577 3117 in
607 3076 761 3118 divinis
783 3077 1029 3129 negandum
1063 3081 1124 3119 est
1151 3091 1240 3119 esse

214 3161 445 3191 numerum
465 3149 723 3202 simpliciter,
746 3148 817 3188 sed
840 3149 1156 3191 concedendum
1180 3153 1241 3191 est

215 3233 446 3263 numerum
465 3232 553 3260 esse
572 3232 866 3273 personarum.

269 3292 334 3333 Ad
353 3291 458 3332 illud
473 3294 617 3332 tamen
636 3291 749 3345 quod
769 3289 966 3344 objicitur
991 3293 1041 3334 de
1065 3294 1240 3346 quanti-

261 3377 272 3398 1
292 3377 387 3408 Hanc
415 3375 617 3406 sententiam
646 3375 796 3416 sequitur
836 3376 977 3416 scotus,
1013 3379 1046 3408 01
1072 3378 1242 3410 consentit

218 3426 252 3458 S.
273 3424 393 3456 Thom.
414 3423 449 3454 in
466 3423 541 3455 dist.
558 3424 704 3463 praeced.
720 3441 759 3445 —
773 3424 786 3444 2
801 3423 854 3463 Cf.
872 3423 965 3455 Alex.
983 3424 1133 3466 Alensis,
1152 3435 1186 3465 p.
1206 3426 1239 3466 1,

218 3483 252 3513 q.
274 3480 334 3511 Lu,
351 3471 476 3502 memb.
497 3473 587 3510 138.
606 3471 740 3510 Thom.,
754 3481 786 3511 p*
805 3472 829 3509 1,
854 3481 885 3511 «1.
904 3479 986 3511 xnr,
1007 3475 1067 3502 art.
1086 3474 1123 3511 23
1149 3476 1182 3504 ct
1202 3473 1242 3503 sle

216 3521 359 3558 Potent„
372 3528 406 3559 q.
420 3525 480 3559 vn,
495 3520 556 3550 art.
575 3520 589 3549 4
608 3520 641 3550 et
659 3520 676 3550 5
688 3528 699 3559 3
717 3518 889 3559 Richard„
906 3519 915 3549 1
933 3519 1037 3560 Sena,
1053 3520 1130 3552 dist.
1143 3527 1238 3561 xxv,

2251 203 2327 240 393

1305 293 1388 331 tate
1408 289 1607 330 continua
1624 320 1633 337 ,
1656 291 1695 329 et
1724 287 1859 341 specie
1891 288 2074 339 numeri,
2097 289 2329 330 dicendum

1306 361 1420 413 quod
1436 372 1514 400 nec
1532 359 1744 412 quantitas
1759 359 1959 400 continua
1974 359 2093 399 estin
2115 359 2210 410 Deo,
2227 361 2329 413 quia

1307 429 1517 470 aeternitas
1533 439 1618 468 non
1638 430 1699 468 est
1717 427 1943 480 quantitas,
1967 439 2045 468 1100
2067 427 2254 468 Trinitas
2272 431 2332 469 est

1307 500 1464 553 species
1482 498 1664 539 numeri.

1661 662 1896 712 QUAESTIO
1926 662 1977 703 II.

1307 776 1368 811 An
1396 777 1481 810 item
1505 776 1653 810 nomina
1681 775 1883 810 memoralia
1912 776 1952 809 in
1985 774 2122 809 divinis
2145 773 2333 809 secmzdam

1353 835 1605 879 substantiam,
1644 835 1700 870 vel
1732 834 1918 870 secundum
1949 835 2174 875 relationem,
2213 833 2336 868 dican-

1355 894 1455 932 trust.

1363 1008 1512 1049 Utrum
1527 1007 1726 1061 praedicta
1744 1007 1919 1047 nomina
1939 1007 2132 1048 dicantur
2150 1007 2194 1047 in
2221 1007 2336 1048 divi-

1308 1079 1373 1119 nis
1404 1078 1637 1119 secundum
1664 1077 1941 1118 substantiam
1961 1110 1970 1128 ,
1993 1080 2068 1118 aut
2096 1078 2333 1118 secundum

1308 1151 1555 1192 relationem
1570 1165 1579 1201 ;
1601 1153 1642 1191 et
1657 1150 1770 1203 quod
1782 1150 2019 1191 secundum
2035 1149 2328 1197 substantiam,

1308 1223 1476 1264 videtur
1498 1236 1507 1263 :
1530 1221 1629 1275 quia
1646 1253 1655 1270 ,
1679 1221 1786 1262 sicut
1806 1221 1903 1261 dicit
1932 1220 2102 1261 Boetius
2125 1224 2155 1270 3,
2177 1223 2217 1260 et
2244 1220 2334 1260 Au-

1307 1293 1508 1345 gustinus
1522 1295 1550 1341 ³,
1566 1291 1780 1345 quantitas
1798 1291 1843 1331 in
1861 1291 2140 1331 substantiam
2158 1290 2308 1330 transit
2325 1304 2333 1330 :

1308 1365 1379 1405 sed
1406 1375 1614 1405 numerus
1633 1363 1913 1416 quantitatem
1932 1362 2032 1403 dicit
2053 1375 2063 1402 :
2086 1374 2189 1414 ergo
2214 1364 2337 1402 tran-

1308 1436 1360 1476 sit
1381 1435 1425 1475 in
1451 1435 1730 1475 substantiam
1754 1450 1762 1475 :
1785 1446 1888 1486 ergo
1907 1433 2107 1474 dictiones
2128 1445 2335 1473 numera-

1308 1507 1367 1548 les
1387 1507 1622 1547 secundum
1641 1505 1919 1546 substantiam
1936 1504 2157 1545 dicuntur.

1362 1582 1401 1619 2.
1428 1579 1531 1619 Item
1557 1590 1683 1618 omne
1704 1589 1862 1618 nomen
1890 1576 2002 1629 quod
2022 1576 2176 1616 dicitur
2200 1576 2251 1616 ad
2274 1588 2331 1627 se,

1309 1650 1462 1691 dicitur
1491 1649 1725 1690 secundum
1752 1647 2031 1688 substantiam
2060 1659 2069 1687 :
2097 1647 2168 1687 sed
2188 1646 2270 1689 (11ιο
2295 1649 2336 1688 01

1310 1726 1416 1772 tres,
1443 1723 1504 1761 est
1523 1733 1680 1761 nomen
1701 1719 1814 1773 quod
1840 1718 1994 1759 dicitur
2015 1718 2065 1759 ad
2087 1730 2145 1769 se,
2173 1730 2262 1758 non
2286 1718 2338 1759 ad

1310 1794 1423 1834 aliud
1439 1806 1449 1834 t
1463 1805 1566 1845 ergo
1580 1793 1781 1833 dicuntur
1794 1791 2026 1832 secundum
2043 1790 2336 1830 substantiam.

1365 1868 1403 1905 3.
1428 1865 1548 1914 Item,
1581 1876 1679 1904 cum
1711 1862 1863 1903 dicitnr
1889 1876 1897 1902 :
1927 1877 1946 1900 (1
1969 1860 2105 1912 Pater,
2128 1863 2168 1901 01
2186 1860 2335 1912 Filius,

1311 1939 1352 1977 et
1371 1935 1553 1989 Spiritus
1568 1937 1738 1976 sanctus
1752 1936 1852 1974 sunt
1867 1934 1963 1983 hoc,
1983 1932 2095 1986 quod
2110 1934 2172 1972 est
2192 1935 2292 1983 tres,
2314 1946 2333 1969 n

1312 2010 1387 2048 aut
1417 2006 1569 2048 dicitur
1599 2005 1881 2055 notionaliter,
1907 2006 1981 2044 aut
2012 2002 2289 2044 essentialiter
2325 2015 2334 2043 :

1311 2092 1398 2120 non
1426 2078 1708 2128 notionaliter,
1740 2076 1842 2130 quia
1867 2075 1985 2116 nulla
2010 2077 2072 2115 est
2095 2073 2211 2115 notio
2238 2086 2336 2127 quae

1311 2150 1595 2192 communiter
1612 2149 1776 2190 dicatur
1792 2149 1842 2190 de
1858 2147 1995 2188 tribus
2010 2159 2019 2187 ι
2036 2146 2172 2198 igitur
2186 2145 2340 2186 dicitur

1311 2221 1600 2262 essentialiter.

1364 2297 1402 2334 si.
1437 2293 1560 2343 ltem,
1582 2292 1774 2333 notiones
1798 2293 1897 2331 sunt
1919 2290 2108 2343 quinque
2132 2304 2140 2330 :
2164 2289 2235 2329 sed
2254 2291 2340 2329 ter-

1311 2365 1416 2405 mini
1444 2364 1686 2405 numerales
1704 2363 1934 2416 important
1950 2361 2237 2414 pluralitatem
2257 2372 2339 2400 no-

1309 2437 1476 2477 tionum
1511 2451 1518 2477 :
1559 2436 1692 2488 igitur
1725 2435 1802 2475 erit
1823 2446 2029 2474 numerus
2049 2432 2270 2485 quinarius
2296 2432 2341 2472 in

1311 2508 1466 2549 divinis
1489 2522 1497 2548 ε
1518 2507 1653 2559 igitur
1667 2518 1754 2546 non
1773 2508 1871 2555 tres,
1895 2505 1966 2546 sed
1986 2505 2177 2557 quinque
2207 2507 2306 2544 sunt
2329 2518 2337 2544 ι

1311 2580 1382 2621 sed
1402 2580 1481 2619 hoc
1500 2582 1561 2619 est
1579 2578 1733 2618 falsum
1749 2591 1758 2617 2
1777 2577 1911 2629 igitur
1930 2588 2017 2616 non
2039 2576 2242 2616 dicuntur
2262 2588 2340 2616 no-

1314 2648 1546 2698 0000111οη
1577 2647 1649 2687 50(1
1683 2646 1883 2687 dicuntur
1923 2645 2217 2694 essentialiter,
2252 2644 2341 2686 sive

1312 2719 1655 2761 substantialiter.

1366 2791 1518 2832 Contra
1543 2802 1553 2829 :
1579 2789 1711 2831 Omne
1745 2801 1904 2830 nomen
1930 2787 2146 2841 pertinens
2165 2787 2216 2828 ad
2237 2787 2340 2827 sub-

1313 2864 1510 2904 stantiam
1526 2875 1614 2903 non
1634 2862 1786 2902 dicitnr
1806 2860 2039 2913 pluraliter,
2063 2859 2134 2900 sed
2154 2858 2342 2911 singula-

1314 2936 1414 2976 riter
1448 2950 1456 2976 :
1483 2935 1555 2976 sed
1585 2934 1683 2975 Tres
1712 2935 1878 2973 tantum
1910 2931 2063 2973 dicitur
2091 2930 2338 2984 pluraliter:

1314 3020 1417 3060 ergo
1435 3006 1554 3047 nullo
1576 3005 1701 3046 modo
1719 3004 1871 3045 dicitur
1895 3003 2132 3044 secundum
2151 3003 2342 3043 substan-

1313 3079 1416 3120 tiam
1437 3091 1447 3119 :
1469 3090 1572 3130 ergo
1591 3076 1745 3118 dicitur
1767 3075 2001 3116 secundum
2020 3074 2284 3115 relationem.

1369 3151 1488 3200 Item,
1510 3162 1636 3191 omne
1659 3160 1816 3189 nomen
1844 3146 2118 3188 substantiale
2136 3145 2342 3199 praedica-

1315 3225 1386 3263 tur
1414 3222 1463 3263 de
1488 3221 1675 3274 qualibet
1696 3231 1874 3273 persona
1897 3233 1905 3259 :
1929 3218 2000 3259 sed
2025 3218 2122 3260 Tres
2151 3217 2202 3258 de
2221 3216 2339 3256 nulla

1316 3304 1496 3346 persona
1514 3291 1767 3345 praedicatur
1793 3304 1801 3331 :
1825 3302 1944 3342 ergo,
1968 3291 2046 3330 010.

1316 3427 1379 3456 art.
1396 3427 1426 3463 2,
1446 3434 1480 3465 q.
1499 3431 1560 3464 1113
1581 3423 1698 3464 Steph.
1716 3422 1853 3463 Brulet„
1876 3423 1888 3454 1
1909 3421 2012 3459 Seni„
2034 3419 2108 3452 dist.
2127 3425 2221 3457 xxiv,
2244 3426 2278 3458 q.
2297 3424 2339 3457 v3

1318 3474 1434 3504 Petrus
1448 3472 1489 3503 (10
1509 3473 1658 3511 Τε11001.,
1680 3471 1690 3502 l
1713 3471 1818 3509 Seni„
1838 3470 1913 3502 dist.
1929 3476 2024 3508 xx1v,
2042 3476 2074 3508 q.
2088 3475 2135 3497 VI.
2152 3483 2188 3489 —
2205 3465 2218 3485 '³‘
2231 3466 2340 3504 Boet.,

1288 3530 1293 3534 ·
1315 3520 1354 3551 (Ζο
1376 3520 1494 3552 Trz'nz‘t.
1507 3537 1548 3542 —
1564 3519 1574 3537 ⁴
1591 3520 1692 3560 Aug,
1712 3518 1750 3550 de
1768 3518 1869 3558 Trin„
1886 3517 1945 3549 lib.
1964 3517 2022 3549 Vll
2036 3540 2046 3556 ‚
2069 3522 2141 3555 e.1,
2161 3522 2197 3545 n.
2212 3515 2243 3544 2.

2368 1017 2413 1044 Ad
2427 1025 2495 1052 opp.

2390 2794 2500 2821 Funda-

2363 2839 2464 2864 menta.
