2613 3990
45 1548 183 1576 Fundam.

55 3055 100 3083 Ad
125 3063 192 3090 opp.

806 239 940 281 DIST.
969 238 1107 279 XXIX.
1138 238 1259 280 ART.
1291 238 1341 278 II.
1374 237 1572 287 QUAEST.
1606 237 1635 277 Ι.

204 333 321 385 parte
346 331 406 371 rei
431 331 618 372 absolute
634 363 644 382 ,
672 330 948 371 nihilominus
977 331 1111 382 potest
1139 340 1228 369 esse

203 414 228 442 a.
245 405 361 454 parte
381 402 411 442 si
417 401 716 454 gnificationis.

510 559 832 604 ARTICULUS
864 560 918 602 ΙΙ.

257 686 563 738 Consequenter
583 686 644 725 est
669 683 844 736 quaestio
873 683 923 723 de
947 685 1131 725 secundo
1159 698 1229 726 ar-

202 756 356 807 ticqu,
390 756 542 797 scilicet
574 755 623 795 de
651 753 813 794 unitate
842 754 974 807 hujus
1013 756 1198 796 nominis
1216 788 1225 805 ,

201 829 493 881 Principium,
521 830 561 869 et
587 828 697 868 circa
717 827 797 867 hoc
816 830 1072 879 quaeruntur
1104 829 1187 870 duo
1217 842 1226 870 :

201 900 338 953 primo
353 900 558 953 quaeritur
571 901 718 939 utrum
731 897 852 938 Pater
867 901 907 938 et
922 898 1055 939 Filius
1069 901 1232 952 possint

202 971 284 1012 dici
312 984 453 1012 unum
478 969 735 1023 principium
767 969 949 1022 Spiritus
975 971 1132 1021 sancti3
1163 984 1230 1012 se-

203 1043 357 1094 cundo,
392 1045 539 1083 utrum
574 1041 732 1093 possint
765 1041 845 1081 dici
876 1054 989 1081 unus
1018 1042 1228 1095 Spirator,

203 1114 271 1155 vel
290 1114 402 1155 idem
423 1112 682 1166 principium
702 1112 885 1165 Spiritus
904 1112 1051 1153 sancti.

552 1277 823 1328 QUAESTIO
854 1278 886 1319 I.

205 1380 266 1416 An
283 1381 387 1416 Pater
399 1382 431 1416 et
444 1381 562 1416 Filius
579 1391 689 1416 mmm
701 1382 925 1426 principium
941 1382 1099 1427 Spiritus
1118 1383 1234 1416 sancti

583 1440 811 1487 dici‘possz'nt
830 1440 854 1476 ¹.

259 1540 376 1590 Quod
398 1544 574 1595 possunt
593 1541 671 1582 dici
697 1554 835 1582 unum
862 1541 1114 1594 principium
1145 1554 1234 1582 esse

205 1611 386 1665 Spiritus
405 1613 551 1662 sancti,
577 1613 742 1654 videtur
761 1613 807 1652 in
834 1613 993 1663 littera,
1024 1613 1097 1653 ubi
1126 1613 1234 1653 dici-

205 1687 301 1726 tur:
325 1684 593 1726 «Fatendum
612 1687 673 1725 est
688 1684 853 1725 Patrem
868 1687 908 1725 et
922 1684 952 1725 F
959 1684 1078 1724 ’11111111
1095 1698 1233 1726 unum

205 1756 461 1809 principium
481 1769 568 1797 esse
587 1756 767 1810 Spiritus
787 1756 931 1796 sancti.
956 1770 975 1793 n

261 1828 366 1869 Item
384 1829 547 1869 ratione
575 1828 767 1878 videtur,
790 1828 892 1880 quia
917 1827 1047 1868 unius
1075 1827 1234 1881 princi—

206 1897 309 1950 piati
337 1909 474 1938 unum
497 1899 558 1937 est
582 1896 839 1949 principium
869 1897 913 1936 in
934 1909 1022 1937 uno
1042 1909 1198 1949 genere
1223 1911 1230 1937 :

206 1968 278 2009 sed
308 1968 491 2021 Spiritus
511 1970 679 2008 sanctus
708 1980 823 2008 unus
852 1970 912 2008 est
942 1980 951 2008 ε
981 1980 1085 2020 ergo
1110 1968 1236 2009 habet

207 2051 345 2080 unum
375 2039 633 2092 principium
667 2052 677 2079 ε
712 2051 815 2091 ergo
850 2040 885 2079 si
916 2039 1159 2080 immediate
1196 2043 1236 2081 et

206 2112 385 2164 perfecte
404 2113 465 2152 est
486 2123 511 2151 a
531 2110 651 2151 Patre
671 2114 712 2152 et
730 2110 852 2162 Filio,
875 2113 973 2151 sunt
993 2124 1094 2163 ergo
1114 2110 1236 2152 Pater

206 2186 247 2223 et
266 2182 395 2223 Filius
413 2195 550 2223 unum
570 2183 842 2236 principium.

261 2253 366 2294 Item
394 2253 517 2295 Pater
547 2257 586 2294 et
618 2254 751 2294 Filius
783 2255 944 2307 spirant
978 2269 986 2294 ε
1026 2257 1100 2294 aut
1132 2266 1235 2306 ergo

208 2339 297 2367 una
316 2327 517 2379 potentia,
534 2328 607 2366 aut
621 2326 786 2366 duabus
804 2340 812 2366 :
834 2328 993 2365 constat
1006 2326 1118 2378 quod
1132 2338 1233 2377 una,

208 2399 308 2451 quia
327 2411 425 2439 cum
446 2399 492 2438 in
511 2398 571 2438 eis
594 2400 656 2438 est
674 2409 762 2437 una
789 2398 992 2448 essentia,
1013 2399 1074 2437 est
1093 2400 1133 2437 et
1151 2410 1237 2438 una

207 2471 394 2524 potentia
419 2486 427 2512 :
456 2483 559 2522 ergo
578 2482 676 2510 cum
700 2469 779 2522 ipsi
797 2470 990 2510 dicantur
1007 2481 1095 2509 esse
1114 2470 1243 2522 prin—-

208 2543 369 2596 cipium
388 2543 548 2583 ratione
568 2542 789 2594 potentiae,
813 2545 852 2582 et
871 2554 959 2582 una
983 2541 1034 2581 sit
1052 2542 1237 2594 potentia

207 2614 252 2654 in
273 2613 394 2655 Patre
412 2616 452 2654 et
471 2613 592 2663 Filio,
616 2614 742 2664 patet,
766 2614 843 2652 etc.

262 2684 366 2726 Item
383 2717 393 2736 ,
424 2685 534 2724 sicut
557 2687 640 2724 tres
660 2694 849 2735 personae
880 2682 1007 2722 unica
1028 2682 1237 2723 creatione

209 2760 375 2804 creant,
406 2755 464 2795 ita
492 2755 587 2795 duee
622 2754 748 2794 unica
775 2753 1001 2806 spiratione
1033 2754 1196 2806 spirant
1225 2769 1232 2794 :

209 2827 280 2868 sed
305 2830 412 2875 tres,
441 2826 542 2879 quia
560 2825 686 2865 unica
708 2825 917 2865 creatione
939 2828 1106 2875 creant,
1139 2828 1238 2865 sunt

209 2912 349 2940 unum
385 2898 643 2952 principium
681 2899 884 2937 creaturae
925 2911 933 2936 :
976 2909 1079 2949 ergo
1111 2897 1234 2949 duae,

210 2983 348 3012 unum
367 2969 625 3023 principium
645 2967 824 3021 Spiritus
850 2967 995 3008 sancti.

266 3041 416 3082 Contra
447 3056 456 3082 ε
496 3044 534 3081 1.
569 3039 673 3081 Cum
705 3038 857 3078 dicitur
883 3053 890 3078 :
920 3038 1070 3079 «Sunt
1100 3051 1238 3080 unum

213 3111 468 3166 principium
484 3111 665 3164 Spiritus
681 3109 829 3159 sancti,
851 3124 870 3147 ))
895 3113 969 3150 aut
986 3123 1123 3151 unum
1141 3110 1240 3151 dicit

211 3183 418 3224 unitatem
449 3182 636 3223 essentiae
652 3213 663 3232 ,
691 3183 764 3221 aut
791 3180 996 3221 unitatem
1024 3194 1236 3234 personae,

213 3258 287 3296 aut
306 3255 489 3296 notionis
512 3270 520 3295 :
540 3267 628 3295 non
656 3253 868 3304 essentiae,
892 3254 992 3306 quia
1020 3256 1124 3294 tunc
1144 3254 1238 3308 Spi-

259 3362 336 3402 1Cf.
358 3362 453 3394 Alex.
481 3363 631 3402 Alensis,
652 3372 685 3403 p⁴
708 3364 733 3401 1,
763 3371 794 3402 q.
814 3369 904 3402 LXX,
926 3362 1051 3394 memb.
1066 3364 1103 3403 3,
1121 3365 1183 3394 art.
1199 3364 1237 3402 33

215 3412 250 3442 S.
266 3410 401 3450 Thom.,
422 3420 454 3450 p.
474 3411 506 3450 1,
528 3418 704 3450 q.xxxv1,
727 3412 787 3440 art.
808 3411 847 3449 4,·
869 3412 974 3449 scot„
996 3411 1005 3441 l
1032 3410 1136 3450 Sent„
1161 3411 1237 3442 dist.

215 3466 286 3497 ΧΠ,
307 3467 339 3498 q.
358 3465 389 3498 13
408 3457 520 3497 AEgid.
536 3458 649 3497 Rom,
672 3459 681 3489 l
708 3458 813 3497 Seut„
836 3456 911 3488 dist.
928 3464 1032 3496 xxix,
1053 3465 1160 3498 q.111;
1181 3458 1238 3488 Ri-

215 3505 370 3545 chardus,
391 3506 524 3543 ISent-,
545 3505 618 3537 dist,
639 3513 742 3545 XXIX,
765 3515 799 3545 q.
816 3512 849 3544 13
873 3504 1072 3544 Durandus,
1099 3506 1106 3536 l
1133 3506 1237 3541 Seni„

215 3553 290 3585 dist.
305 3560 352 3593 xl,
371 3560 481 3594 q.1113
502 3553 620 3584 Franc.
636 3553 677 3584 (10
695 3553 815 3593 Mayr„
834 3554 843 3584 Ι
863 3552 967 3592 Sene„
984 3552 1140 3593 dist.xl1,
1158 3561 1236 3594 q.13

2253 240 2330 277 473

1302 328 1409 368 ritus
1465 329 1634 368 sanctus
1687 328 1794 367 esset
1844 325 2103 379 principium
2154 326 2333 379 Spiritus

1303 399 1459 449 sancti3
1494 410 1581 438 non
1617 409 1837 451 personae,
1874 396 1974 448 quia
2004 399 2106 436 tunc
2137 396 2258 438 Pater
2296 400 2337 438 et

1304 470 1435 510 Filius
1454 472 1592 510 essent
1612 481 1698 509 una
1717 479 1896 521 persona
1919 481 1927 508 ε
1952 479 2054 518 ergo
2074 468 2269 508 notionis.

1357 540 1437 581 Sed
1473 542 1617 580 contra
1654 554 1662 580 :
1695 538 1738 580 Si
1775 538 1897 579 Pater
1932 540 1972 578 et
2001 536 2137 577 Filius
2167 540 2336 591 propter

1303 611 1512 653 unitatem
1545 610 1730 651 notionis
1767 610 1968 650 dicuntur
2000 621 2139 650 unum
2176 609 2336 661 princi-

1306 682 1450 735 pium,
1474 694 1577 734 ergo
1600 682 1652 722 ab
1681 681 1883 734 oppositis
1910 680 2032 721 Pater
2050 682 2220 733 propter
2240 680 2337 732 piu-

1304 753 1511 793 ralitatem
1543 752 1727 793 notionis
1754 754 1891 805 potest
1915 751 1998 792 dici
2028 751 2151 804 plura
2179 750 2338 804 princi-

1310 825 1394 878 pia.

1358 901 1396 937 ⁶2.
1422 897 1549 946 Item,
1579 895 1612 935 si
1634 894 1756 935 Pater
1782 897 1843 935 est
1867 893 2126 947 principium
2155 892 2336 946 Spiritus

1307 968 1462 1016 sancti,
1486 969 1526 1007 et
1548 966 1682 1006 Filius
1711 965 1968 1018 principium
1983 997 1992 1015 ,
2015 967 2055 1005 et
2079 964 2159 1004 hoc
2178 963 2340 1016 princi—

1306 1040 1426 1093 pium
1446 1050 1530 1078 non
1553 1040 1614 1077 est
1631 1037 1738 1077 iilud
1752 1069 1762 1087 ,
1782 1048 1886 1088 ergo
1907 1036 1991 1076 duo
2010 1034 2231 1088 principia.

1361 1114 1398 1150 3.
1423 1110 1552 1159 Item,
1574 1107 1697 1148 Pater
1721 1110 1761 1148 et
1778 1107 1808 1147 F
1812 1107 1908 1147 111115
1934 1109 2034 1146 sunt
2053 1118 2191 1146 unum
2217 1105 2340 1158 prin-

1308 1182 1468 1235 cipium
1489 1196 1497 1222 :
1518 1193 1620 1232 ergo
1639 1192 1775 1220 unum
1795 1178 2054 1232 principium
2075 1180 2135 1217 est
2158 1177 2279 1217 Pater
2297 1179 2338 1218 et

1311 1253 1439 1293 Filius
1464 1268 1472 1291 :
1496 1255 1536 1292 et
1556 1252 1591 1291 si
1611 1251 1705 1300 hoc,
1728 1263 1831 1303 ergo
1849 1249 1972 1290 Pater
1989 1252 2050 1290 est
2069 1249 2216 1289 Filius.

1361 1327 1401 1364 4.
1436 1323 1564 1374 Item,
1596 1322 1630 1362 si
1656 1334 1794 1362 unum
1823 1324 1922 1361 sunt
1950 1320 2232 1373 principium,
2266 1319 2339 1359 aut

1306 1408 1445 1436 unum
1476 1394 1590 1447 quod
1611 1396 1672 1434 est
1699 1392 1844 1443 Pater,
1867 1395 2097 1432 autunum
2123 1391 2235 1443 quod
2254 1403 2342 1430 non

1307 1470 1369 1507 est
1401 1465 1522 1506 Pater
1554 1478 1563 1505 :
1597 1466 1630 1505 si
1660 1477 1799 1505 unum
1829 1464 1943 1516 quod
1974 1465 2034 1503 est
2064 1462 2205 1513 Pater,
2238 1475 2341 1514 ergo

1308 1538 1430 1579 Pater
1465 1540 1504 1578 et
1536 1537 1670 1577 Filius
1691 1539 1792 1576 sunt
1820 1535 1966 1584 Pater3
1997 1535 2030 1574 si
2060 1547 2198 1574 unum
2226 1535 2339 1587 quod

1307 1623 1392 1651 11011
1436 1612 1498 1650 est
1533 1609 1679 1658 Pater,
1720 1620 1824 1659 ergo
1863 1606 2121 1660 principium
2161 1604 2341 1658 Spiritus

1308 1682 1440 1723 sancti
1470 1693 1557 1722 11011
1590 1683 1650 1721 est
1683 1680 1804 1720 Pater
1838 1694 1846 1718 :
1879 1690 1983 1730 ergo
2012 1677 2133 1717 Pater
2161 1689 2249 1716 non
2280 1678 2341 1716 est

1308 1753 1566 1808 principium
1589 1751 1771 1804 Spiritus
1788 1749 1933 1790 sancti.

1698 1928 1999 1972 CONCLUSIO.

1309 2053 1496 2098 Recipitur
1529 2060 1550 2084 a
1584 2048 1758 2084 Patribus
1791 2045 1995 2082 orthodooez's
2027 2045 2096 2080 hoec
2127 2045 2303 2079 sententia
2329 2055 2339 2077 :

1357 2113 1464 2147 Pater
1484 2112 1517 2145 et
1535 2110 1651 2144 Filius
1681 2110 1763 2143 sunt
1789 2118 1899 2142 11710771
1924 2106 2152 2152 principium
2180 2104 2341 2150 Spiritus

1356 2172 1473 2207 sancti
1487 2181 1498 2205 :
1532 2169 1625 2215 quod
1643 2168 1783 2213 quidem
1799 2168 2025 2212 principium
2043 2165 2133 2200 dicit
2148 2165 2328 2199 unitatem

1358 2232 1549 2267 communis
1568 2231 1744 2269 notionis,
1767 2230 1806 2262 in
1826 2227 2092 2273 comparatione
2118 2224 2165 2260 ad
2186 2225 2342 2260 essentiae

1358 2294 1390 2327 ct
1407 2293 1462 2326 vis
1480 2291 1669 2337 spiratz'vae
1687 2290 1879 2324 unitatem.

1364 2403 1488 2455 Resp.
1510 2402 1562 2442 ad
1592 2401 1776 2452 Argum.
1799 2398 2029 2439 Dicendum
2059 2396 2175 2449 quod
2194 2406 2341 2436 omnes

1309 2477 1433 2515 istam
1471 2473 1707 2514 concedunt
1747 2484 1755 2510 :
1798 2486 1817 2509 α
1846 2470 1968 2510 Pater
1997 2471 2037 2510 et
2070 2468 2204 2509 Filius
2239 2469 2340 2507 sunt

1310 2558 1447 2588 unum
1466 2544 1722 2598 principium
1739 2543 1919 2596 Spiritus
1933 2540 2078 2590 sancti,
2095 2554 2113 2576 »
2137 2538 2340 2591 quoniam

1310 2617 1581 2670 Augustinus
1600 2617 1723 2656 istam
1742 2612 1962 2667 proponit,
1985 2613 2026 2652 et
2050 2610 2171 2659 dicit3
2195 2609 2267 2649 sed
2295 2609 2340 2649 in

1309 2690 1434 2730 modo
1451 2687 1715 2740 intelligendi
1741 2684 2093 2727 diversificantur.
2116 2679 2224 2721 Nam
2243 2680 2337 2732 qui-

1311 2761 1407 2801 dam
1427 2760 1572 2800 dicunt
1598 2759 1710 2811 quod
1735 2757 1815 2797 hoc
1839 2767 2016 2802 nomen,
2048 2752 2335 2806 principium,

1310 2844 1399 2871 non
1417 2830 1514 2871 dicit
1533 2829 1592 2869 ibi
1618 2829 1840 2869 essentiam
1855 2859 1865 2877 ,
1886 2839 1963 2866 1100
1992 2825 2211 2865 notionem
2227 2855 2237 2874 ,
2262 2834 2341 2862 nec

1311 2913 1554 2955 personam3
1584 2901 1655 2941 sed
1680 2900 1779 2940 dicit
1796 2897 2137 2939 convenientiam
2156 2896 2340 2936 duarum

1310 2985 1589 3026 personarum
1626 2972 1670 3012 in
1707 2971 1833 3012 unica
1878 2969 2064 3010 notione.
2109 2967 2160 3008 Et
2197 2966 2342 3007 dicunt

1312 3045 1443 3097 quod,
1465 3045 1569 3084 sicut
1594 3044 1674 3084 hoc
1703 3055 1880 3092 nomen,
1911 3042 2088 3090 Trium,
2110 3037 2341 3092 specialiter

1312 3119 1373 3156 est
1403 3115 1649 3168 impositum
1682 3115 1733 3154 ad
1760 3112 2061 3154 insinuandam
2093 3110 2340 3151 Trinitatem

1312 3187 1627 3240 suppositorum
1640 3218 1650 3236 ,
1670 3188 1718 3226 ut
1737 3184 2000 3225 conveniunt
2015 3183 2060 3222 in
2079 3181 2241 3222 unitate
2261 3191 2339 3218 na-

1312 3262 1441 3309 turae,
1462 3258 1519 3298 sic
1535 3258 1580 3297 in
1598 3256 1811 3310 proposito
1839 3255 1988 3295 dicunt
2006 3265 2048 3294 se
2067 3253 2237 3293 hahere.
2261 3249 2341 3290 Sed

1313 3332 1454 3368 tamen
1482 3339 1580 3368 cum
1608 3339 1696 3367 non
1718 3326 1771 3366 sit
1798 3325 1915 3366 facile
1947 3321 2193 3376 hujusmodi
2225 3319 2340 3373 posi-

1312 3411 1363 3443 J0.
1382 3412 1543 3450 Baccon.,
1571 3411 1579 3441 1
1609 3411 1713 3449 Sent.,
1742 3409 1818 3440 dist.
1836 3416 1908 3447 xli,
1932 3415 2014 3448 q.1;
2044 3405 2164 3436 Thom.
2186 3403 2339 3443 Argent„

1315 3460 1324 3489 1
1348 3459 1453 3494 Seni„
1476 3458 1553 3489 dist.
1575 3466 1632 3499 xi,
1654 3467 1687 3499 q.
1704 3466 1733 3499 1,
1757 3460 1819 3489 art.
1837 3459 1851 3488 1
1875 3458 1907 3487 et
1924 3458 1962 3495 23
1991 3455 2108 3486 Petrus
2128 3452 2168 3483 de
2188 3452 2339 3489 Tarant.,

1313 3507 1325 3537 Ι
1346 3508 1451 3545 Sem„
1471 3506 1548 3538 dist.
1569 3514 1671 3546 xxlx,
1692 3515 1725 3547 q.
1744 3513 1781 3545 vj
1804 3503 1921 3544 Stcph.
1941 3500 2079 3541 Brulcf.,
2101 3502 2110 3532 1
2135 3499 2240 3538 Senti,
2262 3497 2339 3529 dist.

1313 3562 1414 3594 xxix,
1436 3563 1469 3594 q.
1485 3561 1536 3586 111.

2362 2710 2474 2746 Explic.
2488 2714 2495 2738 1

2364 3138 2475 3174 Explic.
2485 3141 2499 3165 2
