2613 3990
83 625 186 660 Opinio

46 667 177 693 aliorum.

86 2211 198 2248 Impro—

59 2258 149 2284 batur.

1040 232 1332 277 DISTINCTIO
1362 231 1506 274 XVIII.

204 333 437 383 nascendo,
462 334 523 373 est
550 333 700 372 natum
733 346 741 371 :
775 341 878 381 ergo
907 325 1141 368 substantia
1171 326 1231 364 est

204 408 317 456 nata,
335 404 368 444 si
382 403 514 444 Filius
527 402 737 444 nascendo
752 403 813 442 est
825 397 1075 440 substantia.
1098 396 1231 438 Omne

204 477 318 518 enim
350 476 461 528 quod
494 474 703 516 nascendo
738 471 921 524 accepit,
956 483 981 510 a
1015 468 1233 509 nativitate

204 548 329 588 habet
352 549 509 587 ortum.

259 619 380 671 Resp.
404 617 635 658 Dicendum
659 614 773 668 quod
795 613 925 666 aliqui
950 611 1235 653 distinxerunt

205 691 327 731 istam
349 689 604 730 locutionem
622 701 630 727 :
660 701 679 725 «
701 685 832 726 Filius
858 682 1068 724 nascendo
1087 684 1149 722 est
1168 681 1231 722 di-

206 762 306 803 vina
330 760 563 802 substantia
581 791 591 809 ,
621 758 709 799 sive
734 757 865 806 Deus;
888 770 906 793 »
939 755 1040 808 quia
1071 765 1234 806 gerun-

207 833 325 874 dium
354 834 487 886 potest
517 830 653 872 dicere
678 827 1071 876 concomitantiam,
1108 827 1148 866 et
1175 825 1235 864 sic

208 904 456 957 simpliciter
473 905 535 943 est
549 913 674 951 vera;
691 900 759 941 vel
776 911 962 949 causam,
982 900 1022 938 et
1039 897 1097 937 sic
1119 895 1235 936 mul-

209 975 338 1028 tiplex
362 990 370 1015 z
400 973 501 1027 quia
529 984 627 1013 cum
652 972 745 1013 dico
768 985 777 1011 t
817 986 835 1009 «
856 969 987 1010 Filius
1015 971 1076 1009 est
1104 967 1234 1018 Deus,

209 1046 297 1086 sive
322 1045 464 1086 divina
488 1043 744 1092 substantia,
772 1057 791 1080 »
829 1042 910 1082 tria
941 1041 1055 1090 dico,
1085 1039 1238 1079 scilicet

209 1118 447 1170 subJectum
460 1147 470 1165 ,
494 1114 840 1168 compositionem
855 1145 864 1163 ,
883 1114 924 1153 et
944 1110 1235 1164 praedicatum.

211 1190 348 1231 Potest
358 1202 460 1242 ergo
472 1189 553 1230 hoc
568 1188 841 1242 gerundium,
857 1185 1081 1237 nascendo,
1102 1185 1238 1225 dicere

211 1261 496 1302 causalitatem
521 1262 714 1313 respectu
735 1259 910 1313 subJecti
924 1291 934 1310 ,
956 1258 1024 1300 vel
1046 1258 1238 1311 respectu

211 1332 523 1386 compositionis
538 1365 548 1382 ,
589 1331 656 1373 vel
693 1333 885 1384 respectu
928 1330 1156 1383 praedicati.
1196 1326 1239 1368 Si

211 1408 402 1458 respectu
421 1404 623 1457 subiecti,
648 1406 751 1449 tunc
770 1405 831 1444 est
852 1414 999 1443 sensus
1022 1414 1031 1442 :
1060 1417 1079 1440 «
1108 1400 1241 1441 Filius

211 1476 439 1527 nascendo,
471 1490 490 1513 ›)
515 1478 616 1527 etc.,
640 1475 684 1516 id
710 1478 772 1516 est
796 1475 870 1528 qui
898 1477 959 1515 est
986 1473 1119 1514 Filius
1146 1484 1241 1513 nas-

213 1549 364 1597 cendo⁷
383 1548 451 1589 vel
473 1548 547 1601 qui
564 1547 773 1588 nascendo
792 1547 919 1587 habet
944 1548 992 1586 ut
1013 1546 1063 1585 sit
1086 1544 1238 1595 Filius,

213 1624 274 1661 est
292 1620 402 1661 Deus
424 1634 433 1660 ε
456 1622 496 1659 et
526 1619 585 1659 sic
611 1622 671 1659 est
697 1630 813 1658 vera.
837 1617 880 1658 Si
906 1620 1099 1670 respectu
1126 1629 1243 1657 com-

213 1691 454 1745 positionis,
485 1690 543 1730 sic
571 1692 633 1731 est
663 1702 810 1730 sensus
842 1704 850 1730 :
879 1689 1012 1729 Filius
1041 1691 1102 1729 est
1134 1688 1243 1729 Deus

214 1762 447 1813 nascendo,
468 1761 511 1802 id
539 1764 624 1810 est,
646 1761 726 1802 hoc
744 1760 1022 1813 praedicatum
1047 1759 1244 1800 convenit

215 1835 402 1887 subjecto
430 1846 505 1887 per
532 1833 796 1875 nativitatem
823 1848 830 1874 :
860 1835 901 1874 et
929 1833 987 1873 sic
1016 1832 1156 1873 adhuc
1184 1834 1244 1873 est

215 1919 317 1947 vera
335 1906 506 1946 locutio.
536 1905 579 1947 Si
609 1907 801 1958 respectu
828 1904 1068 1958 praedicati,
1099 1903 1157 1944 sic
1184 1906 1245 1944 est

216 1990 363 2019 sensus
383 1991 391 2018 z
414 1977 547 2018 Filius
569 1980 630 2018 est
657 1977 789 2028 Deus,
815 1977 903 2018 sive
927 1976 1159 2017 substantia
1178 1976 1245 2016 di-

216 2050 316 2090 vina
334 2050 558 2101 nascendo,
580 2050 638 2090 ita
653 2050 764 2102 quod
780 2049 906 2097 nasei,
924 2049 1012 2089 sive
1028 2048 1242 2099 nativitas,

217 2121 272 2162 sit
301 2121 557 2175 principium
578 2122 667 2162 sive
692 2121 813 2174 origo
836 2120 1002 2161 deitatis
1017 2152 1026 2169 ,
1045 2123 1085 2160 et
1104 2120 1149 2160 in
1167 2119 1246 2159 hoc

218 2205 343 2234 sensu
365 2196 427 2234 est
448 2193 565 2234 falsa.
585 2192 786 2246 Magister
812 2196 956 2233 tamen
981 2192 1105 2232 istam
1123 2191 1246 2232 locu-

218 2265 378 2306 tionem
390 2277 477 2305 non
492 2265 729 2317 distinguit,
749 2265 819 2305 sed
838 2263 1085 2317 simpliciter
1101 2275 1246 2304 conce-

221 2336 302 2386 dit3
328 2339 368 2376 et
393 2337 492 2377 satis
510 2336 802 2389 probabiliter,
823 2336 1027 2389 quoniam
1048 2334 1248 2388 praedicta

221 2407 429 2448 distinctio
447 2420 535 2448 non
555 2408 725 2449 videtur
745 2408 900 2448 habere
923 2407 1122 2447 radicem.
1142 2405 1247 2446 Cum

222 2479 335 2519 enim
373 2479 633 2531 gerundium
679 2481 828 2520 natum
872 2479 925 2519 sit
969 2477 1249 2519 determinare

222 2550 570 2604 compositionem
603 2551 726 2604 (quia
754 2551 928 2591 omnino
956 2550 1063 2590 nihil
1092 2552 1153 2590 est
1185 2548 1251 2589 di-

222 2634 330 2674 cere,
348 2622 465 2665 homo
486 2622 720 2673 nascendo,
742 2625 782 2663 et
799 2622 1079 2676 hujusmodi),
1097 2625 1250 2662 etcum

224 2693 470 2746 compositio
486 2695 700 2747 praedicati
719 2694 808 2735 sive
828 2695 1036 2745 essentiae,
1056 2694 1144 2734 sive
1164 2704 1251 2733 om-

224 2765 346 2806 nium
357 2766 754 2818 quaeattribuuntur
761 2766 882 2816 Filio,
893 2766 1147 2807 conveniant
1156 2766 1253 2805 sub-

221 2839 331 2889 jecto
355 2850 428 2890 per
447 2838 730 2890 nativitatem,
751 2839 844 2880 ideo
869 2839 995 2880 habet
1012 2838 1250 2879 veritatem.

228 2907 312 2949 Nec
346 2909 487 2950 valent
517 2910 771 2962 obJectiones
803 2911 848 2950 in
884 2910 1143 2951 contrarium
1179 2909 1255 2950 ad-

229 2980 391 3031 ductae,
425 2981 525 3033 quia
555 2981 752 3022 nativitas
781 2994 868 3022 non
900 2981 1123 3034 distinguit
1151 2980 1255 3021 illud

229 3052 342 3104 quod
361 3064 436 3104 per
454 3052 718 3094 nativitatem
737 3053 932 3104 habetur,
955 3054 1042 3095 sive
1061 3053 1175 3107 quod
1195 3055 1257 3094 est

231 3120 276 3160 in
291 3124 509 3173 nascente3
532 3123 603 3164 sed
621 3135 720 3163 eum
750 3122 910 3174 solum,
932 3123 1006 3176 qui
1034 3123 1222 3163 nascitur
1245 3136 1255 3162 ε

233 3194 274 3232 et
292 3192 386 3233 ideo
404 3205 491 3234 non
504 3194 694 3247 sequitur
710 3193 824 3247 quod
844 3194 1079 3235 substantia
1098 3194 1150 3235 sit
1169 3193 1258 3234 dis-

234 3264 379 3313 tincta,
401 3277 477 3305 nec
496 3266 609 3318 quod
627 3266 718 3319 ipsa
736 3268 946 3317 nascatur,
967 3267 1165 3319 quamvis
1183 3277 1259 3319 per

236 3336 553 3388 generationem
570 3337 791 3379 habeatur.

484 3639 582 3669 ΤΟΜ.
611 3638 642 3667 1.

2251 236 2327 275 305

1726 364 1816 392 DUB.
1848 363 1908 391 ΙΙΙ.

1506 451 1576 482 Nec
1596 449 1697 482 Filius
1716 450 1889 482 nativitate
1905 448 2050 481 essentia
2067 451 2128 480 est.

1359 536 1532 579 Videtur
1547 536 1701 577 falsum
1720 537 1871 585 dicere,
1889 535 1990 588 quia
2009 547 2107 575 cum
2122 535 2330 575 nascendo

1307 610 1359 650 sit
1377 609 1555 650 essentia
1572 641 1581 658 ,
1606 609 1695 661 pari
1718 610 1879 650 ratione
1899 608 2068 650 videtur
2091 606 2205 660 quod
2223 607 2333 647 nati-

1307 680 1433 722 vitate
1456 695 1464 721 :
1493 683 1533 720 et
1549 680 1630 720 hoc
1658 680 1826 722 videtur
1846 692 1921 733 per
1943 678 2235 720 auctoritatem
2256 676 2333 717 Hi-

1307 752 1400 793 larii
1418 752 1463 792 in
1480 751 1632 792 littera.

1362 823 1484 876 Resp.
1518 822 1750 863 Dicendum
1775 823 1889 875 quod
1920 822 2078 874 absque
2103 820 2231 862 dubio
2256 821 2336 860 ista

1310 898 1371 936 est
1392 894 1691 946 distinguenda
1712 908 1721 934 ε
1750 909 1769 932 «
1788 893 1921 934 Filius
1947 893 2167 935 nativitate
2190 894 2254 932 est
2273 891 2337 931 di-

1309 967 1410 1009 vina
1425 966 1618 1015 essentia,
1634 980 1653 1004 ))
1670 965 1771 1018 quia
1780 965 1988 1006 ablativus
1999 966 2133 1017 potest
2150 963 2337 1004 construi

1310 1039 1355 1079 in
1376 1038 1537 1079 ratione
1556 1038 1719 1087 formae,
1738 1036 1805 1078 vel
1818 1037 1862 1076 in
1882 1036 2042 1076 ratione
2062 1034 2271 1088 principii.
2295 1033 2339 1074 Si

1311 1110 1357 1150 in
1371 1110 1533 1150 ratione
1551 1110 1714 1158 formae,
1738 1108 1796 1148 sic
1810 1110 1870 1148 est
1886 1107 2002 1158 falsa,
2023 1107 2124 1159 quia
2141 1105 2339 1146 nativitas

1311 1194 1399 1223 non
1434 1185 1495 1223 est
1524 1194 1649 1222 causa
1678 1180 1867 1221 formalis
1902 1181 2095 1232 respectu
2127 1176 2340 1230 praedicati

1312 1253 1557 1295 essentialis.
1580 1253 1623 1294 Si
1641 1252 1687 1293 in
1706 1252 1866 1293 ratione
1886 1249 2107 1304 principii,
2131 1249 2190 1289 sic
2215 1248 2341 1288 habet

1311 1326 1548 1375 veritatem,
1567 1325 1668 1378 quia
1682 1324 1824 1365 omnia
1839 1334 1935 1376 quae
1948 1321 2206 1363 conveniunt
2218 1319 2338 1370 Filio,

1313 1394 1572 1436 conveniunt
1597 1393 1635 1434 ei
1660 1405 1734 1446 per
1754 1390 1988 1432 nativitatis
2008 1389 2235 1442 originem.
2260 1388 2341 1429 Sed

1314 1465 1527 1518 Magister,
1551 1465 1651 1518 quia
1669 1463 1818 1516 accipit
1835 1461 2095 1515 gerundium
2116 1461 2160 1500 in
2181 1460 2342 1500 ratione

1314 1537 1536 1591 principii,
1573 1537 1667 1577 ideo
1705 1547 1803 1575 cum
1849 1532 2058 1586 gerundio
2098 1530 2343 1584 simpliciter

1315 1608 1523 1657 concedit3
1551 1610 1592 1648 et
1620 1606 1720 1659 quia
1750 1605 1900 1657 accipit
1930 1603 2167 1644 ablativum
2198 1602 2243 1642 in
2270 1614 2344 1642 ra-

1314 1681 1428 1721 tione
1457 1680 1604 1721 formae
1621 1711 1631 1730 ,
1654 1678 1748 1719 ideo
1769 1688 1867 1717 cum
1895 1674 2079 1716 ablativo
2102 1671 2345 1726 simpliciter

1315 1754 1444 1804 negat
1465 1764 1475 1791 ε
1495 1750 1632 1803 magis
1651 1749 1765 1790 enim
1779 1747 1942 1801 judicat
1959 1745 2193 1787 secundum
2218 1755 2344 1784 usum

1316 1823 1543 1876 loquendi,
1589 1833 1719 1875 quam
1753 1818 1987 1861 secundum
2020 1817 2223 1859 virtutem
2257 1827 2347 1856 ser-

1317 1895 1468 1935 monis.

1739 1975 1831 2004 DUB.
1860 1975 1919 2004 iv.

1316 2060 1393 2091 Non
1409 2058 1518 2099 enim,
1535 2059 1615 2098 etc.,
1635 2065 1696 2097 per
1712 2055 1954 2095 defectionem,
1986 2055 2043 2085 aut
2061 2050 2321 2094 protensionem
2334 2074 2348 2092 ,

1668 2106 1725 2136 aut
1743 2102 1999 2136 derivationem.

1373 2186 1590 2238 Quaeritur
1608 2198 1694 2239 quo
1713 2184 1838 2225 modo
1855 2183 2050 2224 differant
2067 2181 2138 2222 illa
2156 2180 2254 2222 tria.

1374 2260 1497 2312 Resp.
1518 2257 1698 2308 Quidam
1716 2257 1863 2297 dicunt
1881 2255 1939 2295 sic
1953 2285 1962 2303 ,
1988 2252 2100 2306 quod
2118 2264 2192 2305 per
2210 2251 2348 2292 defec-

1320 2332 1480 2373 tionem
1512 2329 1759 2383 producitur
1796 2326 1954 2380 aliquid
1983 2325 2034 2365 de
2064 2322 2240 2364 materia
2273 2334 2347 2375 per

1321 2404 1469 2444 formae
1489 2401 1794 2456 praeexistentis
1812 2397 2125 2450 corruptionem
2138 2427 2148 2444 ,
2171 2394 2277 2434 sicut
2295 2405 2349 2434 ex

1323 2487 1458 2528 grano
1492 2472 1696 2514 frumenti
1730 2471 1880 2520 lierba3
1919 2480 1994 2522 per
2035 2465 2349 2521 protensionem

1323 2545 1569 2600 producitur
1587 2543 1745 2596 aliquid
1770 2554 1844 2596 per
1871 2537 2184 2594 praeexistentis
2203 2537 2351 2577 formae

1325 2616 1675 2671 permanentiam,
1697 2618 1737 2655 et
1751 2612 2039 2654 inductionem
2056 2610 2204 2650 formae
2223 2607 2352 2648 artifi-

1325 2690 1462 2738 cialis,
1487 2689 1592 2729 sicut
1620 2698 1695 2728 vas
1723 2686 1772 2726 fit
1790 2685 1840 2725 de
1860 2685 2060 2736 argento;
2089 2692 2164 2734 per
2192 2679 2353 2720 deriva-

1326 2762 1487 2802 tionem
1505 2793 1515 2810 ,
1544 2758 1658 2812 quod
1678 2755 1924 2810 producitur
1948 2765 2023 2807 per
2049 2750 2355 2805 praeexistentis

1326 2834 1474 2874 formae
1493 2828 1829 2885 permanentiam
1851 2826 1939 2867 sola
1957 2824 2078 2865 locali
2097 2821 2352 2870 mutatione,

1328 2909 1377 2947 ut
1404 2905 1522 2945 rivus
1550 2916 1604 2944 ex
1630 2902 1767 2951 fonte,
1802 2902 1843 2939 et
1869 2897 1984 2938 lacus
2011 2908 2065 2936 ex
2090 2895 2198 2935 rivo.
2226 2893 2357 2933 Aliter

1329 2979 1464 3030 potest
1476 2975 1572 3027 dici,
1586 2973 1698 3027 quod
1710 2969 1923 3011 materiale
1934 2966 2193 3021 principium
2205 2977 2259 3006 ex
2270 2976 2355 3017 quo

1329 3062 1396 3090 res
1416 3051 1499 3098 est,
1523 3049 1597 3086 aut
1622 3047 1682 3085 est
1707 3040 1944 3090 materiale,
1979 3041 2019 3079 et
2042 3037 2252 3078 transiens
2271 3036 2358 3076 for-

1331 3120 1512 3167 maliter,
1537 3121 1578 3158 et
1595 3116 1652 3156 sic
1671 3117 1732 3155 est
1748 3112 1944 3161 defecti03
1964 3112 2039 3151 aut
2051 3111 2113 3150 est
2125 3107 2356 3156 materiale,

1332 3195 1373 3234 et
1398 3199 1652 3245 permanens
1668 3218 1678 3236 ,
1700 3188 1740 3226 et
1762 3184 1820 3225 sie
1847 3185 1908 3224 est
1932 3180 2166 3235 protensi03
2196 3181 2270 3220 aut
2299 3178 2361 3218 est

1333 3261 1564 3311 materiale,
1586 3261 1626 3300 et
1644 3265 1911 3312 permanenS,
1934 3256 1974 3295 et
1993 3264 2141 3306 agens,
2165 3252 2207 3291 et
2225 3250 2282 3289 sic
2301 3250 2362 3288 est

1335 3332 1540 3377 derivatio
1574 3346 1583 3372 z
1618 3332 1659 3371 et
1684 3329 1842 3370 horum
1872 3325 2068 3378 exempla
2097 3325 2196 3364 sunt
2223 3318 2362 3361 mani-

1335 3409 1453 3449 festa.

2183 3608 2236 3646 20
