2613 3990
109 3092 153 3118 An
168 3091 218 3117 viri

81 3133 178 3167 sancti,
193 3135 220 3159 et

84 3174 221 3201 Ecclesiae

100 3216 208 3251 praelati

82 3257 159 3290 deut,
178 3257 221 3283 vel

81 3299 148 3325 dare
161 3307 223 3333 pos·

82 3340 137 3367 sint
163 3340 223 3375 Spi-

238 278 315 316 230
997 276 1409 319 SENTENTIARUM
1437 277 1535 319 LlB.
1569 278 1598 319 I.

233 365 349 409 libro
369 365 422 409 de
442 368 694 424 Trinitatem
716 368 776 411 ita
789 367 934 410 dicens
957 383 965 410 :
988 384 1009 409 «
1024 367 1237 410 Eumdem
1257 366 1470 426 Spiritum
1488 374 1683 412 sanctum
1703 368 1870 424 datum,
1891 383 1991 412 cum
2006 369 2267 416 insufflasset
2283 372 2352 416 Je-

237 457 325 497 suS,
348 442 400 486 de
419 459 506 503 quo
528 460 627 489 mox
648 445 708 488 ait
733 461 741 487 :
765 446 845 496 Ite,
870 444 1093 503 baptizate
1112 459 1260 487 omnes
1281 453 1427 503 qentcs
1448 446 1493 488 in
1514 446 1691 489 nomine
1710 445 1872 499 Patris,
1898 453 1938 489 et
1958 445 2078 499 Filii,
2102 455 2141 489 et
2163 448 2352 506 Spiritus

236 521 394 573 sancti,
428 522 649 579 ambigere
682 536 769 565 non
804 521 1027 565 debemus.
1052 522 1144 580 Ipse
1166 526 1229 564 est
1260 536 1378 579 ergo,
1401 523 1479 581 qui
1499 523 1627 566 etiam
1655 523 1707 566 de
1733 523 1840 567 coelo
1865 523 1991 566 datus
2020 529 2082 566 cst
2106 523 2174 567 die
2200 524 2354 569 Pente-

235 602 382 640 costes.
413 597 640 650 Quomodo
668 612 769 654 crgo
798 597 914 641 Deus
947 613 1034 641 non
1066 605 1149 653 cst,
1184 598 1262 657 qui
1287 599 1359 642 dat
1393 599 1605 658 Spiritum
1647 604 1872 644 sanctum?
1906 601 2044 644 Immo
2070 606 2260 660 quantus
2293 607 2354 645 est

236 675 365 729 Deus,
387 675 463 733 qui
485 676 556 718 dat
580 675 716 717 Deum
730 677 748 717 ⁵?
772 691 792 716 >³
818 674 923 718 Ecce
959 675 1023 718 bis
1048 675 1190 718 verbis
1225 681 1369 734 aperte
1403 676 1505 720 dicit
1525 676 1738 736 Spiritum
1770 684 1992 733 sanctum,
2022 678 2165 737 ipsum
2197 679 2354 722 scilicet

236 753 375 796 Deum
396 753 488 796 dari
509 751 760 795 homiuibus
789 766 813 794 a
844 752 971 796 Patre
991 758 1032 795 et
1051 769 1075 796 a
1095 752 1224 796 Filio.
1256 753 1310 795 Et
1329 753 1445 812 quod
1475 753 1565 811 ipsc
1582 754 1769 812 Spiritus
1789 761 1976 810 sauctus,
2000 755 2077 814 qui
2092 755 2207 799 Deus
2228 760 2289 799 cst
2307 771 2354 799 ac

237 817 360 873 tertia
380 830 425 873 in
445 828 655 872 Trinitate
678 843 876 887 persona,
899 829 1024 872 nohis
1043 829 1185 882 detur,
1208 829 1726 888 nostrisqueinfundatur
1744 837 1873 891 atque
1893 833 2100 876 illabatur
2116 832 2351 886 mentibus,

235 912 380 966 aperte
400 905 586 949 ostendit
605 905 864 949 Ambrosius
884 906 930 949 in
950 906 1090 965 primo
1108 906 1221 950 libro
1241 905 1293 950 dc
1304 907 1475 966 Spiritu
1488 916 1640 951 sancto
1656 918 1684 961 2,
1703 908 1849 952 dicens
1867 926 1875 952 :
1899 909 2051 953 «Licet
2068 909 2195 952 multi
2209 909 2356 952 dican-

236 991 308 1028 tur
327 983 526 1043 spiritus,
550 982 655 1042 quia
674 983 836 1040 legitur
854 1000 862 1026 :
892 983 976 1037 Oui
989 983 1107 1042 facit
1131 984 1307 1043 [mqelos
1326 1000 1423 1028 suos
1443 985 1650 1044 spirz'tzc3,·
1669 1001 1785 1028 unus
1804 991 1866 1029 est
1886 992 2030 1030 tamcn
2051 987 2127 1030 Dei
2148 986 2352 1046 Spiritus,

234 1062 379 1120 Ipsum
400 1075 503 1117 ergo
517 1075 656 1105 uuum
677 1059 892 1120 Spiritum
913 1066 954 1104 et
967 1060 1166 1120 apostoli,
1186 1066 1227 1104 et
1246 1061 1467 1120 prophetae
1484 1068 1586 1105 sunt
1601 1063 1818 1106 consecuti
1836 1080 1845 1118 ;
1869 1064 1979 1107 sicut
1998 1064 2128 1107 ctiam
2144 1064 2231 1109 Vas
2249 1064 2357 1107 clec-

235 1139 362 1182 tionis
387 1138 488 1181 dicit
505 1140 518 1161 ³
543 1154 551 1180 :
579 1138 693 1192 Quia
724 1152 858 1181 unum
894 1138 1111 1198 Spiritum
1126 1139 1378 1198 potavimus
1390 1155 1406 1191 ,·
1435 1140 1559 1198 quasi
1592 1156 1693 1183 eum
1713 1140 1791 1198 qui
1814 1156 1902 1184 non
1929 1147 2059 1200 queat
2089 1142 2252 1197 scindi,
2283 1143 2354 1186 sed

235 1215 495 1259 infundatur
514 1215 687 1271 animis,
711 1220 753 1259 et
773 1215 969 1259 sensibus
988 1215 1212 1270 illabatur,
1235 1221 1285 1260 ut
1305 1217 1525 1260 saecularis
1547 1217 1638 1260 sitis
1667 1218 1907 1275 restinguat
1936 1219 1990 1277 (α)
2021 1219 2219 1263 ardorem
2242 1256 2252 1276 ,
2279 1221 2356 1279 qui

235 1292 424 1352 Spiritus
444 1297 617 1336 sanctus
640 1307 730 1336 non
749 1299 810 1336 est
828 1293 880 1336 de
901 1293 1143 1337 substantia
1160 1308 1308 1337 rerum
1328 1295 1619 1353 corporalium
1641 1309 1720 1337 nec
1737 1294 1790 1338 de
1804 1295 2044 1340 substantia
2064 1297 2355 1341 invisibilium

235 1376 551 1414 creaturarum.
572 1388 594 1412 »
620 1370 699 1413 IIis
722 1370 865 1414 verbis
885 1376 1031 1429 aperte
1052 1370 1155 1414 dicit
1178 1371 1394 1430 Spiritum
1415 1378 1611 1415 sanctum
1633 1372 1800 1430 ipsum,
1834 1372 1911 1431 qui
1941 1379 2138 1417 creatura
2166 1390 2255 1417 non
2276 1380 2351 1427 est,

235 1448 406 1492 infundi
428 1447 647 1492 mentibus
667 1447 840 1491 nostris.
863 1447 971 1491 Item
992 1447 1037 1490 in
1057 1448 1209 1491 eodem
1229 1454 1268 1492 ¹⁴:
1299 1466 1320 1490 t(
1340 1448 1492 1492 Omnis
1511 1455 1706 1493 creatura
1721 1449 1940 1493 mutabilis
1960 1456 2037 1504 est,
2060 1451 2132 1494 sed
2150 1466 2238 1495 non
2260 1467 2357 1495 mu-

235 1526 379 1569 tabilis
399 1525 588 1584 Spiritus
599 1530 786 1569 sanctus.
805 1525 921 1577 Quid
943 1530 1087 1569 autem
1108 1526 1248 1569 dicere
1268 1527 1481 1583 dubitem,
1495 1527 1600 1587 quia
1619 1527 1744 1571 datus
1759 1533 1821 1570 est
1837 1527 2026 1585 Spiritus
2046 1534 2232 1582 sanctus,
2254 1544 2353 1573 cum

235 1603 394 1662 scriptu
402 1619 442 1646 m
457 1603 511 1646 sit
524 1607 536 1628 '⁰'
553 1619 561 1646 ε
578 1602 790 1647 Charitas
799 1603 881 1646 Dec·
895 1602 1062 1662 diffusa
1076 1604 1197 1647 estin
1213 1604 1409 1648 cordibus
1423 1606 1584 1649 nostris
1586 1605 1892 1665 perSpit·itzmt
1905 1613 2124 1658 sanctum,
2140 1606 2212 1664 qui
2225 1605 2354 1650 clatus

239 1690 301 1725 cst
321 1681 443 1725 nobis
462 1685 508 1724 ⁶?
528 1680 727 1733 Quicum
746 1681 800 1724 sit
819 1681 1125 1725 inaccessibilis
1145 1687 1319 1737 natura,
1334 1683 1596 1741 receptibilis
1616 1689 1760 1727 tamen
1781 1689 1956 1742 propter
1972 1683 2209 1726 bonitatem
2228 1698 2353 1727 suam

236 1759 361 1802 nobis
375 1764 457 1813 est,
476 1758 763 1817 complectens
782 1758 943 1802 virtute
961 1759 1122 1814 omnia,
1145 1759 1216 1802 sed
1233 1760 1308 1818 qui
1324 1760 1426 1803 solis
1437 1760 1719 1819 participetur
1731 1761 1883 1819 justis;
1901 1761 2085 1819 simplex
2099 1760 2353 1815 substantia,

235 1836 417 1895 opulens
437 1835 688 1890 virtutibus,
705 1835 945 1894 unicuique
957 1850 1161 1894 praesens,
1177 1836 1376 1880 dividens
1392 1837 1444 1880 de
1465 1853 1543 1881 suo
1559 1837 1744 1895 singulis
1758 1843 1788 1893 ⁷,
1803 1843 1844 1882 et
1869 1838 2031 1897 ubique
2053 1841 2208 1882 totus⁸.
2225 1838 2360 1881 Iucir-

233 1913 415 1956 cumscri
420 1918 519 1972 ptus
537 1928 639 1970 ergo
662 1918 702 1956 et
716 1912 917 1956 infinitus
929 1918 990 1957 est
1005 1913 1194 1972 Spiritus
1204 1920 1393 1969 sanctus,
1410 1914 1810 1974 quidiscipulorum
1822 1931 1972 1959 sensus
1983 1920 2278 1973 separatorum
2293 1915 2360 1958 in-

233 1990 362 2045 fudit,
386 2006 517 2049 quem
537 1990 648 2033 nihil
669 1995 807 2050 potest
826 1990 990 2034 fallere.
1009 1991 1167 2048 Angeli
1186 1991 1240 2035 ad
1257 2007 1416 2051 paucos
1427 1992 1728 2049 mittebantur,
1743 1993 1931 2052 Spiritus
1945 1997 2116 2036 sanctus
2130 1998 2274 2036 autem
2285 2008 2359 2051 po-

234 2068 351 2127 pulis
370 2067 700 2111 infundebatur.
725 2067 832 2120 Quis
851 2083 953 2126 ergo
976 2068 1146 2112 dubitet
1164 2069 1273 2128 quin
1292 2069 1492 2113 divinum
1507 2069 1577 2125 sit,
1594 2070 1712 2129 quod
1728 2070 1976 2114 infunditur
1996 2069 2355 2128 simulpluribus,

233 2161 312 2189 nco
332 2145 535 2189 videtur?
555 2162 575 2187 »
601 2144 727 2189 Unus
746 2150 808 2188 est
827 2160 929 2203 ergo
947 2144 1137 2204 Spiritus
1151 2151 1339 2202 sanctus,
1362 2147 1440 2206 qui
1453 2147 1579 2191 datus
1593 2153 1655 2191 est
1679 2148 1899 2203 omnibus,
1915 2147 2013 2191 licet
2033 2147 2240 2206 separatis
2257 2162 2360 2206 apo-

235 2223 370 2266 stolis.
394 2223 448 2265 Et
467 2222 535 2265 hic
551 2227 696 2281 aperte
722 2221 826 2265 dicit
843 2222 1105 2267 Ambrosius
1137 2224 1254 2283 quod
1281 2223 1471 2284 Spiritus
1488 2230 1684 2280 sanctus,
1708 2225 1784 2284 qui
1806 2231 1868 2268 est
1887 2225 2128 2268 substantia
2154 2224 2355 2283 simplex,

236 2316 335 2345 cum
358 2300 412 2343 sit
432 2315 563 2355 unuS,
586 2299 716 2343 datur
737 2299 955 2358 pluribus.
981 2301 1082 2344 Alia
1100 2317 1276 2361 quoque
1296 2303 1549 2346 auctoritate
1569 2303 1650 2346 hoc
1669 2302 1784 2346 idem
1805 2303 2034 2357 astruitur,
2058 2302 2218 2345 scilicet
2240 2301 2358 2360 quod

239 2378 428 2437 Spiritus
447 2383 635 2433 sanctus,
653 2377 731 2436 qui
751 2382 813 2421 est
826 2379 1008 2437 aequalis
1027 2379 1155 2434 Filio,
1178 2379 1430 2423 hominibus
1445 2380 1587 2423 detur.
1605 2380 1807 2423 Aitenim
1824 2380 2123 2437 Augustinus⁹
2138 2378 2207 2434 ‚dc
2216 2379 2358 2424 verbis

238 2455 435 2510 Domini,
458 2455 517 2498 sic
534 2473 543 2499 ;
562 2474 583 2497 a
604 2455 812 2499 Charitas
834 2456 861 2480 ¹⁰
881 2457 962 2500 Dei
982 2456 1149 2516 diffusa
1167 2465 1229 2500 esc
1242 2459 1291 2502 in
1309 2458 1507 2501 cordibus
1526 2457 1686 2501 nostris
1701 2473 1779 2517 per
1797 2457 2012 2517 :S'piritwn
2034 2465 2262 2509 semotum,
2286 2457 2359 2514 qui

237 2534 372 2577 <lacus
393 2542 454 2577 est
473 2533 610 2577 nobis.
632 2532 671 2576 A
688 2548 775 2592 quo
789 2533 945 2578 datur?
960 2535 1029 2578 Ab
1048 2535 1125 2578 illo
1143 2535 1221 2594 qui
1244 2535 1363 2579 dedit
1387 2535 1502 2579 dona
1531 2535 1798 2579 hominibus,
1828 2536 1936 2587 Quae
1968 2535 2112 2579 dona?
2146 2534 2358 2593 Spiritum

237 2617 457 2666 sanctum;
483 2611 561 2670 qui
579 2611 664 2654 tale
684 2610 850 2654 donum
869 2611 957 2668 dat,
985 2612 1129 2671 qualis
1148 2618 1210 2656 est
1229 2613 1334 2672 ipse.
1358 2613 1517 2671 Magna
1545 2618 1608 2656 est
1633 2612 1930 2656 misericordia
1950 2612 2043 2671 ejus
2068 2628 2077 2654 ε
2101 2612 2266 2655 donum
2286 2611 2359 2653 dat

238 2690 318 2733 sibi
339 2688 525 2748 aequale,
548 2688 652 2747 quia
671 2687 837 2732 donum
858 2689 951 2747 ejus
970 2688 1158 2748 Spiritus
1176 2696 1348 2734 sanctus
1369 2696 1445 2734 est.
1468 2708 1490 2732 ))
1516 2690 1754 2734 Praemissis
1774 2690 1840 2733 his
1860 2695 1901 2733 et
1920 2690 2016 2733 aliis
2036 2689 2238 2748 pluribus
2258 2702 2358 2730 auc-

240 2766 502 2821 toritatibus,
525 2771 670 2825 aperte
690 2771 958 2809 monstratur
971 2767 1088 2826 quod
1108 2766 1297 2826 Spiritus
1319 2773 1491 2812 sanctus
1511 2768 1694 2827 aequalis
1713 2767 1833 2810 Patri
1853 2773 1894 2810 et
1916 2767 2028 2810 Filio
2049 2766 2175 2810 nohis
2193 2765 2323 2809 datur
2344 2781 2354 2808 ε

241 2858 316 2888 nec
336 2844 431 2888 ideo
453 2849 595 2887 tamen
624 2843 769 2887 minor
789 2849 851 2886 est
868 2844 996 2888 Patre
1015 2851 1056 2888 et
1075 2845 1206 2889 Filio.
1231 2845 1357 2889 Unde
1380 2846 1655 2903 Augustinus
1675 2851 1717 2901 ¹¹,
1740 2845 1786 2888 in
1811 2849 1967 2904 quarto
1995 2844 2107 2888 libro
2134 2842 2186 2887 de
2218 2845 2252 2886 T
2249 2842 2357 2886 rini-

243 2929 333 2963 tate
350 2955 360 2975 ,
377 2921 435 2964 ait
459 2937 467 2963 :
496 2937 516 2961 «
536 2920 634 2964 Non
653 2920 766 2976 ideo,
791 2920 952 2980 inquit,
977 2922 1190 2965 minorem
1212 2922 1425 2982 Spiritum
1451 2930 1670 2978 sanctum,
1692 2922 1797 2981 quia
1823 2927 1865 2966 et
1888 2936 1990 2966 eum
2020 2921 2149 2965 Pater
2172 2919 2289 2963 misit
2317 2925 2358 2964 et

243 2998 396 3053 Filius,
420 2998 722 3042 arbitrandum
741 3003 818 3042 est.
842 3015 864 3039 »

299 3075 380 3118 Hic
399 3075 628 3134 quaeritur,
651 3081 803 3119 utrum
822 3080 863 3119 et
882 3076 967 3119 viri
984 3077 1121 3120 sancti
1143 3076 1245 3120 dent
1266 3078 1334 3121 vel
1354 3077 1517 3136 possint
1531 3078 1633 3121 dare
1646 3077 1743 3121 aliis
1757 3077 1971 3137 Spiritum
1985 3081 2195 3120 sanctum.
2216 3074 2356 3128 Quem

241 3154 276 3196 si
295 3153 393 3197 aliis
412 3153 530 3205 dant,
553 3168 653 3197 cum
673 3154 766 3212 ejus
784 3153 960 3198 donatio
979 3169 1112 3214 supra
1131 3154 1186 3198 sit
1199 3154 1312 3198 dicta
1322 3155 1550 3214 processio,
1572 3154 1748 3199 videtur
1767 3155 1821 3199 ab
1839 3155 1898 3198 eis
1919 3153 2146 3213 procedere
2167 3153 2360 3212 Spiritus

242 3236 430 3286 sanctus,
452 3231 521 3273 vcl
546 3230 658 3274 mitti
680 3247 688 3273 :
706 3230 779 3274 sed
799 3230 976 3276 Creator
995 3247 1020 3275 a
1039 3237 1236 3276 creatura
1255 3248 1342 3276 non
1365 3232 1552 3276 mittitur
1570 3233 1638 3276 vel
1659 3232 1850 3292 procedit
1874 3248 1883 3275 :
1906 3236 2036 3275 restat
2055 3245 2158 3287 ergo
2180 3236 2230 3274 ut
2260 3229 2359 3289 Spi-

244 3309 378 3352 ritum
398 3313 595 3352 sanctum
612 3308 693 3367 ipsi
709 3324 798 3353 non
816 3308 920 3353 dent
938 3344 948 3364 ‚
974 3324 1053 3353 nec
1084 3310 1251 3369 possint
1276 3310 1393 3354 dare.
1417 3310 1543 3354 Unde
1564 3310 1840 3367 Augustinus
1860 3310 1903 3364 ¹²,
1931 3308 1978 3351 in
2006 3308 2159 3367 quinto
2191 3308 2358 3353 decimo

288 3459 297 3480 ¹
313 3459 410 3499 Aug„
422 3457 461 3489 de
482 3456 654 3498 Trin.‚lib.
670 3457 740 3499 XV,
756 3467 785 3489 c.
799 3466 893 3499 XXVI,
905 3468 939 3491 n.
955 3460 1078 3491 46.-2
1092 3460 1222 3501 ΑωῙ)Γ.,
1241 3460 1281 3492 (le
1295 3461 1386 3501 Spir.
1403 3460 1535 3501 Sancto,
1551 3460 1611 3491 lib.
1634 3462 1659 3501 Ι,
1677 3470 1705 3492 c.
1724 3467 1756 3492 lv
1771 3462 1803 3492 et
1821 3467 1854 3497 V,
1867 3468 1901 3490 n.
1918 3460 1969 3499 53,
1988 3461 2027 3491 54
2045 3461 2078 3491 et
2097 3461 2194 3491 55.—
2209 3457 2358 3495 ⁸1Co›·.,

244 3513 277 3545 x,
295 3506 325 3537 4.
345 3523 380 3527 —
396 3505 553 3546 bAmbr„
567 3505 606 3536 cle
622 3505 711 3545 Spir.
728 3505 778 3545 S„
795 3505 852 3536 lib.
874 3507 902 3546 1,
924 3516 954 3537 c.
976 3514 1008 3546 v,
1028 3516 1061 3538 n.
1080 3509 1118 3539 57
1140 3511 1169 3539 et
1190 3510 1285 3540 ῖ,9.-
1301 3508 1434 3548 5Βοηι.,
1451 3515 1484 3546 v,
1501 3508 1604 3540 5.—⁶
1618 3507 1749 3548 Ambr.,
1765 3505 1861 3546 ibid„
1877 3515 1912 3536 u.
1929 3508 1980 3538 (55.
1996 3507 2087 3538 —71
2111 3507 2203 3546 Corn,
2226 3512 2288 3544 xu,
2303 3506 2354 3535 11.

243 3551 310 3574 —8
327 3552 457 3592 Ambr,
477 3551 573 3592 ibid„
594 3561 630 3583 n.
648 3553 698 3583 76.
715 3569 753 3574 —
776 3551 790 3573 9
805 3556 904 3593 Aug„
927 3552 965 3583 de
986 3552 1073 3584 verb.
1102 3554 1193 3587 Dom.
1216 3563 1318 3586 serm.
1339 3562 1413 3586 [ΑΗ.
1435 3571 1476 3577 -
1508 3555 1534 3577 ¹⁰
1555 3556 1654 3597 Rom.
1677 3563 1708 3596 v,
1737 3557 1765 3586 5.
1794 3570 1834 3576 -
1860 3554 1884 3573 '¹
1915 3553 2013 3593 Aug„
2031 3553 2070 3584 (Ze
2091 3554 2193 3591 Trin„
2217 3551 2275 3583 lib.
2300 3550 2355 3590 lV,

247 3600 476 3638 c.xx1‚n.32.
501 3616 539 3622 —
553 3600 581 3621 ¹2
596 3598 695 3640 ibid„
708 3598 766 3630 lib.
781 3599 851 3640 XV,
867 3607 897 3630 c.
915 3607 1010 3640 xxm,
1027 3609 1062 3631 n.
1084 3603 1134 3633 26.
1157 3619 1196 3625 -
1218 3601 1259 3642 (α)
1282 3601 1372 3633 Edit.
1400 3602 1476 3633 Ven.
1500 3601 1691 3643 restringat.
