2570 3986
1060 298 1149 357 DE
1203 292 1540 355 SCRIPTIS

529 486 972 575 SANCTI
1082 479 2058 566 BONAVENTURAE

837 697 901 721 VEL
926 696 1007 724 Qlsffi‘,
1030 694 1137 718 EIDEM
1160 690 1769 722 Ql'mlonO(31†MQUl·3ATTRIBUFNTUR

685 803 975 846 DIATRIBA
1025 798 1333 842 EDITORUM
1376 796 1753 840 VENETORUM
1800 797 1917 839 1751.

1207 969 1346 976 ———

296 1155 458 1207 Optime
486 1153 638 1205 jubent
669 1151 770 1192 artis
801 1149 963 1190 critices
984 1147 1124 1201 periti,
1149 1150 1196 1187 ut
1218 1158 1317 1187 cum
1337 1145 1519 1186 aliorum
1544 1147 1822 1185 monumenta
1853 1144 2114 1185 discutienda
2133 1144 2365 1193 sumimus,

242 1238 328 1266 non
347 1225 438 1265 aliis
457 1227 631 1264 utamur
652 1222 840 1271 testibus,
863 1232 995 1273 quam
1014 1219 1087 1271 qui
1109 1218 1207 1257 satis
1224 1217 1345 1257 nobis
1363 1219 1572 1257 vetustate
1599 1217 1763 1268 probati
1786 1220 1898 1257 sunt.
1922 1216 2085 1257 Horum
2105 1219 2247 1257 tamen
2265 1228 2371 1256 auc-

244 1297 397 1338 toritati
418 1308 504 1335 non
530 1297 591 1335 est
623 1293 679 1332 ita
708 1291 1097 1340 adhaerescendum,
1124 1292 1171 1329 ut
1191 1289 1225 1328 si
1251 1289 1353 1329 forte
1375 1300 1474 1328 cum
1497 1287 1763 1339 gravissimis
1785 1288 2017 1328 rationibus
2042 1290 2219 1340 pugnet,
2251 1290 2372 1337 vete-

244 1381 340 1409 rum
362 1368 503 1420 potius
521 1365 784 1414 testimonio,
807 1375 936 1416 quam
961 1361 1204 1402 clarissimis
1236 1359 1670 1401 demonstrationibus
1691 1370 1911 1399 assensum
1942 1359 2238 1399 exhibeamus,
2264 1358 2373 1399 Fieri

244 1443 352 1480 certe
375 1437 601 1491 aliquando
630 1438 786 1489 potest,
811 1438 857 1475 ut
877 1434 929 1484 ii,
951 1433 1024 1485 qui
1048 1432 1232 1485 Operum
1253 1431 1497 1483 catalogum
1521 1432 1853 1477 contexuerunt,
1875 1432 1948 1469 aut
1971 1430 2112 1469 omnia
2127 1462 2136 1478 ,
2160 1442 2255 1482 quae
2279 1442 2374 1470 me-

245 1512 389 1552 moriae
409 1510 573 1564 prodita
593 1511 707 1558 sunt,
726 1507 976 1560 neutiquam
1000 1503 1313 1557 conspexerint,
1337 1507 1411 1543 aut
1429 1516 1452 1543 a
1473 1503 1618 1542 minus
1638 1501 1771 1542 cautis
1791 1500 2073 1553 Scriptoribus
2090 1501 2224 1541 delusi
2249 1502 2373 1553 plane

245 1583 416 1623 fuerint.
448 1581 493 1621 ld
522 1580 693 1633 quidem
716 1579 952 1620 multorum
974 1577 1169 1630 exemplo
1201 1576 1476 1629 comprobare
1508 1586 1760 1628 1105500105,
1785 1573 1860 1626 qui
1882 1585 1980 1612 cum
2009 1572 2128 1613 facile
2154 1573 2374 1613 crederent

245 1654 410 1703 omnia,
437 1664 533 1706 quae
561 1651 606 1692 111
629 1650 846 1692 Schedulis
878 1652 1016 1691 essent
1042 1648 1216 1701 scripta,
1252 1646 1472 1699 complura
1500 1645 1647 1686 litteris
1677 1645 1955 1694 mandarunt,
1988 1654 2085 1696 quae
2117 1644 2235 1684 nulla
2268 1644 2374 1685 vidit

247 1728 362 1766 aetas.

301 1795 538 1848 Peroptime
556 1793 653 1834 inde
665 1793 886 1846 jubemur,
909 1793 955 1831 ut
978 1791 1012 1831 si
1033 1802 1132 1831 cum
1154 1789 1241 1830 suis
1262 1787 1706 1839 demonstrationibus,
1722 1787 1890 1838 falsum,
1914 1789 1988 1827 aut
2004 1798 2157 1827 verum
2175 1786 2375 1838 detegant

247 1867 514 1916 recentiores,
540 1865 755 1918 jubemur,
776 1864 969 1916 inquam,
991 1864 1039 1902 ut
1061 1863 1255 1903 veterum
1276 1860 1478 1901 continuo
1499 1859 1793 1900 auctoritatem
1813 1859 2091 1907 dimittamus,
2117 1870 2166 1898 ac
2184 1861 2374 1898 nostram

247 1938 551 1980 recentioribus
578 1936 706 1978 fidem
737 1947 910 1976 omnem
935 1935 1183 1975 habeamus.
1209 1932 1472 1985 Quapropter
1489 1943 1617 1972 nemo
1638 1931 1714 1978 sit,
1739 1931 1812 1984 qui
1840 1943 1918 1971 nos
1937 1932 2106 1982 arguat,
2128 1930 2241 1982 quod
2264 1929 2374 1969 anti-

249 2021 432 2063 quorum
461 2007 699 2061 posthabita
730 2006 982 2056 assertione,
1008 2005 1059 2045 ad
1078 2004 1251 2045 illorum
1270 2015 1394 2057 opem
1416 2003 1760 2054 confugerimus,
1790 2002 1975 2055 quirem
2004 2013 2198 2052 omnem,
2225 2003 2272 2041 ut
2300 2013 2375 2053 par

249 2084 351 2132 erat,
376 2078 696 2132 diligentissime
718 2078 1034 2119 examinarunt.
1057 2076 1174 2118 Clara
1195 2078 1304 2116 certe
1326 2075 1370 2114 in
1392 2075 1472 2115 1100
1493 2077 1553 2114 est
1573 2074 1847 2127 experientia,
1871 2074 1984 2127 quod
2010 2073 2170 2113 facilius
2191 2072 2236 2112 in
2259 2084 2376 2113 erro-

249 2165 339 2193 rem
371 2164 395 2192 a
428 2150 608 2191 credulis
630 2150 903 2202 scriptoribus
933 2148 1199 2198 inducimur,
1224 2159 1354 2200 quam
1375 2147 1427 2187 ab
1450 2146 1522 2195 iis,
1551 2146 1625 2199 qui
1657 2158 1724 2186 res
1745 2157 1891 2185 omnes
1926 2145 1977 2185 ad
2011 2148 2168 2185 certam
2198 2144 2377 2184 rationis

249 2235 445 2264 normam
475 2224 596 2262 caute
629 2221 910 2274 perpendunt.
933 2220 1188 2273 Quanquam
1216 2219 1261 2258 in
1292 2219 1449 2259 horum
1478 2229 1660 2258 numero
1690 2216 1912 2257 habendus
1944 2228 2032 2256 non
2066 2216 2119 2256 sit
2149 2215 2376 2256 Casimirus

251 2294 463 2344 Oudinus,
486 2293 553 2332 vir
582 2293 754 2345 quidem
786 2292 909 2332 malae
938 2291 1056 2342 fidei,
1087 2291 1159 2331 sed
1191 2291 1236 2330 in
1269 2290 1397 2330 rebus
1427 2289 1539 2329 hisce
1571 2301 1658 2329 non
1687 2288 1836 2329 leviter
1867 2288 2078 2338 eruditus,
2103 2300 2201 2328 cum
2232 2289 2375 2327 tamen

249 2365 377 2417 longe
398 2364 641 2416 diligentius
661 2362 971 2404 Bonaventurae
993 2363 1147 2416 scripta
1168 2361 1430 2410 eventilarit‚
1453 2373 1582 2414 quam
1604 2360 1859 2402 Octavianus
1881 2373 1906 2400 a
1928 2359 2138 2409 Martinis,
2164 2358 2377 2399 Marianus

250 2436 531 2484 Florentinus,
555 2434 721 2475 Marcus
741 2434 1089 2488 Olyssiponensis,
1112 2433 1261 2474 Petrus
1281 2432 1518 2473 Galesinius
1531 2466 1540 2484 ,
1559 2433 1606 2472 fit
1624 2432 1736 2484 inde,
1757 2436 1805 2473 ut
1825 2432 1991 2474 Oudino
2008 2431 2220 2479 libentiuS,
2241 2442 2371 2483 quam

249 2507 429 2548 laudatis
449 2506 834 2547 nomenclatoribus
854 2518 976 2547 aures
994 2508 1158 2546 nostras
1181 2505 1475 2545 exhibeamus.
1500 2504 1588 2545 Hoc
1611 2516 1710 2544 cum
1731 2504 1934 2553 dicimus,
1956 2515 2041 2543 1100
2061 2503 2119 2543 ita
2141 2502 2272 2555 accipi
2301 2514 2378 2542 vo—

251 2579 416 2628 lumus,
440 2579 559 2631 quasi
587 2578 741 2619 Oudini
759 2578 969 2630 Judicium
992 2578 1050 2618 ita
1083 2577 1335 2630 probemUS,
1360 2580 1408 2616 ut
1437 2576 1542 2616 nihil
1577 2588 1706 2628 supra
1733 2576 1838 2616 illud
1867 2575 2101 2616 habeamus
2127 2589 2135 2614 :
2160 2586 2262 2614 nam
2292 2576 2378 2614 esto

257 2651 470 2692 Oudinum
498 2650 542 2689 111
572 2649 720 2690 multis
744 2649 952 2689 fuerimus
978 2649 1229 2698 consectati,
1255 2649 1299 2688 in
1318 2648 1510 2701 pluribus
1532 2650 1676 2688 tamen
1702 2646 1864 2688 Oudino
1888 2646 2098 2687 adversati
2124 2657 2276 2685 sumus
2294 2677 2304 2696 ,
2335 2649 2381 2687 ut

257 2722 364 2762 nihil
394 2721 579 2762 inultum
608 2720 957 2773 impunitumque
983 2720 1286 2761 dimiserimus,
1314 2719 1475 2771 Verbo,
1504 2731 1602 2759 cum
1628 2719 1681 2759 ad
1708 2718 1928 2760 veritatem
1949 2717 2137 2769 loquitur
2160 2715 2352 2758 Oudinus
2368 2749 2378 2767 ‚

257 2796 348 2833 tum
376 2793 498 2833 illum
527 2792 817 2833 lubentissime
843 2791 1165 2845 amplectimur-3
1190 2803 1290 2831 cum
1316 2791 1367 2831 ad
1393 2791 1615 2831 falsitatem
1631 2822 1641 2841 ,
1664 2793 1757 2830 tum
1778 2789 1925 2842 procul
1946 2802 1970 2829 a
1989 2788 2112 2828 nobis
2140 2789 2377 2841 abjicimus.

259 2864 452 2905 Veritatis
472 2864 586 2904 00101
605 2876 703 2904 01101
723 2865 855 2903 simus
874 2863 1057 2904 cultores
1072 2895 1081 2911 ,
1103 2876 1153 2903 ea
1170 2863 1377 2903 duntaxat
1396 2873 1664 2915 summopere
1681 2861 1998 2914 prosequimur,
2018 2872 2115 2913 quae
2134 2872 2212 2900 nos
2231 2860 2273 2900 in
2293 2860 2382 2901 veri

258 2935 543 2987 cognitionem
566 2935 742 2976 ducunt.

312 3007 384 3048 Est
401 3007 530 3047 altera
548 3006 699 3057 regula
711 3038 721 3056 ,
741 3017 837 3058 quae
856 3005 1036 3056 inhibet,
1058 3018 1111 3046 ne
1128 3005 1247 3058 prius
1267 3005 1318 3046 de
1336 3005 1499 3058 scriptis
1517 3004 1664 3045 alienis
1680 3003 1892 3057 Judicium
1910 3003 2111 3054 feramus,
2133 3015 2263 3055 quam
2283 3014 2384 3043 auc-

260 3079 360 3120 toris
387 3077 611 3130 ingenium
628 3109 638 3127 ,
670 3077 855 3117 indolem
872 3108 882 3126 ‚
911 3079 1037 3129 atque
1063 3076 1298 3117 doctrinam
1318 3076 1715 3130 introspexerimus.
1744 3074 1972 3115 Paruimus
1999 3074 2099 3115 huic
2118 3074 2385 3114 eruditorum

259 3149 420 3190 monito
437 3181 447 3200 ,
471 3160 549 3188 nec
567 3151 662 3188 ante
676 3148 966 3201 J'udicavimus
981 3179 991 3199 ,
1017 3160 1146 3201 quam
1166 3146 1208 3188 S.
1228 3147 1536 3189 Bonaventurae
1555 3149 1757 3187 tractatus
1771 3178 1781 3198 ,
1803 3159 1910 3199 quos
1927 3145 2066 3187 omnis
2086 3144 2315 3198 antiquitas
2329 3144 2384 3185 le-

260 3221 432 3273 gitimos
447 3222 562 3260 tenet
577 3251 587 3269 ,
609 3219 681 3259 diu
697 3252 706 3270 ,
730 3219 1003 3272 multumque
1022 3219 1446 3260 consideraverimus.
1470 3219 1561 3268 Qua
1580 3230 1634 3259 ex
1651 3218 1820 3258 assidua
1840 3217 2020 3259 lectione
2035 3248 2044 3266 ,
2072 3228 2282 3268 magnum
2304 3228 2385 3256 no-

260 3293 323 3333 bis
341 3292 481 3332 visum
502 3292 582 3331 fuit
601 3290 909 3333 Bonaventurae
929 3292 1155 3350 ingenium
1174 3307 1184 3343 ;
1212 3293 1263 3333 ad
1289 3291 1566 3343 cogitandum
1586 3301 1675 3330 non
1695 3292 1888 3330 retusum
1903 3321 1912 3338 ,
1935 3288 2005 3329 sed
2026 3290 2199 3328 acutum
2216 3300 2225 3337 ;
2249 3287 2299 3327 ad
2319 3287 2387 3327 di-

262 3364 441 3404 cendum
461 3374 547 3403 non
569 3362 809 3403 involutum
828 3395 838 3411 ,
860 3363 931 3403 sed
948 3364 1110 3404 illustre
1129 3378 1138 3414 3
1166 3364 1219 3404 ad
1236 3362 1543 3404 inveniendum
1562 3373 1649 3401 non
1670 3361 1798 3401 hebes
1813 3393 1822 3410 ,
1843 3361 1913 3401 sed
1936 3361 2196 3413 promptum,
2218 3361 2266 3398 ut
2282 3371 2388 3411 pene

268 3435 462 3474 divinum
482 3434 652 3474 dixeris,
682 3434 788 3474 Hinc
806 3435 848 3475 id
868 3438 977 3475 certe
996 3435 1280 3488 probavimus
1293 3467 1303 3485 ,
1331 3433 1446 3487 quod
1465 3435 1701 3486 opportune
1723 3432 1828 3472 dixit
1845 3431 2027 3472 Joannes
2046 3430 2172 3470 Gerso
2191 3429 2235 3469 in
2256 3442 2388 3482 opus-

264 3505 359 3545 culo
384 3506 440 3545 sic
466 3505 665 3558 inscripto
686 3520 694 3545 z
734 3505 976 3558 Sequuntur
1003 3505 1160 3558 aliquce
1181 3505 1544 3549 considerationes
1573 3503 1715 3557 quoad
1742 3507 1824 3546 tres
1846 3502 1989 3546 modos
2017 3502 2225 3555 reliquos,
2248 3503 2325 3542 etc.
2342 3502 2353 3523 ²
2376 3503 2388 3533 ³

310 3588 317 3608 ¹
335 3588 429 3620 Tom.
449 3589 483 3629 l,
504 3588 584 3620 edit.
605 3590 781 3629 Antwerp.
801 3591 892 3629 1706,
915 3588 979 3620 col.
995 3590 1046 3619 20.
1528 3589 1530 3593 ’
