2570 3986
1164 286 1303 327 VITA.
2218 292 2291 320 xlx

176 383 247 424 sed
265 394 435 432 verens,
459 394 513 423 ne
540 382 683 422 Romae
706 379 810 420 forte
837 387 1125 426 commoranS,
1148 373 1338 426 Gregorii
1367 372 1559 413 animum
1583 370 1642 410 ita
1660 369 1864 418 alliceret,
1886 370 1935 408 ut
1957 368 2080 408 illum
2100 368 2152 408 ad
2170 368 2292 409 altio-

176 466 267 494 rem
293 453 476 506 gradum
495 452 713 500 eveheret,
740 450 872 490 Roma
892 449 1034 489 relicta
1049 479 1058 496 ,
1079 447 1176 487 inde
1198 445 1391 486 pisarum
1409 443 1560 483 urbem
1580 440 1756 481 contulit
1780 452 1837 480 se.
1859 438 1938 480 Ubi
1958 451 2056 479 cum
2076 439 2291 491 pervenit,

177 524 392 578 generalia
421 523 588 565 comitia
616 522 764 562 iterato
792 520 1020 561 celebravit
1047 518 1180 571 pridie
1209 517 1304 557 idus
1325 514 1452 568 junii.
1482 513 1577 553 Post
1606 523 1702 565 quae
1724 511 1776 551 ad
1803 510 1902 551 anni
1925 512 2027 549 1272
2054 512 2293 549 extremum

177 596 357 637 Parisios
380 594 571 642 accessit,
598 592 895 642 concionibus,
924 594 971 631 ut
996 591 1237 642 conjectura
1263 585 1577 638 consequimur,
1606 595 1779 636 operam
1805 584 2054 622 navaturus
2084 579 2168 621 Nec
2191 592 2294 620 vero

177 668 273 717 diu,
302 667 569 716 multumque
595 664 680 704 illic
708 663 959 703 immoratus
987 661 1066 701 t'uit
1087 673 1095 700 :
1121 672 1218 700 nam
1241 657 1494 709 Gregorius,
1524 655 1598 708 qui
1620 654 1930 694 Bonaventurae
1959 651 2110 692 merita
2137 651 2297 703 optime

177 741 325 786 norat,
353 735 637 778 Cardinalium
664 745 844 774 numero
872 733 993 773 illum
1019 731 1236 784 adscripsit
1263 740 1375 770 anno
1397 729 1521 775 1273,
1552 726 1617 766 die
1638 728 1661 764 *2
1681 727 1754 765 aut
1774 725 1797 763 3
1813 723 1939 776 junii.
1962 723 2050 763 Hoc
2076 734 2175 763 cum
2204 722 2298 761 fecit

180 808 431 861 GregoriuS,
460 806 619 846 litteras
651 805 831 846 Parisios
858 804 994 853 misit,
1026 815 1112 843 non
1140 803 1314 842 hortans
1343 799 1491 848 modo,
1521 797 1591 837 sed
1620 795 1847 849 prohibens
1875 794 2024 844 etiam,
2056 805 2110 833 ne
2137 792 2298 833 collatae

179 879 394 932 dignitati,
415 889 524 918 neve
541 877 670 929 jussis
689 875 916 916 Pontificiis
936 877 1209 927 repugnaret.
1232 872 1325 913 Non
1344 870 1546 911 faciemus
1565 868 1638 908 abs
1657 879 1724 917 re,
1747 866 1781 906 si
1801 877 1898 919 quae
1917 864 2146 917 Gregorius
2165 863 2298 903 Bona-

179 953 370 992 venturae
392 948 574 1001 scripsit,
593 960 646 988 ex
664 952 781 1000 parte
800 946 1098 987 recitabimus:
1119 961 1137 983 α
1156 945 1212 985 De
1232 944 1422 997 ipsorum
1442 940 1638 981 Fratrum
1661 938 1849 988 consilio,
1867 937 2007 988 inquit
2020 936 2046 986 ¹,
2068 934 2297 975 Albanensi

179 1021 374 1062 Ecclesiae
393 1023 494 1060 tunc
513 1019 680 1059 vacanti
700 1019 750 1059 de
770 1022 810 1059 te
834 1017 1037 1058 duximus
1064 1015 1398 1069 providendum,
1425 1015 1466 1052 te
1490 1011 1535 1051 in
1556 1010 1810 1064 Episcopum
1838 1007 2117 1061 praeficientes
2136 1005 2297 1055 eidem;

178 1091 358 1144 ideoque
377 1090 616 1131 discretioni
636 1093 722 1130 tuae
742 1089 1016 1143 praesentium
1035 1090 1179 1128 tenore
1201 1084 1483 1139 praecipiendo
1505 1082 1775 1132 mandantes,
1797 1083 2007 1133 quatenus
2033 1090 2141 1120 onus
2160 1077 2301 1129 dispo-

179 1163 328 1203 sitione
355 1162 592 1215 Apostolica
620 1161 810 1202 humeris
837 1161 922 1201 tuis
953 1159 1200 1212 impositum
1231 1158 1379 1198 devote
1410 1154 1640 1207 suscipiens
1670 1153 1773 1193 huic
1801 1150 2033 1204 provisioni
2062 1152 2218 1190 nostrae
2253 1147 2300 1187 in

179 1233 418 1274 humilitate
444 1233 617 1285 spiritus
643 1233 731 1273 sine
761 1233 1015 1284 cnjilsquam
1038 1229 1294 1271 difficultatis
1320 1228 1437 1269 obice
1461 1226 1715 1279 acquiescas,
1746 1221 2020 1274 Praecipimus
2039 1232 2232 1274 quoque,
2253 1222 2301 1260 ut

179 1305 232 1346 ad
260 1304 527 1358 praesentiam
552 1306 741 1344 nostram
767 1304 924 1355 absque
944 1302 1135 1343 tarditate
1160 1301 1301 1353 aliqua
1324 1310 1503 1340 morosae
1530 1294 1808 1338 cunctationis
1829 1292 2022 1341 accedaS,
2044 1303 2132 1332 una
2150 1290 2302 1332 Nobis-

181 1387 279 1417 cum
298 1376 456 1416 divinis
475 1375 707 1427 obsequiis,
730 1378 769 1414 et
789 1374 1041 1415 universalis
1060 1372 1253 1413 Ecclesiae
1274 1371 1455 1411 servitiis
1474 1371 1717 1410 vacaturus.
1738 1380 1757 1403 ›)

235 1446 359 1488 Omni
379 1447 522 1500 itaque
545 1447 707 1499 abJecta
729 1446 995 1486 cunctatione
1015 1446 1142 1496 atque
1164 1442 1379 1492 tarditate,
1400 1440 1570 1492 magnis
1592 1438 1687 1478 licet
1710 1435 2026 1477 difficultatibus
2045 1434 2240 1483 affectus,
2263 1435 2304 1473 et

181 1518 362 1559 afflictus
380 1521 501 1569 esset,
523 1520 708 1558 attamen
730 1517 808 1557 iter
825 1528 1054 1569 aggressus
1072 1514 1151 1555 fuit
1165 1547 1175 1565 ,
1195 1516 1244 1554 ut
1262 1513 1314 1553 ad
1332 1512 1489 1553 mensis
1504 1510 1602 1563 julii
1622 1509 1810 1550 medium
1829 1506 2064 1558 Mugellum
2084 1506 2128 1545 in
2144 1504 2304 1545 Tusciae

182 1589 342 1630 finibus
360 1590 490 1630 situm
508 1588 757 1629 adventarit.
778 1587 854 1628 Hic
871 1587 1166 1628 cohonestatus
1185 1597 1389 1638 purpura,
1409 1586 1449 1624 et
1469 1581 1750 1622 cardinalatus
1769 1577 2026 1630 insignibus,
2046 1589 2090 1617 se
2109 1576 2305 1617 comitem

185 1660 386 1713 Gregorio
408 1660 671 1712 Lugdunum
694 1671 841 1699 versus
874 1657 1156 1711 proficiscenti
1188 1655 1397 1696 exhibuit.
1431 1653 1618 1705 Mugello
1648 1651 1781 1703 igitur
1812 1649 2049 1699 discedens,
2074 1647 2307 1689 Bononiam

184 1735 327 1773 aestate
358 1732 653 1785 pertransivit,
675 1731 774 1771 inde
795 1731 1074 1778 Placentiam,
1106 1731 1249 1782 postea
1279 1726 1565 1768 Mediolanum
1593 1722 1764 1764 accessit
1791 1723 1938 1761 octavo
1965 1719 2060 1760 idus
2080 1719 2261 1760 octobris
2277 1723 2306 1758 2.

187 1803 295 1844 Hinc
320 1803 635 1845 Camberiacum
666 1803 789 1853 adiit,
820 1805 914 1843 tum
941 1801 1050 1842 circa
1079 1799 1324 1841 novembris
1352 1799 1482 1839 finem
1508 1795 1772 1847 Lugdunum
1799 1791 1971 1832 tandem
1997 1789 2204 1843 pervenit.
2233 1788 2309 1829 Hic

190 1874 404 1928 auspicato
433 1886 581 1926 gerere
608 1873 732 1927 coepit
756 1885 827 1923 ea,
854 1885 952 1926 quae
978 1884 1076 1913 cum
1096 1870 1331 1913 Universali
1359 1867 1542 1910 Concilio
1569 1865 1757 1920 parando
1783 1862 2018 1904 necessaria
2036 1861 2308 1911 videbantur,

185 1947 365 1999 tumque
394 1945 457 1985 illi
487 1957 512 1985 3
540 1956 709 1986 summo
739 1944 941 1985 Pontifice
970 1944 1215 1997 praescripta
1242 1943 1424 1982 fuerant.
1454 1939 1571 1980 Unde
1599 1940 1690 1979 orta
1717 1936 1829 1976 fama
1857 1937 1938 1985 est,
1965 1932 2162 1974 Praesidis
2188 1931 2311 1972 illum

186 2028 365 2058 munere
386 2016 431 2057 in
455 2016 631 2069 privatis
651 2015 916 2058 Sessionibus
941 2016 1212 2069 perfunctum
1235 2014 1378 2055 fuisse.
1406 2011 1604 2064 Reliqua,
1626 2020 1724 2062 quae
1744 2006 2043 2048 Bonaventura
2066 2005 2113 2044 in
2132 2002 2313 2045 Concilio

187 2089 300 2142 egit,
328 2087 476 2129 alienis
507 2087 668 2141 potius,
697 2100 827 2141 quam
854 2087 1036 2141 propriis
1061 2086 1202 2128 verbis
1229 2086 1399 2126 narrata
1425 2083 1640 2124 volumus
1665 2079 1855 2133 AEqualis
1882 2077 2045 2118 utimur
2067 2074 2313 2116 auctoritate

188 2159 411 2212 Scriptoris
424 2159 452 2199 ³.

247 2247 266 2270 «
287 2231 410 2271 Anno
434 2233 533 2281 274,
558 2242 705 2272 mense
726 2231 851 2282 maii,
883 2231 951 2272 die
970 2230 1089 2271 lunae
1109 2228 1307 2282 septima,
1330 2226 1521 2280 ejusdem
1540 2225 1665 2266 tertia
1694 2223 1942 2274 indictione,
1965 2220 2224 2273 congregato
2239 2228 2315 2269 ge-

188 2301 322 2343 nerali
338 2301 514 2342 concilio
532 2314 607 2355 per
626 2302 938 2343 sanctissimum
964 2304 1127 2355 patrem
1157 2300 1379 2341 dominum
1404 2297 1658 2349 Gregorium
1682 2295 1916 2345 decimum,
1939 2292 2213 2334 sacrosanctae
2231 2288 2316 2329 Ro-

190 2385 331 2414 manae
352 2373 545 2414 Ecclesiae
575 2385 794 2414 summum
817 2376 858 2414 et
884 2372 1171 2414 universalem
1202 2370 1449 2412 Pontificem
1465 2401 1476 2420 ,
1499 2367 1699 2420 Lugduni
1725 2367 1773 2406 in
1803 2364 1956 2418 maiori
1985 2362 2157 2405 ecclesia
2184 2359 2316 2401 sancti

191 2443 364 2485 Joannis
395 2443 692 2497 Lugdunensis
698 2476 777 2485 .....
801 2445 949 2485 sedens
981 2444 1093 2485 idem
1122 2454 1318 2484 summus
1350 2440 1544 2481 Pontifex
1572 2440 1616 2479 in
1647 2437 1875 2479 faldistorio
1909 2447 1987 2476 suo
2020 2434 2116 2474 fecit
2147 2442 2315 2473 crucem

194 2527 320 2569 super
340 2514 540 2556 Praelatos
559 2519 599 2556 et
620 2516 847 2556 concilium
862 2547 872 2565 ,
894 2516 967 2569 qui
986 2516 1044 2556 sic
1062 2515 1262 2556 sedebant
1280 2514 1332 2554 ab
1353 2513 1563 2566 opposito,
1585 2514 1625 2551 et
1647 2510 1691 2550 in
1711 2507 1997 2550 eminentibus
2016 2505 2184 2547 sedibus
2200 2516 2316 2557 prae-

193 2587 364 2640 paratis.
384 2587 430 2627 In
448 2587 587 2628 medio
606 2587 727 2628 navis
752 2588 943 2640 ejusdem
968 2587 1222 2628 ecclesiae....
1246 2585 1292 2625 in
1312 2584 1481 2625 sedibus
1500 2596 1524 2623 a
1545 2583 1673 2623 latere
1693 2581 1865 2622 dextero
1886 2577 2099 2619 Pontificis
2118 2576 2318 2617 sederunt

193 2658 356 2700 domini
383 2658 566 2699 Joannes
584 2658 847 2710 Portuensis,
876 2662 915 2699 et
934 2661 1089 2700 sanctae
1109 2658 1298 2705 Rufinae,
1322 2655 1469 2697 Petrus
1488 2653 1754 2694 Tusculanus
1772 2649 2064 2692 vicedominus
2090 2646 2317 2688 Praenesti-

193 2743 300 2781 nus,
332 2731 460 2771 frater
487 2729 789 2772 Bonaventura
819 2731 1068 2772 Albanensis
1083 2763 1094 2782 ,
1122 2731 1248 2771 frater
1273 2728 1421 2770 Petrus
1439 2725 1660 2776 OstiensiS,
1692 2726 1734 2765 et
1750 2720 2038 2771 VelletrensiS,
2060 2717 2319 2759 Bertrandus

195 2798 449 2850 Sabinensis,
470 2799 654 2852 episcopi
673 2799 921 2840 cardinales.

250 2884 269 2909 n
293 2870 398 2911 Item
428 2870 637 2923 pendente
664 2871 849 2912 termino
880 2872 1015 2912 tertiae
1047 2871 1242 2911 sessionis
1276 2872 1404 2912 frater
1432 2869 1741 2922 HieronymuS,
1764 2867 1803 2906 et
1828 2865 1955 2905 frater
1982 2859 2240 2913 Bonagratia
2269 2859 2319 2900 de

197 2941 343 2983 ordine
362 2941 561 2982 Fratrum
586 2941 822 2993 Minorum,
843 2943 918 2995 qui
936 2942 1053 2982 missi
1079 2943 1247 2984 fuerant
1277 2942 1425 2983 nuncii
1454 2952 1553 2982 cum
1585 2938 1751 2979 duobus
1770 2935 1970 2976 fratribus
1988 2945 2063 2986 per
2083 2931 2318 2972 Romanam

197 3012 426 3054 Ecclesiam
445 3013 496 3054 ad
517 3013 701 3064 Graecos,
723 3014 932 3055 miserunt
961 3014 1167 3067 quasdam
1195 3014 1352 3054 litteras
1372 3013 1545 3054 domino
1576 3010 1722 3062 Papae,
1752 3007 1803 3048 de
1823 3005 1979 3059 quibus
2004 3004 2094 3056 ipse
2119 3001 2319 3044 dominus

199 3082 312 3137 Papa
328 3084 513 3125 multum
533 3084 710 3137 gavisus
728 3088 803 3135 est,
822 3089 862 3126 et
879 3085 976 3125 fecit
995 3085 1138 3126 vocari
1167 3096 1315 3125 omnes
1334 3084 1530 3137 praelatos
1548 3082 1593 3122 in
1619 3079 1774 3132 maiori
1804 3076 1976 3118 ecclesia
2005 3072 2282 3126 Lugdunensi
2306 3085 2315 3112 :

200 3157 240 3196 et
256 3155 315 3195 ibi
334 3156 533 3196 omnibus
560 3156 746 3209 praelatis
765 3156 1041 3197 existentibus
1059 3157 1105 3197 in
1124 3155 1266 3208 cappis
1294 3156 1381 3196 suis
1406 3156 1533 3195 frater
1560 3152 1857 3193 Bonaventura
1884 3144 2134 3188 Albanensis
2165 3143 2321 3196 episco-

200 3237 280 3278 pus
297 3227 603 3268 sermocinatus
622 3230 705 3276 est,
735 3228 947 3280 proposito
966 3228 1165 3279 themate,
1197 3227 1312 3282 quod
1330 3226 1489 3279 legitur
1516 3223 1682 3264 Baruch
1705 3236 1713 3263 :
1737 3222 1915 3273 Exurge
1936 3215 2226 3259 Hierusalem,
2251 3217 2320 3256 sta

202 3297 251 3338 in
269 3299 450 3349 eoecetso,
474 3303 512 3341 ei
533 3300 808 3352 circumspice
837 3300 894 3342 ad
926 3301 1163 3352 Orientem,
1192 3306 1230 3343 ei
1261 3298 1361 3342 inde
1388 3298 1532 3350 colliye
1552 3296 1664 3348 filios
1695 3298 1789 3337 tuos
1822 3291 1873 3333 ab
1905 3290 2075 3332 Oriente
2101 3296 2230 3338 usque
2261 3283 2320 3326 ad

206 3367 481 3412 Occidentem.

204 3453 400 3531 Pl¹Extlt1s
420 3454 632 3534 Forytnulllario
659 3455 781 3534 hgarini
805 3455 1004 3498 Ebulensis,
1031 3457 1096 3488 aevi
1117 3456 1207 3487 1111115
1234 3455 1388 3496 scriptor.
1395 3478 1404 3494 ,
1427 3453 1516 3494 apud
1540 3453 1676 3484 Petrum
1695 3447 1837 3480 Mariam
1855 3445 1995 3486 Campi,
2024 3444 2060 3476 in
2086 3443 2173 3474 Hist.
2193 3437 2320 3476 Ecclesa

247 3509 323 3532 acen
342 3511 416 3540 moe,
433 3511 494 3543 par
513 3525 521 3533 .
580 3527 590 3542 ‚
611 3512 643 3543 p.
661 3505 677 3534 4
702 3505 732 3534 2.

245 3555 319 3586 Ξ113,
338 3555 563 3586 Bernardinus
583 3555 701 3586 Corius
721 3556 756 3586 'm
774 3556 858 3588 Hz'st.
877 3556 1025 3595 Medici„
1044 3557 1124 3588 edit.
1144 3555 1296 3595 Mediol„
1316 3554 1405 3595 apud
1425 3552 1654 3586 Alexandrum
1676 3547 1946 3585 Minuccianum,
1971 3546 2061 3584 1503,
2079 3542 2151 3582 fol.,
2172 3546 2277 3572 11.111.

245 3600 396 3633 ³Auet0r
410 3610 527 3633 eorum
542 3611 617 3642 quae
635 3605 731 3643 gesta
743 3605 821 3634 sunt
839 3603 876 3634 111
894 3604 1024 3636 Concil.
1042 3605 1069 3636 11
1093 3603 1217 3645 Lugd.,
1237 3602 1273 3634 iu
1293 3602 1430 3635 Collect.
1454 3600 1646 3638 Labbeana‚
1666 3599 1750 3628 tom.
1767 3595 1829 3634 XI,
1849 3595 1936 3633 part.
1956 3593 1986 3631 Ι,
2005 3591 2068 3622 eol.
2083 3591 2144 3622 956
2159 3590 2194 3619 et
2210 3595 2284 3626 seq.
