2613 3990
1103 226 1352 269 DISTINCT.
1383 225 1560 267 XXVIII.

259 319 459 370 verbnm,
483 320 553 360 sed
572 319 691 361 verbi
720 319 910 371 signum3
934 317 1113 359 verbum
1133 320 1275 358 autem

258 389 433 430 interius
473 391 599 431 habet
643 391 800 431 horum
841 389 1043 442 opposita.
1088 389 1275 430 Concedo

258 459 383 499 etiam
413 461 525 513 quod
554 462 733 502 verbum
764 461 940 500 interius
972 460 1178 510 dubium,
1209 460 1276 500 vel

258 531 435 582 falsum,
467 533 532 573 vel
559 533 792 585 impotens,
822 531 889 571 vel
920 531 1161 584 displicens,
1191 544 1277 571 non

259 602 387 643 habet
419 616 658 656 expressam
694 603 1038 652 similitudinem3
1074 603 1145 643 sed
1180 615 1277 643 ver—

259 674 361 713 bum
383 676 494 726 quod
511 675 638 714 habet
657 674 867 726 oppositas
886 674 1155 714 conditiones.

314 748 352 794 l,
375 747 414 794 2,
437 748 475 794 3,
502 749 525 784 4
548 748 587 785 et
608 747 646 785 5.
675 745 738 785 Ad
757 744 861 785 illud
883 745 994 797 quod
1011 745 1208 797 objicitur
1227 744 1279 784 ad

260 817 520 868 oppositum,
543 816 654 869 quod
674 816 852 856 verbum
873 816 1133 868 intelligibile
1153 817 1281 857 habet

261 886 603 937 similitudinem3
631 887 945 927 concedendum
965 891 1039 928 est.
1063 887 1180 936 Quod
1200 900 1280 928 au-

260 960 346 998 tem
372 958 566 1011 objicitur
590 958 640 998 de
665 959 795 999 verbo
821 959 1026 1007 sensibili,
1053 959 1280 999 dicendum

261 1030 374 1082 quod
390 1030 575 1082 aliquam
601 1030 726 1070 habet
744 1030 1077 1081 similitudinem,
1098 1030 1169 1070 sed
1194 1043 1282 1071 non

261 1113 526 1154 expressam3
558 1101 650 1142 ideo
681 1102 897 1143 translatio
924 1114 1011 1142 non
1042 1104 1103 1142 est
1128 1114 1282 1143 secun-

2286 226 2360 266 451

1351 317 1451 357 [lum
1483 317 1648 368 ipsum,
1669 314 1740 355 sed
1768 313 2003 354 secundum
2033 314 2230 365 interius,
2255 314 2366 367 quod

1350 390 1411 429 est
1435 387 1632 438 similius,
1660 389 1708 427 ut
1731 388 1856 439 patet.
1893 385 2067 425 Nullum
2096 388 2237 426 autem
2267 397 2368 427 ver—

1350 461 1453 500 bum
1476 461 1610 511 potest
1638 471 1712 511 per
1747 457 1889 498 omnia
1920 456 1979 496 illi
2004 457 2240 507 assimilari;
2269 469 2369 497 nam

1351 531 1453 571 illud
1483 531 1620 570 solum
1648 530 1772 570 habet
1796 541 1892 569 cum
1924 527 2087 569 dicente
2115 527 2371 568 identitatem

1352 601 1668 642 substantialem
1686 634 1695 652 ,
1734 603 1774 641 et
1816 599 2072 640 simultatem
2108 599 2370 647 naturalem,

1353 672 1454 725 quia
1482 674 1543 712 est
1571 672 1697 712 simul
1729 674 1881 711 natura
1909 673 1949 710 et
1979 669 2199 710 duratione
2234 681 2243 709 :
2277 681 2372 721 quae

1354 743 1628 794 conditiones,
1651 745 1697 783 ut
1710 743 1808 783 dicit
1826 741 1873 782 B.
1891 740 2197 793 Augustinus¹,
2218 739 2376 779 nonin-

1355 818 1452 855 sunt
1470 818 1612 855 nostro
1644 814 1772 856 verbo
1800 827 1809 854 :
1842 816 1882 854 et
1899 813 2012 863 ideo,
2035 811 2231 865 quamvis
2250 810 2301 850 sit
2320 809 2377 850 si-

1356 885 1563 934 militudo,
1587 886 1646 925 est
1665 887 1808 925 tamen
1829 883 2035 924 nonnulla
2051 881 2343 924 dissimilitudo
2367 895 2375 921 ε

1357 959 1396 996 et
1420 956 1514 997 ideo
1535 958 1669 1009 potest
1688 959 1798 997 recte
1822 955 1902 996 dici
1924 954 2153 1003 translatio,
2175 953 2277 1006 quia
2292 964 2379 992 non

1357 1031 1418 1069 est
1455 1039 1530 1080 per
1564 1027 1708 1068 omnia
1741 1026 1890 1067 similis
1918 1038 1927 1066 :
1963 1028 2003 1067 et
2035 1026 2094 1066 sic
2129 1023 2271 1066 omnia
2301 1035 2380 1076 pa-

1356 1103 1459 1142 tent.

908 1288 1393 1349 DISTINCTIO
1438 1287 1732 1348 XXVIII

353 1448 401 1476 DE
432 1432 498 1475 HIS⁴
530 1447 619 1481 QUAE
648 1446 815 1475 PROPRIE
847 1448 897 1476 ET
929 1447 1215 1476 AETERNALITER
1247 1447 1444 1477 DICUNTUR
1474 1446 1524 1475 DE
1556 1444 1633 1473 DEO
1666 1443 1873 1473 SECUNDUM
1904 1442 2185 1483 RELATIONEM,
2221 1441 2294 1470 SEU

664 1518 966 1548 PROPRIETATEM
997 1519 1078 1547 NON
1112 1518 1393 1558 PERSONALEM,
1428 1517 1517 1551 QUAE
1546 1517 1617 1544 EST
1648 1514 1979 1544 INNASCIBILITAS.

323 1636 536 1679 Praeterea
553 1636 821 1679 considerare
837 1642 1003 1695 oportet
1017 1637 1134 1695 quod
1150 1652 1238 1680 non
1257 1642 1429 1680 tantum
1444 1641 1530 1678 tres
1548 1634 1762 1693 praedictae
1777 1633 2058 1692 proprietates
2079 1631 2168 1675 sive
2186 1629 2384 1674 notiones
2453 1652 2533 1685 Quod

2405 1702 2460 1721 non
2489 1699 2547 1721 tal-'1-

268 1714 312 1757 in
344 1714 537 1773 personis
566 1720 689 1764 sunt;
720 1729 874 1757 verum
901 1714 1030 1757 etiam
1056 1715 1174 1770 aliae,
1208 1729 1308 1772 quae
1333 1713 1427 1757 aliis
1467 1718 1676 1756 notantur
1702 1711 1970 1755 nominibus
2001 1709 2112 1753 Nam
2146 1708 2274 1752 etiam
2305 1707 2386 1750 hoc
2406 1741 2463 1762 ,um
2491 1738 2547 1761 ,res

267 1806 443 1847 nomen,
464 1791 708 1849 inqenz‘tus,
732 1792 911 1835 relative
943 1792 1101 1835 (licitur
1128 1792 1180 1835 de
1207 1792 1335 1835 Patre
1363 1796 1533 1834 tantum
1548 1826 1558 1846 ,
1581 1798 1622 1834 et
1641 1790 1775 1833 aliam
1796 1789 1991 1846 designat
2009 1786 2233 1831 notionem
2253 1800 2385 1844 quam
2405 1777 2546 1855 {ffissffiff

269 1868 395 1911 Pater
413 1868 482 1911 vel
499 1868 690 1912 Genitor.
708 1869 805 1911 Non
820 1875 882 1912 est
895 1869 1010 1912 enim
1028 1869 1142 1912 idem
1161 1885 1248 1913 esse
1262 1869 1436 1912 Patrem
1452 1873 1492 1911 et
1508 1882 1596 1912 esse
1610 1867 1876 1925 Ingenitum,
1890 1865 1934 1908 id
1949 1870 2026 1920 est,
2042 1879 2130 1908 non
2149 1878 2197 1907 ea
2210 1862 2385 1906 notione
2407 1864 2548 1907 {³²⁰⁵Suflf

2408 1911 2436 1928 111
2450 1911 2546 1938 perso-

267 1946 396 1989 Pater
414 1946 572 1990 dicitur
589 1962 675 2006 qua
695 1946 929 2004 ingenitus.
954 1950 1088 1990 Pater
1111 1947 1251 2002 enim,
1273 1952 1323 1990 ut
1342 1946 1597 2005 praedictum
1625 1951 1709 2000 est,
1740 1944 1898 1988 dicitur
1926 1941 2164 1986 secundum
2194 1939 2388 1999 proprie-
2408 1945 2468 1979 115⁵,
2498 1945 2548 1972 sed

2438 1988 2521 2014 etiam

269 2028 401 2066 tatem
419 2024 708 2080 generationis
726 2041 735 2079 3
753 2024 972 2082 inqem'tzcs
989 2030 1134 2067 autem
1154 2024 1393 2068 secundum
1408 2024 1714 2082 proprietatem
1729 2019 2090 2065 innascibilitatis.
2116 2018 2267 2061 Differt
2286 2031 2388 2074 ergo
2409 2028 2472 2095 ³211·ae
2486 2039 2548 2097 (ἐμω

268 2101 397 2144 Pater
415 2116 440 2144 a
462 2100 572 2144 Filio
598 2101 849 2145 auctoritate
875 2101 1192 2159 generationis;
1222 2101 1369 2145 differt
1393 2101 1523 2143 etiam
1549 2100 1810 2160 proprietate
1838 2096 2207 2151 innascibilitatis,
2236 2095 2280 2138 id
2306 2099 2385 2150 est,
2422 2078 2536 2180 §2333

2428 2162 2479 2180 Cssss
2494 2163 2527 2181 ul*

270 2178 374 2237 quia
393 2178 629 2236 ingenitus.
649 2179 774 2222 Unde
795 2180 1071 2236 Augustinus
1093 2183 1123 2234 2,
1147 2179 1418 2235 distinguens
1438 2178 1551 2220 inter
1570 2177 1877 2236 proprietatem
1897 2191 1984 2235 qua
2003 2175 2131 2218 Pater
2149 2173 2324 2227 dicitur,
2348 2177 2389 2215 et
2422 2196 2541 2222 nomini-

269 2255 392 2299 illam
410 2272 498 2314 qua
522 2257 682 2300 dicitur
711 2257 937 2314 Ingenitus
954 2292 964 2311 ,
985 2259 1030 2300 in
1053 2257 1205 2316 quinto
1226 2257 1339 2300 libro
1366 2255 1417 2299 de
1441 2257 1475 2298 T
1472 2255 1675 2307 ammte,
1699 2255 1758 2297 sic
1779 2254 1838 2297 ait
1861 2270 1909 2296 2«
1932 2252 2029 2296 Non
2058 2257 2121 2295 est
2150 2251 2230 2295 hoc
2250 2251 2391 2294 dicere
2411 2237 2551 2315 bfifg'enss‘

270 2333 540 2391 ingenitum,
569 2334 686 2393 quod
717 2340 779 2377 est
811 2334 985 2377 Patrem
1013 2334 1177 2389 dicere3
1205 2333 1310 2393 quia
1336 2333 1414 2377 etsi
1446 2333 1589 2376 filium
1619 2347 1707 2376 non
1734 2331 1976 2389 genuisset,
2005 2329 2118 2372 nihil
2146 2328 2393 2388 prohiberet
2413 2324 2467 2348 ²¹¹⁵·

269 2411 408 2454 dicere
429 2426 529 2455 eum
549 2411 811 2468 ingenitum.
840 2412 893 2455 Et
918 2412 952 2455 si
972 2412 1123 2469 gignat
1149 2412 1335 2470 quisque
1357 2411 1501 2454 filium
1520 2446 1530 2465 ,
1553 2425 1642 2453 non
1662 2425 1714 2453 ex
1740 2425 1789 2453 eo
1815 2409 1905 2468 ipse
1931 2413 1993 2452 est
2018 2406 2263 2465 ingenitus,
2286 2406 2393 2465 quia

269 2488 405 2545 geniti
424 2488 620 2532 homines
636 2489 825 2546 gignunt
844 2490 965 2532 alios.
992 2506 1013 2529 »
1031 2489 1130 2532 Non
1146 2504 1248 2546 ergo
1269 2489 1365 2532 ideo
1385 2488 1541 2532 dicitur
1560 2488 1688 2531 Pater
1703 2487 1808 2546 quia
1825 2486 2060 2543 ingenitus.
2083 2485 2203 2528 Idem
2221 2489 2235 2511 ³
2261 2500 2270 2527 ε
2295 2484 2391 2526 «De

268 2566 357 2609 Deo
376 2566 502 2609 Patre
522 2572 761 2625 utrumque
780 2567 961 2621 dicitur3
988 2567 1072 2609 alia
1092 2566 1211 2610 notio
1233 2572 1295 2610 est
1314 2581 1401 2625 qua
1420 2565 1684 2623 intelligitur
1703 2563 1893 2622 genitor,
1919 2563 2020 2618 alia,
2043 2578 2131 2621 qua
2148 2561 2387 2619 ingenitus.

269 2641 448 2686 Genitor
470 2643 586 2686 enim
605 2643 765 2687 dicitur
785 2644 838 2687 ad
859 2644 1074 2701 genitum,
1092 2643 1136 2686 id
1157 2649 1234 2699 est,
1257 2643 1417 2686 filium.
1438 2660 1459 2684 »
1480 2642 1591 2686 Cum
1614 2657 1716 2686 vero
1737 2641 1958 2699 ingenitus
1977 2640 2150 2696 dicitur,
2173 2653 2262 2682 non
2283 2637 2391 2697 quid

268 2719 347 2775 sit,
369 2719 443 2763 sed
467 2720 574 2779 quid
595 2736 681 2764 non
708 2721 784 2776 sit,
809 2721 1050 2765 ostenditur
1072 2724 1100 2763 ’ἢ
1124 2720 1215 2764 Hoc
1245 2720 1455 2779 exemplis
1484 2719 1667 2778 planum
1690 2718 1938 2762 faciendum
1969 2722 2046 2760 est.
2075 2715 2201 2768 Quod
2232 2715 2392 2758 dicitur

267 2798 504 2856 inqenitzcs,
522 2797 602 2841 hoc
618 2798 858 2841 ostenditur
876 2798 993 2857 quod
1012 2813 1100 2841 non
1121 2798 1175 2841 sit
1195 2797 1315 2841 tillus
1339 2816 1348 2841 :
1371 2797 1443 2840 sed
1463 2797 1652 2856 ρθηὶίῑις,
1678 2801 1718 2840 et
1737 2795 1972 2855 inqenitus,
1996 2793 2219 2838 commode
2239 2792 2391 2836 dicun-

271 2881 342 2918 tur
362 2892 370 2919 :
391 2876 511 2934 filius
523 2881 667 2919 autem
683 2876 815 2919 latine
830 2876 1004 2931 dicitur,
1021 2875 1094 2919 sed
1112 2881 1160 2918 ut
1175 2875 1344 2919 dicatur
1355 2875 1545 2933 infilius,
1568 2889 1657 2918 non
1672 2873 1860 2918 admittit
1878 2871 2086 2932 loquendi
2105 2870 2387 2915 consuetudo.

270 2953 393 2996 Nihil
413 2959 557 2997 tamen
590 2953 828 2997 intellectui
852 2953 1057 3009 demitur,
1086 2953 1120 2996 si
1140 2952 1308 2996 dicatur
1327 2968 1416 2995 non
1446 2953 1590 3008 filiu&
1615 2950 1988 3011 quemadmodum
2018 2948 2148 2993 etiam
2168 2948 2204 2992 si
2223 2947 2391 2991 dicatur

271 3045 358 3074 non
374 3031 544 3090 qenitus
564 3046 641 3090 pro
655 3046 705 3075 eo
726 3031 843 3090 quod
863 3031 1024 3075 dicitur
1043 3031 1280 3090 inqenitus,
1300 3030 1411 3073 nihil
1431 3029 1552 3073 aliud
1572 3029 1747 3072 dicitur.
1771 3028 1871 3072 Ideo
1886 3041 1974 3071 non
1996 3032 2058 3070 est
2075 3026 2122 3069 in
2141 3026 2271 3069 rebus
2290 3039 2391 3068 con-

272 3108 549 3152 siderandum
570 3109 677 3168 quid
694 3109 764 3152 vel
782 3108 910 3164 sinat,
933 3109 1003 3153 vel
1023 3124 1113 3152 non
1133 3108 1245 3151 sinat
1263 3107 1351 3151 dici
1370 3122 1475 3151 usus
1494 3106 1705 3150 sermonis
1722 3106 1883 3161 nostri;
1905 3105 1979 3149 sed
1999 3105 2098 3165 quis
2112 3120 2259 3149 rerum
2277 3105 2390 3164 ipsa-

274 3200 373 3229 rum
384 3185 626 3230 intellectus
640 3186 819 3230 eluceat.
837 3185 935 3229 Non
947 3201 1049 3244 ergo
1058 3186 1148 3244 jam
1164 3190 1336 3228 tantum
1350 3184 1543 3228 dicamus
1556 3183 1818 3243 inqenitum,
1836 3182 1910 3226 sed
1927 3183 2058 3227 etiam
2072 3198 2160 3226 non
2172 3182 2384 3241 qenitum,

274 3262 391 3321 quod
410 3269 580 3307 tantum
599 3264 728 3309 valet.
745 3262 972 3322 Numquid
990 3278 1092 3320 ergo
1112 3262 1232 3306 aliud
1249 3262 1451 3316 dicimus,
1474 3275 1606 3320 quam
1626 3275 1715 3303 non
1731 3260 1908 3319 filium?
1922 3259 2134 3318 Negativa
2148 3274 2274 3318 porro
2293 3274 2389 3318 par-

275 3339 408 3383 ticula
425 3355 513 3384 non
532 3341 577 3384 id
596 3340 746 3396 efficit,
769 3346 817 3383 ut
845 3340 963 3400 quod
981 3341 1073 3384 sine
1099 3341 1176 3384 illa
1199 3340 1377 3383 relative
1396 3338 1578 3394 dicitur,
1601 3339 1751 3382 eadem
1769 3338 2022 3398 praeposita,
2047 3337 2390 3381 substantialiter

220 3414 223 3417 ’
274 3415 463 3473 dicatur3
486 3417 559 3461 sed
578 3418 624 3461 in
642 3423 811 3462 tantum
841 3423 1042 3475 negatur,
1064 3418 1182 3477 quod
1201 3418 1292 3461 sine
1324 3417 1401 3461 illa
1429 3416 1651 3472 aiebatur3
1686 3416 1797 3460 sicut
1821 3416 1868 3460 in
1895 3416 1989 3459 aliis
2017 3414 2385 3474 praedicamentis,

319 3549 440 3589 ¹Aug.,
459 3548 497 3580 de
519 3549 621 3590 Trin„
642 3549 699 3582 lib.
718 3551 797 3591 XV,
817 3559 847 3583 c.
864 3557 913 3583 xx.
927 3566 970 3572 —
982 3550 996 3571 2
1009 3551 1108 3591 Aug„
1128 3550 1166 3582 de
1187 3551 1290 3590 Tria„
1309 3549 1368 3581 lib.
1395 3549 1438 3590 V,
1459 3558 1489 3580 c.
1504 3556 1557 3589 Vl,
1579 3557 1614 3581 n.
1629 3551 1660 3581 Ἰ.
1673 3566 1714 3572 -
1727 3548 1741 3570 3
1754 3547 1838 3580 Eod.
1856 3556 1930 3588 cap.
1946 3564 1982 3570 -—
1999 3546 2013 3569 ⁴
2026 3547 2063 3578 C.
2079 3552 2140 3586 vn,
2161 3554 2196 3577 n.
2211 3547 2242 3577 8.
