2570 3986
1094 281 1358 322 DIATRIBA.
2195 293 2283 321 xxv

227 373 413 426 Itemque
437 374 689 426 Aquinatem
710 382 795 411 non
815 371 958 411 minus
975 403 984 420 ,
1015 383 1145 424 quam
1169 371 1511 411 Bonaventuram
1537 382 1588 409 ex
1611 369 1706 409 albo
1726 370 1946 410 doctorum
1967 369 2174 421 expungit
2195 369 2283 410 Ou-

172 445 315 495 dinus,
339 445 439 497 quia
464 447 639 496 uterque
665 442 861 482 nescierit
879 442 1073 494 linguas,
1098 455 1202 494 quas
1222 441 1433 494 appellant
1459 440 1664 490 exoticas,
1694 443 1734 480 et
1762 440 1923 480 critices
1949 440 2050 480 artis
2067 440 2182 491 leges
2208 453 2282 481 ne-

172 515 373 568 glexerit:
398 515 516 568 quasi
535 513 667 566 pluris
687 513 730 552 in
751 513 917 553 doctore
938 513 1125 553 facienda
1142 513 1194 553 sit
1215 519 1393 565 φιλολογία,
1416 524 1546 563 quam
1563 523 1674 551 verae
1695 511 1910 563 sapientiae
1929 511 2129 562 cognitio,
2152 510 2285 559 Quid?

172 587 285 639 quod
303 599 355 627 ne
375 585 642 638 Augustinus
661 585 747 637 ipse
767 584 948 624 exoticas
969 584 1111 624 didicit
1126 584 1311 637 linguas.
1332 583 1462 623 Testis
1483 585 1543 622 θεῖ
1564 582 1711 622 Petrus
1732 581 1987 622 Castellanus
2007 581 2052 620 in
2067 580 2161 622 Vita
2179 582 2287 633 ejus-

173 658 267 699 dem
283 691 292 707 ,
322 669 449 711 quam
478 656 626 697 deinde
656 655 825 708 optimis
845 655 954 695 notis
974 656 1199 696 illustravit
1218 655 1414 696 Baluzius
1428 655 1455 694 ¹.
1486 653 1660 694 Minime
1681 665 1852 706 qmque
1882 652 2070 692 doctores
2094 651 2287 692 Ecclesiae

171 729 353 770 habendi
374 730 527 778 essent,
550 727 647 780 qui,
671 729 717 766 ut
734 726 882 766 altiora
901 727 1244 779 adipiscerentur,
1267 726 1434 766 minora
1457 727 1774 777 comtempsere.
1801 723 2008 764 Caeterum
2041 722 2288 774 linguarum

173 801 433 842 exoticarum
452 798 640 848 inscitia,
663 810 751 838 non
769 800 859 850 Jam
884 798 1049 838 Doctori
1069 801 1235 847 nostro,
1261 798 1331 838 secl
1354 797 1465 838 aetati
1483 829 1493 847 ,
1516 796 1560 835 in
1583 808 1667 848 qua
1692 795 1823 843 vixit,
1847 794 2050 835 vertenda
2078 796 2138 833 est
2168 793 2285 833 vitio.

174 872 234 912 Ac
253 883 304 911 ne
324 871 365 911 id
388 882 412 910 a
432 869 553 910 nobis
576 869 675 909 false
706 869 865 909 dictum
897 872 1017 922 putes
1032 901 1041 919 ,
1076 869 1363 922 pereruditam
1390 878 1774 908 commemoramus
1802 865 2021 918 epistolam
2038 897 2048 915 ,
2071 876 2200 917 quam
2223 864 2291 905 vir

174 941 427 983 clarissimus
455 940 739 993 Hieronymus
770 940 1006 980 Gradonius
1051 941 1228 982 clericus
1257 939 1467 992 regularis
1493 937 1765 990 composuit2,
1800 936 1843 975 in
1871 949 1956 988 qua
1990 947 2087 975 cum
2114 935 2291 975 vetustis

173 1013 444 1063 documentis,
467 1015 560 1052 tum
580 1012 714 1052 firmis
735 1012 1160 1053 demonstrationibus
1180 1013 1232 1053 ad
1261 1011 1516 1053 evidentiam
1536 1009 1729 1058 ostendit,
1755 1010 1846 1048 octo
1868 1007 1912 1047 in
1944 1007 2074 1047 Italiae
2100 1006 2292 1059 partibus

172 1085 222 1126 ad
245 1096 464 1125 summum
484 1083 669 1124 extitisse
700 1084 835 1134 viros„
859 1084 932 1136 qui
953 1084 1095 1124 seculo
1122 1084 1244 1124 tertio
1265 1083 1427 1124 decimo
1447 1083 1640 1135 saperent
1667 1091 1820 1132 graece.
1847 1078 1976 1128 Quid?
2011 1078 2056 1118 in
2080 1078 2198 1118 Italia
2224 1090 2292 1118 so-

171 1157 294 1197 lum?
312 1155 505 1208 quinimo
530 1155 575 1194 in
600 1154 739 1195 Galliis
757 1187 766 1203 ,
789 1155 832 1194 in
853 1156 1009 1207 Anglia
1027 1188 1036 1204 ,
1062 1156 1193 1208 inque
1213 1155 1361 1196 ceteris
1386 1153 1535 1195 mundi
1560 1152 1823 1205 regionibus.
1846 1150 1977 1191 Testis
1998 1150 2060 1190 rei
2079 1150 2211 1202 huJus
2232 1152 2293 1190 est

172 1227 240 1268 Fr.
261 1226 452 1279 Rogerus
479 1225 586 1266 Baco
610 1225 806 1266 Minorita
822 1259 834 1277 ,
856 1227 901 1266 in
921 1238 1046 1279 opere
1067 1239 1144 1267 suo
1171 1227 1223 1267 ad
1244 1226 1499 1268 Clementem
1520 1223 1588 1274 IV,
1620 1223 1734 1276 quod
1760 1235 1871 1263 anno
1895 1221 2110 1274 praeterito
2134 1220 2288 1273 (1750)

173 1298 339 1339 Venetis
357 1298 467 1352 typis
484 1298 832 1339 committendum
851 1299 1110 1339 curavimus.
1126 1298 1284 1339 Verum
1301 1298 1402 1350 quid
1419 1297 1566 1337 attinet
1586 1295 1802 1336 confutare
1821 1294 1926 1333 ista?
1946 1304 2043 1346 quae
2061 1304 2161 1332 cum
2181 1291 2292 1332 levia

173 1370 281 1419 sint,
301 1381 389 1410 uno
403 1401 412 1419 ,
434 1372 481 1409 ut
503 1370 560 1409 ita
578 1369 768 1410 dicamus
784 1402 793 1420 ,
816 1370 921 1410 flatu
940 1403 949 1420 ,
978 1370 1022 1409 in
1047 1371 1215 1409 fumum
1236 1370 1408 1409 abeunt.
1434 1367 1564 1408 Multo
1585 1366 1707 1407 nobis
1735 1367 1905 1418 praestat
1926 1364 2127 1416 graviora
2147 1374 2291 1416 perse—

173 1441 272 1495 qui,
299 1453 427 1494 quam
448 1440 540 1480 h‘aec
561 1441 774 1481 levissima
797 1440 949 1481 Oudini
971 1444 1211 1481 commenta
1232 1441 1430 1480 refutare.

227 1512 348 1553 Recte
377 1512 606 1565 praecipere
635 1512 845 1562 videntur,
872 1512 945 1564 qui
974 1515 1174 1560 monent,
1200 1514 1248 1551 ut
1275 1512 1321 1551 in
1348 1509 1582 1562 deligendis
1604 1511 1730 1561 atque
1752 1507 2037 1548 discernendis
2064 1506 2291 1558 operibus,

175 1597 223 1625 ea
245 1595 322 1637 pro
343 1583 464 1623 certis
492 1583 669 1623 minime
698 1583 957 1633 habeamus,
982 1595 1079 1635 quae
1098 1584 1284 1623 maxime
1312 1582 1520 1635 disJ'uncta
1548 1583 1673 1629 sunt,
1710 1582 1836 1631 atque
1862 1578 2035 1619 omnino
2069 1578 2291 1618 contraria.

175 1655 287 1696 Fieri
303 1654 417 1695 enim
436 1666 522 1694 non
541 1657 688 1706 potest,
705 1657 752 1694 ut
768 1666 880 1695 unus
899 1654 1096 1707 idemque
1118 1657 1277 1704 auctor,
1296 1654 1379 1693 nisi
1400 1654 1539 1693 mente
1560 1653 1704 1704 captus
1724 1650 1790 1701 sit,
1808 1662 1896 1690 non
1916 1649 2170 1689 cohaerentia
2189 1649 2295 1688 scri-

177 1727 260 1766 bat.
284 1725 359 1766 Hic
384 1737 490 1778 opus
511 1738 595 1766 non
622 1728 685 1765 est
712 1725 905 1778 exemplo
922 1758 932 1776 ,
964 1738 1149 1778 quocum
1177 1726 1406 1778 probemus
1422 1756 1431 1773 ,
1463 1722 1681 1775 complura
1701 1733 1788 1762 esse
1810 1720 2020 1773 Opuscula
2037 1752 2046 1769 ,
2079 1731 2176 1772 quae
2199 1719 2294 1759 licet

177 1797 486 1838 Bonaventurae
505 1809 662 1837 nomen
681 1809 769 1849 prae
791 1809 833 1837 se
862 1798 996 1838 ferant
1014 1829 1023 1846 ,
1049 1810 1071 1837 e
1097 1797 1300 1837 diametro
1324 1800 1467 1836 tamen
1488 1796 1761 1846 opponuntur
1788 1792 1861 1842 iis,
1893 1803 1989 1844 quae
2013 1791 2083 1831 ille
2103 1791 2148 1830 in
2172 1790 2295 1831 certis

177 1869 374 1922 operibus
395 1869 527 1909 docet.
551 1868 631 1909 Sed
649 1869 741 1909 haec
766 1869 928 1921 prolixe
949 1869 1225 1909 tractabimus
1243 1868 1333 1908 loco
1353 1879 1445 1907 suo.
1471 1866 1578 1915 Quid
1599 1865 1724 1905 modo
1742 1864 1792 1904 de
1815 1863 2023 1903 scribendi
2048 1874 2206 1913 genere
2228 1862 2296 1903 di-

178 1943 302 1981 cam?
324 1939 506 1981 Tametsi
523 1940 744 1993 scriptores
763 1941 892 1981 seculi
912 1941 1022 1980 tertii
1042 1940 1193 1981 decimi
1214 1941 1475 1980 constantem
1500 1938 1545 1977 in
1572 1936 1790 1977 scribendo
1809 1934 2010 1975 orationis
2028 1933 2186 1985 stylum
2209 1945 2295 1973 non

178 2011 449 2064 usurparint,
471 2012 506 2052 si
531 2014 674 2052 tamen
693 2012 874 2064 penitius
893 2012 1100 2053 scribendi
1122 2012 1274 2052 modus
1300 2009 1630 2062 introspiciatur,
1654 2020 1741 2047 non
1761 2007 1839 2047 erit
1861 2006 1918 2046 ita
1939 2005 2106 2046 difficile
2123 2036 2132 2053 ‚
2156 2007 2203 2045 ut
2222 2017 2296 2045 eo-

178 2094 274 2123 rum
295 2083 531 2136 scriptionis
551 2084 741 2124 ordinem
759 2116 768 2132 ,
791 2086 916 2136 atque
938 2086 1153 2124 texturam
1176 2081 1487 2135 deprehendere
1508 2092 1597 2120 nou
1618 2078 1840 2132 possimus.
1865 2077 1908 2118 Si
1927 2077 2060 2128 igitur
2081 2075 2299 2117 Bonaven-

178 2155 287 2195 turae
308 2155 615 2195 Commentaria
640 2156 756 2207 legas
772 2188 782 2206 ,
809 2155 854 2195 in
876 2154 1226 2207 descriptionibus
1253 2154 1499 2206 scriptorem
1525 2151 1667 2192 videas
1691 2162 1884 2203 pressum
1901 2181 1911 2199 ,
1934 2149 1979 2188 in
1998 2147 2208 2200 responsis
2228 2159 2299 2187 re-

178 2226 438 2267 dundantem
453 2258 462 2275 ,
488 2227 531 2266 in
551 2227 845 2267 controversiis
865 2226 1110 2267 dirimendis
1134 2226 1308 2265 firmum
1327 2257 1336 2272 ‚
1360 2225 1404 2264 in
1424 2223 1678 2264 confutando
1704 2223 1907 2273 argutum
1927 2223 1968 2260 et
1985 2220 2200 2260 urbanum
2217 2250 2227 2269 ,
2254 2218 2300 2259 in

179 2298 400 2338 asserendo
419 2298 598 2338 feracem
619 2300 659 2338 et
678 2298 874 2338 solidum.
903 2314 921 2337 «
943 2297 1181 2338 Profundus
1203 2300 1283 2347 est,
1304 2296 1445 2349 inquit
1464 2294 1644 2335 Joannes
1663 2292 1934 2342 Trithemius,
1957 2303 2045 2331 non
2066 2290 2296 2341 verbosus3

180 2369 342 2410 subtilis
358 2403 367 2421 ,
390 2383 476 2411 non
495 2371 710 2420 curiosus3
735 2371 938 2420 disertus,
963 2381 1049 2409 non
1070 2381 1234 2418 vanus;
1258 2367 1544 2415 flammantia,
1567 2377 1654 2406 uon
1682 2364 1874 2404 inflantia
1898 2363 2026 2404 verba
2051 2362 2267 2414 proferens
2287 2375 2298 2402 :

180 2442 292 2483 unde
318 2443 508 2483 securius
536 2442 709 2494 legitur,
739 2441 903 2481 facilius
930 2441 982 2481 ab
1014 2443 1182 2481 amante
1210 2438 1485 2490 intelligitur3
1517 2437 1662 2478 utilius
1691 2436 1998 2488 frequentatur,
2030 2434 2196 2474 dulcius
2215 2465 2225 2483 ,
2262 2435 2302 2473 et

179 2513 433 2556 fructuosius
453 2514 657 2554 retinetur
672 2514 700 2553 ³.
725 2527 743 2550 >³
771 2512 992 2563 Caeterum,
1016 2514 1064 2552 ut
1083 2512 1132 2552 de
1153 2523 1307 2551 vocum
1327 2522 1412 2550 usu
1432 2509 1575 2561 aliqua
1597 2508 1800 2557 dicamus,
1825 2506 2136 2547 Bonaventurae
2163 2515 2301 2544 sermo

181 2598 257 2627 nec
277 2586 336 2627 ita
354 2586 546 2638 vulgaris
564 2588 649 2636 est,
678 2587 725 2625 ut
740 2584 842 2625 Latii
870 2584 975 2624 nihil
996 2584 1148 2624 habeat
1164 2615 1173 2632 ,
1202 2595 1279 2623 nec
1296 2582 1354 2622 ita
1375 2581 1581 2621 demissus
1597 2612 1606 2629 ,
1629 2582 1677 2620 ut
1694 2579 1802 2619 nibil
1822 2578 2009 2618 lucernae
2031 2577 2152 2617 oleat.
2178 2577 2303 2617 Com-

180 2657 344 2711 plures,
365 2657 559 2707 fatemur,
584 2657 628 2696 in
648 2656 956 2697 Bonaventurae
979 2655 1095 2696 libris
1120 2656 1324 2706 leguntur
1349 2665 1496 2700 voceS,
1523 2663 1619 2704 quae
1644 2651 1771 2702 longe
1795 2662 1819 2690 a
1839 2649 1955 2689 Latio
1983 2649 2127 2688 abesse
2154 2647 2301 2689 viden-

182 2731 265 2769 tur.
290 2727 370 2770 Sed
386 2728 478 2769 haec
496 2728 806 2769 Bonaventurae
827 2728 963 2768 danda
982 2726 1106 2767 venia
1125 2728 1205 2775 est,
1232 2724 1307 2777 qui
1326 2737 1350 2764 a
1369 2722 1576 2776 corruptis
1595 2725 1636 2763 et
1655 2721 1911 2775 perturbatis
1930 2720 2093 2760 lacunis
2115 2719 2303 2760 hauserit

182 2800 339 2841 omnia.
363 2800 452 2850 Quo
473 2800 602 2854 probe
625 2800 808 2840 stabilito
825 2832 835 2849 ,
860 2798 964 2839 illud
984 2798 1162 2851 quisque
1182 2795 1381 2848 intelligit
1399 2807 1473 2848 per
1493 2806 1535 2834 se
1550 2826 1560 2844 ,
1589 2793 1703 2846 quod
1728 2791 1992 2846 supposititia
2012 2791 2083 2831 illa.
2103 2790 2304 2843 opuscula

183 2871 374 2912 habenda
395 2871 500 2922 sint,
522 2883 618 2924 quae
641 2871 895 2911 lutulentam
918 2870 1169 2910 latinitatem
1192 2868 1406 2909 continere
1428 2866 1668 2907 videantur.
1695 2863 1813 2914 Quod
1832 2864 1866 2903 si
1886 2862 2189 2916 opusculorum
2214 2862 2304 2902 col-

182 2942 355 2983 lectores
375 2943 637 2996 editoresque
657 2943 1012 2993 considerassent,
1034 2943 1195 2982 tantam
1217 2939 1427 2980 credimus
1444 2936 1752 2990 opusculorum
1772 2935 1934 2987 copiam
1952 2966 1961 2985 ,
1982 2935 2190 2986 quantam
2210 2945 2302 2975 cer-

183 3013 349 3066 nimus,
374 3013 415 3055 S.
439 3014 604 3054 Doctori
625 3014 876 3066 neutiquam
899 3012 1229 3066 adscripsissent.

237 3083 322 3126 Nec
351 3085 468 3126 facile
495 3085 691 3126 audiendi
721 3088 821 3126 sunt
847 3085 1181 3125 nomenclatores
1208 3083 1290 3133 illi,
1319 3081 1393 3135 qui
1418 3081 1463 3120 in
1488 3078 1722 3120 asserendis
1747 3077 2059 3118 Bonaventurae
2080 3075 2300 3128 operibus,

187 3168 274 3197 non
294 3157 374 3198 alio
401 3157 677 3198 fundamento
703 3157 961 3207 innituntur,
983 3168 1114 3209 quam
1140 3154 1326 3206 antiquis
1345 3151 1599 3193 editionibus
1621 3165 1629 3190 :
1652 3149 1732 3189 nisi
1759 3150 1863 3190 forte
1885 3147 2133 3202 praesidium
2162 3150 2306 3200 petant

187 3227 255 3268 vel
273 3240 297 3268 a
315 3229 490 3269 testibus
516 3229 721 3282 probatis,
743 3228 811 3268 vel
836 3229 888 3268 ab
910 3228 1095 3280 antiquis
1123 3225 1407 3275 documentiS,
1432 3224 1586 3277 quibus
1613 3233 1770 3274 negare
1795 3221 1921 3261 fidem
1936 3252 1946 3270 ,
1974 3220 2103 3260 nimis
2128 3220 2234 3261 leve.
2258 3219 2304 3260 In

189 3310 317 3350 quam
335 3313 435 3340 sane
452 3301 602 3353 syrtim
622 3300 850 3353 saepissime
869 3300 1043 3340 offendit
1064 3299 1268 3346 OudinuS,
1289 3297 1371 3346 cui,
1392 3309 1490 3336 cum
1507 3294 1679 3336 testium
1697 3292 1924 3334 auctoritas
1942 3291 2168 3344 aliquando
2188 3291 2304 3331 dees-

190 3372 264 3420 set,
286 3370 364 3410 sibi
382 3372 480 3412 satis
499 3372 686 3425 praesidii
707 3384 795 3412 esse
814 3372 989 3424 antiqua
1010 3370 1269 3423 exemplaria
1289 3368 1515 3409 arbitratus
1534 3366 1627 3407 fuit.
1649 3365 1728 3407 Sed
1749 3377 1878 3418 quam
1897 3364 2171 3405 vehementer
2189 3374 2305 3403 erra-

189 3440 299 3481 verit
318 3440 527 3492 Oudinus,
550 3443 685 3484 visuri
704 3444 865 3483 erimus
889 3443 981 3483 loco
1001 3455 1092 3483 suo.
1114 3442 1223 3483 Vera
1245 3442 1390 3482 autem
1413 3439 1536 3491 ratio,
1557 3450 1632 3480 cur
1650 3438 1696 3478 in
1717 3436 1974 3478 stabiliendis
1993 3435 2304 3476 Bonaventurae

234 3548 245 3568 ¹
258 3549 377 3589 Paris„
397 3550 483 3593 in-8‚
504 3562 585 3585 ann.
604 3555 694 3586 1674.
708 3570 749 3576 -
762 3554 775 3574 2
790 3553 912 3585 Venet.
946 3561 1002 3583 an.
1021 3551 1113 3584 1743.

233 3595 247 3617 3
260 3597 308 3628 De
328 3597 489 3639 Scrz'ptor.
506 3601 634 3641 eccles„
654 3601 775 3642 Paris,
798 3602 891 3642 1612,
910 3600 968 3631 fol.
986 3606 1045 3632 (ΠΙ.
