2570 3986
279 280 300 308 ι’.
1144 269 1525 310 ARGUMENTFM.

278 360 515 403 nebulones
546 360 768 410 excitavit,
804 366 851 402 ut
879 359 1154 417 nequissimis
1179 358 1393 401 lueres-um
1415 359 1510 401 telis
1530 366 1719 402 sanctam
1742 362 1972 404 Ecclesiam
1994 373 2309 420 oppugnarent..
2334 370 2392 410 At

280 444 390 485 Deus
416 448 457 485 et
486 443 696 486 Dominus
719 449 860 485 noster
885 442 1118 485 adversarii
1150 442 1336 499 impetus
1363 441 1560 501 ictusque
1579 458 1729 486 omnes
1751 444 1911 487 retudit
1936 460 1983 487 ac
2011 445 2182 502 rejecit,
2205 455 2385 492 conatus

278 525 405 581 fregit
441 541 486 567 ac
531 524 773 567 debilitavit
805 524 1009 567 omnibus
1039 525 1414 583 oppugnationum
1463 526 1729 584 temporibus
1766 528 1832 569 vel
1874 528 2268 574 turbulentissimis.
2306 533 2389 576 Vix

279 622 424 649 recens
453 607 593 649 adhuc
626 607 783 650 Christi
818 622 973 649 nomen
1007 614 1095 650 erat
1118 609 1158 649 in
1185 608 1330 662 terris,
1354 608 1470 666 quod
1491 609 1739 664 Corinthos,
1762 610 1965 665 Ebiones,
1986 610 2213 666 Basilidas,
2236 614 2393 672 Carpo-

277 696 412 732 crates
430 724 439 743 ,
462 690 715 732 Valentinos
730 723 740 742 ,
762 688 999 731 Marciones
1028 695 1068 732 ct
1100 691 1201 733 talia
1226 691 1456 734 hominum
1483 698 1675 735 monstra
1694 693 1910 750 permulta
1928 693 2106 749 devicit,
2127 709 2226 737 cnm
2245 701 2394 739 contra

279 774 456 832 impiam
485 774 663 816 illorum
684 773 841 827 aciem,
862 773 1199 831 sapientissimos
1227 775 1471 818 christiana)
1493 775 1684 818 veritatis
1708 775 1837 819 duces
1858 777 2094 834 paraverit,
2118 779 2392 821 instruxerit-

278 872 361 914 que
394 857 553 899 divinis
580 855 733 909 armis,
767 855 1085 914 Polycarpum,
1107 857 1346 913 Ignufium,
1370 857 1628 917 Dionysium
1650 842 1979 918 Areopagitam,
2000 866 2041 903 et
2058 861 2182 916 alios,
2205 877 2393 920 quorum

279 939 514 981 virtutibus
533 938 711 996 depulsa
731 943 793 980 est
812 938 982 981 funesta
1002 954 1151 982 corum
1169 940 1310 997 pestis.
1335 940 1421 982 Nec
1440 956 1543 984 vero
1564 941 1712 984 multis
1734 948 1827 999 post
1845 942 1981 985 saeclis
1999 943 2053 1000 (a)
2078 943 2179 986 item
2200 944 2397 988 Christus

279 1023 467 1081 optimus
491 1021 722 1076 maximus,
746 1021 862 1075 Arii,
883 1022 1087 1064 Eunomii
1101 1056 1110 1074 ‚
1133 1022 1374 1065 Macedonii
1389 1058 1399 1078 ,
1421 1024 1689 1082 Apollinaris
1704 1061 1714 1080 ,
1736 1026 1922 1069 Nestorii
1949 1026 2171 1084 pestiferos
2190 1027 2396 1070 nefarios-

280 1120 364 1162 que
383 1109 560 1146 conatus
586 1103 769 1158 delevit,
791 1119 889 1146 cum
910 1104 955 1146 in
976 1120 1069 1147 eain
1092 1107 1487 1164 profligatissimum
1508 1109 1679 1152 turbam
1701 1108 1891 1151 incitarit
1912 1109 2046 1151 robur
2066 1109 2178 1151 illud
2198 1109 2395 1153 firmissi-

281 1202 401 1229 mum
433 1186 567 1229 nostri
600 1186 834 1239 exercitus,
868 1186 1180 1243 Athanasium,
1214 1189 1447 1244 Basilium,
1474 1191 1735 1247 Gregorium
1763 1191 2112 1247 Nazianzenum,
2136 1192 2396 1247 Gregorium

281 1270 548 1327 Nyaeenum,
582 1270 898 1328 Epiphanium‚
921 1270 1137 1328 Cyrillum
1153 1306 1163 1326 ,
1197 1272 1425 1327 Proetum,
1461 1288 1512 1315 ex
1537 1272 1703 1316 Latinis
1731 1288 1833 1317 vero
1864 1274 2137 1329 hominibus,
2160 1275 2396 1329 Hilarium,

279 1352 580 1406 Ambrosium,
614 1351 936 1409 Augustinum,
970 1353 1317 1412 Hieronymum,
1349 1355 1637 1412 Gregorium,
1672 1371 1826 1415 nempe
1857 1357 1954 1400 illos
1981 1358 2116 1416 ipsos,
2139 1359 2185 1401 in
2211 1358 2395 1417 quibus,

279 1435 516 1478 secundum
546 1435 684 1478 Deum
701 1470 711 1490 ,
733 1435 1006 1494 potissimum
1035 1437 1192 1481 nititur
1214 1445 1360 1482 nostra
1384 1439 1538 1497 religio
1561 1457 1570 1482 :
1593 1455 1645 1483 ex
1667 1455 1857 1499 quorum
1876 1440 2104 1496 doctrinis,
2124 1441 2274 1484 divina
2292 1456 2396 1484 vero

279 1532 357 1575 ope
370 1552 380 1571 ,
401 1517 531 1560 deleti
562 1518 785 1577 fugatique
804 1524 906 1562 sunt
927 1519 1115 1563 haeretici
1132 1556 1143 1575 ,
1166 1537 1406 1581 eorumque
1426 1524 1572 1567 omnia
1590 1524 1812 1566 confutata
1831 1528 2103 1579 argumenta.

338 1599 505 1642 Horum
549 1616 823 1643 summorum
854 1601 1016 1646 ducum
1055 1603 1242 1660 vigiliis,
1280 1612 1322 1647 et
1347 1606 1472 1665 quasi
1504 1606 1691 1650 cohortis
1728 1606 1942 1665 praetoriae
1969 1606 2214 1661 laboribus,
2249 1606 2400 1650 divino

280 1685 325 1725 in
344 1683 495 1741 primis
513 1683 716 1736 consilio,
740 1699 899 1740 magna
923 1699 973 1727 ex
996 1691 1115 1743 parte
1136 1686 1345 1731 instructa
1369 1694 1471 1731 sunt
1499 1695 1708 1748 tanquam
1737 1688 1989 1731 firmissima
2007 1694 2147 1732 castra
2175 1689 2401 1746 theologice

279 1766 563 1810 scholasticae:
583 1782 683 1826 quae
701 1782 802 1809 cum
822 1768 867 1810 in
880 1767 1041 1811 divinae
1060 1774 1229 1813 naturae
1244 1772 1605 1830 contemplatione
1619 1772 1832 1830 primum,
1851 1771 2006 1815 deinde
2026 1772 2072 1814 in
2088 1787 2237 1815 earum
2254 1787 2400 1816 rerum

281 1849 468 1903 actione,
491 1855 621 1908 atque
642 1865 793 1893 earum
813 1850 1029 1894 virtutum
1049 1852 1202 1895 officiis
1227 1859 1441 1909 versatur,
1471 1870 1570 1913 quae
1591 1854 1840 1898 necessariae
1858 1861 1961 1898 sunt
1980 1855 2033 1898 ad
2061 1855 2171 1899 bene
2190 1855 2399 1915 beateque

287 1934 524 1977 vivendum
541 1951 552 1990 ;
587 1941 680 1978 tum
709 1936 838 1978 etiam
853 1971 863 1991 ,
886 1943 1102 1995 quantum
1128 1954 1152 1982 a
1172 1937 1412 1996 majoribus
1437 1938 1701 1996 accepimus,
1723 1938 1852 1981 sacris
1870 1938 2045 1983 Litteris
2067 1939 2337 1998 divinisque,
2360 1945 2401 1983 et

282 2018 526 2077 apostolicis
550 2020 759 2062 instructa
779 2020 1106 2076 traditionibus,
1129 2028 1378 2066 sanctorum
1395 2021 1657 2064 Pontificum
1684 2027 1849 2065 armata
1867 2022 2185 2077 sanctionibus,
2208 2028 2249 2065 et
2262 2024 2402 2067 conci-

282 2103 442 2146 liorum
469 2103 650 2146 suffulta
669 2103 874 2158 decretis,
897 2110 938 2146 et
962 2104 1144 2148 Patrum
1162 2140 1173 2160 ,
1196 2111 1245 2148 ut
1274 2120 1375 2148 mox
1394 2105 1485 2148 dixi
1502 2140 1513 2160 ,
1547 2105 1815 2149 communita
1832 2105 2038 2149 doctrinis
2055 2141 2066 2161 ,
2090 2121 2177 2150 non
2198 2107 2325 2150 modo
2355 2108 2401 2150 in

281 2191 479 2243 apertum
511 2186 695 2244 profert,
718 2201 817 2244 quae
840 2187 1126 2230 sanctioribus
1152 2188 1370 2246 mysteriis
1391 2189 1558 2232 occulta
1576 2189 1736 2243 latent,
1759 2189 2119 2233 caeremoniarum
2144 2189 2254 2233 ritus
2273 2189 2403 2233 ratio-

284 2283 449 2327 nesque
471 2268 683 2326 explicat,
707 2274 748 2311 et
766 2269 1037 2313 conscientia!
1049 2286 1188 2326 casus,
1209 2271 1286 2329 qui
1310 2270 1508 2314 difficiles
1527 2271 1764 2329 explicatus
1782 2271 1958 2326 habent,
1980 2272 2200 2315 involutos
2221 2272 2399 2327 evolvit,

282 2350 485 2393 obscuros
515 2351 674 2409 aperit3
697 2351 770 2394 sed
797 2351 955 2395 Christi
981 2353 1167 2396 coelestis
1189 2354 1384 2412 magistri
1418 2354 1705 2413 Ecclesiaeque
1731 2355 1971 2399 doctrinam
1987 2390 1998 2410 ,
2025 2355 2169 2414 quoad
2189 2355 2283 2413 ejus
2304 2355 2401 2398 fieri

281 2438 439 2491 potest,
461 2433 700 2490 disciplinis
720 2434 1077 2493 philosophorum
1103 2437 1317 2492 illustrat,
1340 2443 1416 2480 aut
1443 2436 1687 2480 confirmat.
1710 2438 1819 2481 Nam
1838 2473 1848 2493 ,
1872 2444 1922 2481 ut
1941 2438 2042 2481 scite
2062 2438 2208 2482 docuit
2227 2439 2402 2496 Augus-

281 2516 398 2559 tinus
428 2516 721 2560 sanctissimus
751 2524 781 2572 ¹,
811 2533 913 2560 vasa
950 2525 1154 2576 argentea
1185 2526 1226 2563 et
1259 2536 1417 2576 aurea,
1452 2526 1694 2578 caeteraquc
1731 2520 2044 2580 lEgyptiorum
2083 2522 2399 2576 instrumenta,

281 2598 448 2642 etiamsi
477 2600 747 2643 commodato
777 2602 1092 2660 acceperimus,
1115 2603 1215 2660 jure
1254 2603 1380 2662 quasi
1410 2610 1557 2647 nostra
1586 2604 1723 2648 facere
1753 2619 2005 2663 possumus,
2034 2610 2164 2664 atque
2196 2605 2243 2648 in
2271 2620 2400 2648 usum

283 2681 479 2724 fidelium
499 2682 742 2725 vendicare.
767 2683 947 2727 Discunt
966 2685 1156 2743 theologi
1177 2686 1416 2729 scholastici
1439 2702 1464 2730 a
1484 2687 1621 2730 David
1640 2692 1895 2745 extorquere
1915 2687 1966 2731 de
1988 2688 2190 2731 manibus
2210 2687 2400 2731 hostium

283 2763 496 2819 gladium,
519 2771 559 2807 et
578 2765 714 2808 Goliae
733 2765 1095 2824 importunissimi
1118 2768 1252 2811 hostis
1275 2774 1403 2828 caput
1422 2770 1598 2828 proprio
1618 2785 1824 2813 mucrone
1843 2771 2093 2814 abscindere
2113 2776 2144 2813 2.
2166 2770 2346 2814 Discunt
2377 2786 2402 2813 a

284 2846 407 2889 beato
420 2847 559 2891 Paulo
585 2849 778 2907 apostolo
798 2849 926 2892 etiam
947 2850 1170 2893 fortuitam
1185 2851 1509 2909 inscriptionem
1523 2858 1613 2895 arte
1634 2859 1836 2912 torquere
1856 2853 1902 2896 in
1922 2859 2235 2911 argumentum
2253 2852 2357 2895 fidei
2388 2887 2398 2907 ,

284 2935 325 2972 et
344 2945 442 2988 quai
460 2931 504 2973 in
519 2932 654 2974 alium
674 2947 803 2975 usum
822 2931 979 2990 scripta
995 2941 1112 2987 sunt,
1131 2948 1180 2975 ea
1199 2933 1253 2976 ad
1273 2934 1618 2978 emolumentum
1637 2935 1858 2979 catholica),
1878 2936 2115 2994 disciplina}
2135 2940 2398 2979 convertere.

344 3012 427 3056 Sed
449 3015 549 3058 nolo
568 3015 786 3073 pluribus,
807 3031 905 3059 cum
926 3031 992 3059 res
1015 3017 1116 3059 satis
1135 3021 1265 3075 atque
1285 3017 1385 3059 satis
1404 3017 1449 3060 in
1469 3024 1674 3076 promptu
1694 3019 1748 3061 sit
1773 3035 1782 3061 z
1808 3019 1919 3062 illud
1939 3024 2085 3061 autem
2115 3019 2294 3061 tacitum
2314 3033 2401 3061 non

285 3095 529 3155 relinquam
546 3132 556 3152 ,
593 3099 709 3157 quod
742 3099 795 3142 ad
821 3104 996 3142 caeteras
1028 3099 1258 3154 utilitates,
1284 3116 1394 3158 quas
1418 3100 1617 3144 Ecclesia}
1644 3101 1722 3144 Dei
1752 3102 1964 3161 plurimas
1993 3101 2290 3159 maximasque
2319 3101 2403 3143 fert

284 3178 544 3222 scholastica]
577 3180 805 3238 theologiae
835 3182 1030 3225 studium
1049 3216 1059 3236 ,
1091 3183 1252 3225 accedit
1277 3184 1406 3226 etiam
1438 3184 1538 3236 hoc,
1571 3184 1690 3242 quod
1713 3185 2117 3243 praestantissimum
2155 3188 2245 3237 est,
2283 3184 2401 3242 quod

285 3261 432 3304 doceat
454 3276 553 3304 cun]
573 3277 846 3320 propugnare
866 3264 997 3307 fidem
1017 3299 1027 3320 ,
1051 3271 1143 3308 tum
1166 3264 1350 3308 haereses
1368 3281 1634 3324 expugnare.
1665 3267 1864 3311 Sexcenti
1881 3301 1892 3322 ,
1915 3267 1984 3310 vel
2003 3266 2147 3325 potius
2176 3267 2401 3309 innumeri

285 3344 426 3403 clypei
445 3360 497 3388 ex
525 3360 575 3388 ea
596 3346 784 3404 pendent
803 3382 813 3402 ,
835 3353 877 3390 et
894 3348 1034 3391 omnis
1055 3354 1277 3391 armatura
1295 3355 1558 3393 sauctorum.
1581 3350 1746 3393 Verum
1761 3385 1772 3405 ,
1790 3350 1882 3409 jam
1908 3349 2158 3393 summatim
2188 3364 2236 3392 ac
2254 3348 2401 3407 paucis

288 3441 377 3469 rem
398 3442 571 3471 omnem
591 3430 848 3487 complectar
872 3447 880 3472 :
904 3437 966 3474 est
990 3431 1205 3488 theologia
1236 3431 1486 3475 scholastica
1503 3467 1513 3487 ,
1548 3448 1646 3491 qua:
1667 3439 1754 3476 tam
1775 3433 1981 3492 praeclara
1998 3467 2008 3487 ,
2038 3438 2087 3476 ut
2107 3432 2224 3487 dixi,
2249 3431 2370 3475 docet
2387 3466 2398 3486 ,

331 3542 507 3582 ¹August.,
527 3542 566 3573 cle
588 3543 843 3583 I)ocl1·.t;ltt·s.sl.,
865 3544 921 3575 lib,
943 3545 966 3575 u
983 3569 990 3582 ‚
1014 3557 1042 3576 c.
1063 3553 1117 3576 xi„
1139 3555 1172 3575 n.
1191 3547 1240 3576 Gt.
1257 3564 1296 3568 —
1319 3546 1356 3576 21
1380 3547 1469 3586 Hesp,
1490 3554 1573 3585 xvn,
1592 3549 1643 3578 51.
1658 3565 1698 3569 —
1717 3547 1830 3585 ³.›1ct.‚
1849 3554 1933 3587 xvu,
1955 3548 2004 3577 2:2¹.

331 3614 368 3650 tar)
393 3613 486 3644 Etlst.
503 3614 602 3654 Ltlsstl.
625 3615 766 3646 Stimulis.
