2613 3990
229 209 306 248 376

230 297 466 346 insuetum,
500 298 541 336 et
571 295 796 338 videbatur
821 307 969 337 sonare
999 295 1112 336 idem
1143 294 1258 347 quod

231 367 492 418 substantia3
524 370 566 408 et
595 368 853 417 substantia,
874 366 1110 407 secundum
1142 377 1259 406 com-

232 451 408 480 munem
425 440 709 493 acceptionem
723 471 735 490 ‚
755 451 842 479 non
861 438 1016 479 dicitur
1037 437 1260 491 pluraliter

232 514 282 554 (16
300 514 491 567 personis
514 528 522 555 :
543 517 583 554 61
601 514 695 554 ideo
723 513 890 554 volebat
915 516 1017 553 tunc
1036 512 1178 561 taceri,
1207 524 1261 552 ne

232 585 418 626 baeretici
435 585 672 638 acciperent
690 584 951 625 occasionem
979 583 1258 636 malignandi.

233 657 356 700 Nunc
375 662 517 700 autem
532 658 638 699 illud
658 670 816 699 nomen
835 658 1125 711 specificatum
1146 659 1263 698 estet

233 743 482 784 expressum
505 745 514 771 :
534 731 626 771 ideo
647 730 773 771 modo
791 730 1046 771 conceditur.

287 805 351 846 Ad
379 805 484 846 illud
516 805 629 858 quod
658 804 856 857 objicitur
886 804 1071 845 secundo
1088 836 1099 854 ,
1121 803 1261 845 dicen-

235 879 338 918 dum
369 876 483 930 quod
514 877 763 929 hujusmodi
792 876 971 917 nomina
1000 876 1122 916 aliter
1149 876 1263 916 acci-

235 949 411 1002 piuntur
436 949 480 988 in
511 947 791 1001 philosophia,
815 947 935 988 aliter
954 948 1000 987 in
1020 947 1261 1000 theologia3

235 1024 275 1061 et
303 1020 384 1060 hoc
404 1022 516 1072 patet
547 1032 622 1073 per
650 1018 844 1060 Boetium
860 1051 869 1068 ,
892 1019 993 1072 quia
1012 1019 1134 1059 aliter
1153 1019 1265 1059 acci-

235 1092 296 1144 pit
315 1091 493 1144 loquens
512 1093 561 1131 ut
579 1090 870 1144 philosophus,
889 1090 1010 1131 aliter
1027 1090 1205 1143 loquens
1219 1094 1267 1131 ut

237 1163 461 1215 theologus
479 1163 524 1203 in
537 1163 645 1203 libro
662 1162 712 1204 cle
735 1162 900 1204 duabus
918 1164 1108 1214 naturis,
1125 1168 1165 1205 et
1178 1173 1267 1204 una

235 1245 417 1287 persona
437 1234 614 1277 Christi.

670 1360 760 1388 DUss.
792 1360 837 1387 11.

343 1437 462 1470 Verius
482 1437 573 1469 6111111
593 1437 758 1479 cogitatur
778 1438 887 1478 Deus,
908 1445 1010 1478 quam
1030 1436 1165 1468 dicitur.

291 1519 465 1562 Videtur
484 1520 654 1571 falsum,
677 1521 780 1574 quia
800 1520 943 1562 omnis
960 1520 1098 1561 fidelis
1112 1520 1272 1573 cogitat

240 1592 373 1633 Deum
405 1604 494 1633 6556
524 1592 688 1634 trinum
720 1595 761 1633 et
798 1605 958 1644 unum;
998 1595 1039 1633 et
1072 1591 1180 1632 nihil
1210 1594 1272 1632 est

240 1663 385 1705 verius
405 1664 485 1705 isto
509 1679 518 1705 z
537 1664 673 1717 igitur
693 1676 782 1705 11011
800 1667 863 1705 est
883 1663 1022 1706 verius
1044 1676 1174 1716 quam
1194 1676 1270 1704 co-

241 1735 416 1788 gitatur.

295 1807 426 1859 Item,
461 1807 631 1849 videtur
666 1806 820 1848 falsum
852 1807 968 1860 quod
998 1806 1124 1857 dicit,
1155 1807 1273 1860 quod

241 1879 387 1920 verius
405 1878 616 1931 cogitatur
632 1890 764 1932 quam
781 1878 945 1920 dicatur
968 1894 977 1921 :
1005 1878 1140 1919 multa
1156 1879 1273 1919 enim

242 1950 422 1991 dicimus
441 1962 538 2003 quae
557 1962 645 1991 non
673 1949 959 2003 intelligimus
984 1964 993 1991 :
1016 1950 1155 2003 igitur
1178 1951 1274 2004 plus

242 2034 286 2063 se
299 2022 488 2063 extendit
503 2021 660 2063 veritas
674 2021 896 2071 sermonis,
914 2034 1044 2075 quam
1060 2021 1274 2063 interioris

243 2092 525 2145 cogitationis.

298 2164 403 2205 Item
422 2176 527 2217 ergo
541 2164 634 2205 dico
647 2164 780 2205 Deum
795 2177 884 2206 esse
905 2177 1072 2206 summe
1094 2177 1272 2206 verum:

245 2237 316 2277 sed
348 2236 457 2277 nihil
487 2239 624 2289 potest
657 2236 803 2277 verius
829 2236 911 2277 1106
944 2236 1125 2289 cogitari
1159 2248 1168 2276 :
1197 2247 1276 2276 nec

245 2320 334 2349 6556
351 2307 490 2360 magis
510 2319 663 2348 verum
683 2320 851 2349 summe
870 2319 972 2350 vero
992 2320 1002 2348 :
1023 2307 1173 2359 igitur,
1196 2310 1273 2347 etc.

300 2379 424 2432 Resp.
455 2379 690 2420 Dicendum
719 2379 834 2432 quod
869 2391 1008 2420 sermo
1043 2379 1277 2431 Augustini

246 2454 309 2492 cst
347 2451 520 2504 duplex.
555 2450 694 2492 Potest
735 2452 851 2492 enim
888 2463 978 2492 esse
1019 2450 1276 2504 comparatio

246 2523 353 2564 entis
374 2523 427 2564 ad
445 2522 587 2576 ipsum
607 2522 855 2574 cogitatum,
875 2525 915 2564 et
932 2523 1103 2575 cogitati
1122 2522 1174 2563 ad
1189 2522 1278 2563 dic-

248 2597 340 2636 tum
366 2607 375 2635 :
400 2597 440 2636 et
459 2594 517 2635 sic
540 2607 627 2636 non
646 2594 773 2635 habet
794 2594 1031 2646 veritatem,
1045 2595 1147 2647 quia
1164 2607 1278 2636 unus

247 2669 287 2708 et
303 2667 415 2707 idem
435 2668 497 2707 est
519 2665 628 2708 Deus
646 2666 720 2720 qui
739 2668 814 2716 est,
837 2669 878 2707 et
895 2666 968 2719 qui
988 2666 1212 2718 cogitatur,
1239 2667 1280 2706 et

247 2738 321 2791 qui
353 2738 521 2789 dicitur,
551 2740 591 2778 et
619 2738 841 2791 aequaliter
870 2750 1012 2779 verus
1040 2737 1181 2779 Potest
1200 2738 1280 2779 ite·

248 2822 346 2850 rum
377 2810 469 2850 fieri
501 2810 758 2863 comparatio
786 2811 838 2851 ad
869 2813 1012 2851 actum
1038 2810 1215 2859 essendi,
1239 2813 1279 2850 ct

249 2881 477 2934 cogitandi,
500 2884 540 2922 et
569 2881 771 2935 loquendi
797 2896 805 2922 :
833 2884 874 2922 et
898 2881 958 2922 sic
986 2882 1114 2922 habet
1140 2894 1279 2922 sermo

249 2952 481 3005 Augustini
502 2954 748 3004 veritatem;
771 2954 976 3007 quoniam
1004 2953 1113 2994 Deus
1138 2953 1184 2993 in
1203 2966 1280 2994 suo

250 3036 339 3065 esse
376 3024 501 3065 habet
543 3038 758 3067 summam
793 3026 1030 3067 veritatem.
1071 3025 1279 3077 Cogitatio

250 3108 354 3136 vero
375 3099 533 3148 nostra,
553 3109 651 3138 cum
671 3098 725 3138 sit
745 3100 882 3138 creata
898 3129 908 3147 ,
931 3100 971 3138 et
1000 3097 1239 3150 exemplata
1257 3109 1282 3137 a

252 3179 423 3208 summa
431 3167 622 3218 veritate,
634 3180 722 3209 non
733 3171 867 3222 potest
877 3181 966 3209 esse
977 3180 1143 3209 summe
1157 3180 1258 3209 vera
1269 3180 1279 3218 ;

254 3238 446 3279 similiter
459 3251 537 3280 nec
555 3239 711 3281 locutio
727 3253 737 3291 3
762 3243 802 3281 et
820 3241 914 3281 ideo
933 3241 1077 3281 minus
1095 3240 1146 3280 de
1165 3240 1282 3280 veri-

252 3313 337 3351 tate
355 3310 497 3351 hahet.
519 3309 569 3351 Et
583 3323 745 3362 rursus,
764 3325 862 3352 cum
876 3312 1015 3365 magis
1028 3311 1283 3352 assimiletur

255 3394 426 3422 summo
444 3394 544 3423 vero
566 3385 682 3422 actus
703 3384 916 3435 cogitandi
936 3384 1127 3433 interior,
1152 3395 1283 3436 quam

256 3457 373 3494 actus
391 3453 592 3506 loquendi
612 3455 809 3503 exterior,
832 3455 971 3507 magis
990 3456 1116 3496 hahet
1134 3455 1184 3495 de
1205 3467 1284 3495 ve·-

256 3525 378 3565 ritate
408 3525 605 3577 cogitatio
631 3537 759 3578 quain
789 3525 969 3578 locutio,
994 3527 1096 3579 quia
1115 3526 1198 3568 Deo
1222 3528 1284 3567 est

979 204 1393 246 SENTENTIARUM
1421 205 1517 247 LlB.
1551 206 1583 246 I.

1330 296 1521 338 similior.
1545 296 1741 338 Rationes
1757 308 1859 337 vero
1881 296 1933 337 ad
1951 296 2189 349 oppositum
2205 308 2349 351 proce-

1331 367 1437 408 dunt
1453 369 1693 410 secundum
1711 367 1893 421 primam
1915 367 2043 409 viam.

1750 501 1839 529 DUB.
1870 499 1930 528 111.

1333 585 1384 616 An
1411 584 1486 616 idco
1512 585 1605 618 licuit
1630 586 1789 627 loquendi
1815 586 2050 627 disputandivc
2072 586 2270 618 necessitate
2292 590 2359 619 tres

1355 641 1520 673 personas
1534 634 1748 675 (11661·6,616.,
1764 635 1841 676 quia
1853 634 2025 675 Scriptura
2038 643 2105 665 non
2118 635 2338 668 condradicit.

1390 724 1544 765 Contra
1573 740 1580 766 :
1605 725 1712 776 Quia
1743 727 1958 780 Scriptura
1985 739 2072 767 non
2101 727 2359 779 contradicit,

1337 795 1472 847 igitur
1489 796 1586 837 licet
1607 797 1742 839 dicere
1764 797 1945 848 Patrem,
1972 798 2142 849 Filium,
2164 802 2204 839 et
2231 798 2364 852 Spiri-

1337 869 1431 907 tum
1466 870 1661 908 sanctum
1692 881 1779 909 non
1804 882 1893 911 esse
1918 872 2001 910 tres
2025 881 2223 922 personas
2251 883 2260 909 :
2295 870 2364 910 sed

1338 950 1423 979 non
1455 938 1551 979 licet
1580 939 1718 980 dicere
1746 941 1826 980 nisi
1861 953 2038 991 verum,
2071 941 2205 993 igitur
2231 941 2366 994 huJ‘us

1339 1010 1582 1063 oppositum
1601 1014 1662 1050 est
1681 1010 1847 1051 salsum.

1394 1080 1518 1133 Resp.
1547 1081 1658 1133 quod
1689 1081 1767 1121 ista
1794 1083 1979 1122 nonfuit
2005 1086 2091 1123 tota
2116 1083 2222 1123 ratio
2250 1083 2365 1134 dicti,

1341 1152 1412 1192 sed
1437 1152 1705 1204 Augustinus
1721 1153 1899 1193 subticet
1918 1157 2083 1206 partem
2103 1166 2256 1195 causae.
2283 1153 2367 1194 Ra-

1341 1222 1399 1263 tio
1422 1222 1537 1262 enim
1557 1223 1658 1272 fuit,
1680 1223 1787 1264 sicut
1811 1224 1900 1276 ipse
1919 1225 2053 1277 aperit
2079 1227 2124 1265 in
2149 1225 2367 1278 sequenti-

1342 1293 1438 1344 bus,
1462 1293 1678 1346 quiaratio
1694 1295 1967 1344 consonabat,
1988 1300 2027 1336 et
2045 1296 2260 1350 Scriptura
2278 1308 2365 1337 non

1343 1365 1667 1406 contradicebat.
1695 1365 1803 1406 Nam
1823 1366 1857 1407 si
1871 1366 2087 1420 Scriptura
2106 1368 2368 1408 contradice-

1343 1438 1420 1485 ret,
1435 1439 1831 1490 quantumcumque
1842 1438 1949 1478 ratio
1963 1438 2150 1489 dictaret,
2164 1452 2249 1479 non
2264 1443 2371 1480 esset

1344 1507 1571 1549 dicendum
1595 1523 1603 1549 :
1624 1512 1664 1549 et
1682 1512 1854 1562 propter
1878 1510 1958 1550 hoc
1982 1522 2070 1550 non
2096 1510 2216 1550 licuit
2234 1511 2371 1552 dicere

1343 1582 1428 1619 tres
1456 1580 1681 1629 essentias,
1715 1580 1816 1633 quia
1848 1580 1954 1621 ratio
1983 1593 2069 1621 11011
2101 1582 2369 1622 consonabat.

1346 1651 1483 1701 Quare
1517 1655 1661 1692 autem
1690 1653 1798 1693 ratio
1825 1653 1963 1705 magis
1994 1655 2193 1695 consonet
2222 1653 2267 1692 in
2294 1653 2374 1693 hoc

1345 1723 1534 1774 nomine,
1566 1734 1774 1777 persona,
1806 1737 1938 1777 quam
1973 1724 2018 1764 in
2052 1725 2132 1764 1106
2171 1724 2371 1775 1101111116,

1347 1797 1560 1846 essentia,
1592 1798 1728 1849 patet,
1757 1796 1790 1836 si
1819 1796 2057 1836 attendatur
2087 1795 2373 1848 significatum

1345 1868 1567 1920 utriusque
1585 1881 1638 1908 ex
1657 1868 1797 1909 verbis
1817 1868 2047 1920 Augustini
2061 1879 2158 1920 quae
2174 1867 2375 1920 Magister

1345 1939 1462 1982 dicit.
1495 1939 1631 1989 Quare
1656 1940 1816 1980 dictum
1844 1943 1906 1980 est
1937 1940 1989 1979 ab
2020 1939 2202 1979 Ecclesia
2233 1953 2242 1979 :
2277 1939 2374 1980 Tres

1345 2013 1563 2065 persome?
1574 2014 1700 2065 patet,
1718 2011 1817 2064 quia
1832 2011 1985 2063 triplex
2000 2011 2078 2050 fuit
2092 2010 2211 2051 ratio.
2234 2010 2376 2051 Prima

1348 2084 1445 2134 fuit,
1479 2084 1581 2137 quia
1610 2083 1832 2124 necessitas
1862 2082 2125 2122 imminebat.
2160 2082 2372 2133 Secunda,

1348 2157 1449 2209 quia
1464 2156 1571 2196 ratio
1588 2155 1856 2196 consonabat.
1871 2153 2024 2205 Tertia,
2041 2154 2145 2206 quia
2159 2152 2378 2207 Scriptura

1348 2228 1394 2268 in
1421 2228 1539 2268 nullo
1566 2227 1901 2276 contradicebat,
1926 2226 2060 2266 11111110
2079 2225 2207 2266 etiam
2229 2237 2377 2265 conso-

1350 2300 1490 2341 nabat.
1522 2299 1640 2340 Unde
1663 2298 1806 2339 minus
1833 2298 1932 2339 (licit
1947 2330 1957 2348 ,
1980 2300 2022 2338 et
2046 2297 2140 2350 plus
2161 2296 2374 2348 intelligit,

1350 2372 1519 2425 quando
1554 2371 1653 2412 dicit
1687 2370 1800 2423 quod
1840 2370 2061 2423 Scriptura
2093 2381 2181 2410 non
2211 2371 2377 2409 contra·-

1351 2443 1464 2485 dicit.

1776 2549 1864 2577 nun.
1897 2548 1955 2577 iv.

1352 2642 1401 2673 lbi
1420 2640 1510 2673 nulla
1528 2640 1662 2682 penitus
1682 2641 1732 2671 651.
1751 2638 1945 2679 diversitas,
1969 2637 2056 2669 sicut
2071 2646 2135 2669 nec
2152 2637 2378 2678 singularitas.

1406 2734 1558 2776 Contra
1583 2748 1591 2774 :
1615 2732 1722 2781 Quia
1740 2732 1774 2771 si
1793 2732 1873 2773 hoc
1898 2733 1959 2772 est
1981 2743 2152 2780 verum,
2172 2730 2305 2782 igitur
2323 2731 2380 2770 ibi

1353 2809 1415 2848 est
1443 2804 1581 2846 omnis
1604 2803 1799 2844 identitas
1824 2817 1832 2844 ε
1863 2802 1999 2855 igitur
2017 2804 2198 2852 naturae,
2222 2804 2263 2841 et
2279 2813 2380 2854 per-

1353 2890 1484 2919 sonae.

1408 2949 1528 3002 Resp.
1563 2947 1795 2988 Dicendum
1820 2946 1931 3000 quod
1952 2944 2139 2985 facienda
2166 2947 2227 2984 est
2245 2944 2311 2984 vis
2337 2944 2381 2984 in

1354 3022 1499 3063 verbo.
1528 3019 1754 3061 Diversitas
1780 3018 1895 3059 6111111
1921 3016 2151 3058 attenditur
2169 3019 2381 3068 quantum

1354 3093 1407 3134 ad
1434 3090 1643 3146 principia
1674 3088 1925 3138 essentialia,
1954 3087 2043 3128 sive
2074 3087 2380 3127 substantialia.

1356 3164 1463 3215 Quia
1480 3162 1614 3215 igitur
1634 3161 1679 3201 in
1705 3160 1860 3202 divinis
1885 3160 2095 3212 quantum
2116 3158 2169 3198 ab
2187 3158 2382 3198 substan-

1354 3237 1471 3278 tialia
1491 3234 1610 3275 nulla
1629 3234 1738 3274 cadit
1757 3230 2012 3279 differentia,
2035 3229 2127 3269 ideo
2151 3229 2250 3269 dicit
2269 3229 2384 3282 quod

1356 3308 1474 3349 nulla
1497 3305 1716 3347 diversitas
1744 3319 1752 3345 :
1794 3304 1886 3345 ideo
1917 3314 2002 3343 non
2034 3301 2238 3354 sequitur,
2271 3301 2384 3354 quod

1356 3379 1524 3434 penitus
1551 3377 1725 3417 omnino
1757 3378 1819 3416 est
1849 3374 2064 3424 identitas,
2097 3373 2177 3413 nisi
2206 3373 2385 3413 addatur

1357 3448 1679 3498 determinatio,
1711 3447 1865 3488 scilicet
1888 3446 2023 3499 quoad
2061 3445 2314 3496 essentialia3
2345 3446 2385 3484 ct

1358 3524 1417 3565 sic
1435 3524 1548 3576 patet
1571 3520 1690 3560 illud.
