2613 3990
50 3438 130 3468 Fuud
134 3448 161 3466 a·

21 3484 123 3510 menta.

717 247 841 288 DIST.
873 246 996 289 XVII.
1029 245 1179 286 PART.
1214 245 1246 286 I.
1278 246 1395 287 ART.
1428 247 1459 288 I.
1491 246 1687 296 QUAEST.
1717 247 1766 287 II.

181 334 310 387 quirit
337 334 519 375 formam
545 349 553 375 :
577 340 618 376 et
644 338 737 377 ideo
758 349 934 376 anteesse
962 339 1023 376 est
1047 346 1203 388 ponere

180 405 373 446 habitum
390 405 704 448 informantem.

235 475 273 513 8.
296 472 360 513 Ad
392 473 495 515 illud
522 476 633 527 quod
662 475 876 527 objicitur,
901 475 1012 527 quod
1041 474 1204 515 vanitas

179 556 264 585 non
289 543 437 584 unitur
459 546 638 594 veritati,
671 546 895 587 dicendum
927 545 1039 598 quod
1067 545 1204 596 gratia

179 619 313 670 potest
333 616 587 658 considerari
605 617 837 657 secundum
853 616 962 669 quod
979 629 1030 656 cx
1051 616 1200 665 nihilo,

179 692 220 729 et
235 690 292 730 sic
311 694 371 731 est
390 690 569 739 vanitas,
590 692 629 729 et
645 689 705 728 sic
724 700 808 728 non
828 688 942 737 unit,
969 690 1033 728 vel
1052 700 1201 728 secun-

179 761 282 802 dum
303 763 417 816 quod
442 765 502 803 est
522 760 740 801 influentia
761 760 995 801 secundum
1015 759 1203 800 divinam

179 835 464 886 praesentiam,
481 836 520 874 et
537 833 596 873 sic
614 832 741 872 habet
759 831 945 871 veritatis
962 844 1203 884 expressam

179 904 513 954 similitudinem,
532 906 573 944 θῖ
595 903 663 943 tali
684 902 807 943 modo
832 902 937 942 unIt..

231 979 271 1017 9.
297 976 360 1017 Ad
375 976 479 1016 illud
498 974 612 1027 quod
632 974 842 1026 objicitur,
876 974 989 1026 quod
1024 974 1204 1014 charitas

177 1047 275 1087 facit
297 1047 473 1099 diligere
490 1045 623 1086 Deum
645 1047 856 1097 quantum
868 1048 929 1085 θεῖ
947 1045 1200 1097 diligendus,

178 1121 273 1169 ete.;
295 1118 519 1159 dicendum
533 1117 645 1170 quod
667 1116 744 1156 hoc
772 1119 906 1168 potest
925 1116 1103 1168 intelligi
1124 1117 1203 1157 du-

177 1189 339 1242 pliciter
370 1202 380 1229 :
415 1188 482 1230 vel
516 1191 726 1241 quantum
754 1188 862 1229 Deus
881 1188 1052 1229 deberet
1080 1188 1201 1240 diligi

176 1260 222 1300 in
246 1273 308 1312 se,
332 1264 372 1302 et
403 1260 461 1301 sic
488 1264 550 1301 est
577 1260 758 1309 falsum,
785 1260 885 1312 quia
915 1273 1014 1300 cum
1049 1260 1100 1300 sit
1127 1260 1202 1300 ho-

177 1344 285 1372 num
309 1332 542 1383 infinitum,
561 1332 729 1373 deberet
747 1331 790 1371 in
812 1332 1030 1372 infinitum
1051 1331 1168 1383 diligi
1190 1364 1199 1381 ,

179 1407 219 1444 θῖ
238 1404 311 1444 tali
328 1404 453 1445 modo
479 1404 586 1444 Deus
609 1404 722 1444 solus
743 1404 929 1456 seipsum
950 1404 1109 1456 diligit3
1133 1404 1202 1444 vel

177 1474 221 1514 in
250 1478 459 1528 quantum
483 1478 543 1516 est
574 1475 813 1527 diligendus
845 1475 897 1515 ab
932 1475 1034 1523 hoc,
1077 1478 1117 1515 et
1145 1475 1203 1515 sic

177 1559 331 1588 verum
368 1550 450 1598 est,
488 1550 528 1588 θῖ
564 1550 666 1587 tunc
702 1547 838 1598 diligit
876 1548 919 1586 in
958 1547 1198 1595 inlinitum,

176 1634 262 1662 non
301 1622 559 1675 simpliciter,
590 1622 656 1662 sed
690 1621 923 1662 secundum
953 1621 1201 1661 aestimatio-

177 1706 277 1734 nem
322 1694 516 1734 habentis
559 1693 821 1734 charitatem.
862 1692 1045 1733 Tantum
1086 1693 1200 1733 enim

176 1765 313 1817 diligit
364 1765 543 1806 charitas
588 1765 721 1805 Deum
771 1765 998 1818 plusquam
1037 1766 1199 1806 bonum

176 1840 380 1887 creatum,
401 1837 514 1890 quod
541 1837 575 1877 si
606 1838 768 1878 bonum
795 1840 985 1877 creatum
1017 1837 1062 1877 in
1101 1837 1201 1877 infi-

176 1908 316 1949 nitum
351 1909 700 1962 multiplicaretur
721 1941 730 1958 ,
771 1909 908 1949 adhuc
932 1909 1070 1960 magis
1105 1909 1199 1948 dili-

175 1984 296 2031 geret
316 1980 465 2022 Deum.
497 1981 616 2030 Quod
635 1983 778 2021 autem
808 1981 1006 2032 objicitur
1027 1981 1071 2020 in
1100 1993 1199 2021 con-

173 2052 354 2093 trarium
370 2085 380 2104 ,
408 2053 727 2094 concedendum
760 2054 821 2092 est
846 2055 1000 2104 praeter
1024 2052 1110 2093 duo
1136 2053 1200 2093 ul-

173 2123 278 2164 tima
329 2136 427 2177 quae
464 2124 690 2165 ostendunt
730 2122 983 2175 Magistrum
1023 2136 1198 2165 errasse,

175 2192 295 2244 Quod
328 2199 471 2237 autem
509 2195 720 2248 objicitur,
757 2195 858 2247 quia
887 2195 1034 2236 dividit
1072 2208 1201 2248 opera

174 2264 409 2318 Trinitatis3
432 2267 657 2308 dicendum
682 2266 796 2319 quod
816 2266 968 2307 falsum
995 2270 1077 2317 est,
1098 2268 1200 2320 quia

175 2338 289 2390 quod
309 2337 490 2391 Spiritus
511 2341 680 2379 sanctus
707 2338 758 2378 sit
775 2339 970 2388 charitas,
994 2351 1078 2391 qua
1107 2340 1203 2380 dili-

175 2409 321 2461 gimus
338 2410 487 2462 Deum,
508 2413 580 2451 aut
598 2410 759 2451 dictum
777 2413 838 2450 θεῖ
854 2422 928 2462 per
947 2411 1201 2464 appropria-

174 2482 350 2533 tionem,
389 2485 463 2522 aut
496 2494 571 2534 per
608 2482 833 2532 unionem,
873 2485 946 2522 aut
980 2485 1090 2522 certe
1128 2495 1203 2534 per

174 2554 559 2607 exemplaritatem,
579 2556 619 2593 et
646 2554 704 2593 sic
727 2553 1029 2605 intelliguntur
1055 2566 1202 2594 omnes

175 2625 456 2677 auctoritates,
475 2637 580 2679 quas
609 2624 807 2677 Magister
834 2625 1001 2666 adducit
1021 2638 1097 2678 pro
1123 2637 1166 2666 εθ
1191 2639 1199 2666 z

174 2697 405 2738 formaliter
424 2700 569 2738 autem
588 2697 814 2749 loquendo,
835 2710 922 2737 non
947 2697 1202 2749 intelligun-

174 2771 247 2809 tur
271 2781 407 2821 verae,
429 2782 508 2811 nec
538 2769 661 2810 credo
681 2769 793 2822 quod
814 2768 1013 2821 Magister
1036 2769 1201 2810 intelle-

175 2841 285 2881 xerit
303 2841 376 2893 510,
393 2843 432 2882 et
451 2853 525 2894 per
538 2841 618 2882 hoc
637 2843 749 2894 patet
767 2840 886 2890 illud,
903 2841 1017 2894 quod
1039 2840 1202 2893 Magis-

177 2914 240 2952 ter
263 2925 351 2953 non
374 2912 473 2954 dicit
503 2912 617 2965 quod
649 2915 837 2952 creatum
859 2912 912 2951 sit
936 2912 1173 2952 increatum
1190 2944 1200 2963 ,

177 2983 248 3024 sed
281 2985 393 3037 quod
429 2984 609 3025 sufficiat
649 2983 812 3023 donum
844 2983 1078 3024 increatum
1112 2985 1203 3025 sine

177 3057 316 3097 creato
333 3071 342 3097 z
361 3056 462 3097 etin
476 3056 557 3097 hoc
574 3067 662 3096 non
680 3054 758 3095 fuit
777 3066 908 3105 error,
925 3055 996 3096 sed
1013 3055 1204 3096 defectus

177 3129 358 3169 tantum.

512 3212 782 3264 QUAESTIO
809 3212 864 3253 II.

290 3311 350 3346 Αη
372 3311 529 3346 charitas
548 3321 591 3346 ea:
610 3311 787 3346 charitate
805 3311 853 3345 sit
872 3309 1043 3345 amabilis
1063 3310 1088 3345 ¹.

232 3409 383 3450 Utrum
408 3411 588 3451 charitas
607 3410 658 3450 sit
683 3409 877 3450 amabilis
899 3420 951 3448 ex
975 3409 1199 3460 charitate3

179 3484 220 3522 et
238 3482 350 3533 quod
372 3481 444 3532 sic,
465 3482 699 3522 ostenditur
720 3482 800 3522 hoc
828 3480 967 3520 modo.
994 3481 1203 3533 Augusti-

226 3573 234 3585 ¹
249 3564 302 3605 Cf.
322 3564 418 3596 Alex.
437 3563 580 3605 Alensis,
598 3564 635 3595 in
654 3564 847 3597 Continuat.
868 3572 901 3604 p.
923 3563 963 3594 lll
977 3587 988 3604 ,
1011 3564 1074 3595 col.
1091 3572 1175 3597 LXIII
1190 3589 1202 3606 ,

2227 258 2303 295 0285

1281 349 1375 387 nus,
1388 337 1434 376 in
1451 339 1598 377 octavo
1617 336 1667 377 de
1692 336 1923 378 Trinitc1oe²
1941 351 1956 376 .·
1977 353 1995 376 «
2014 338 2146 381 Nemo
2162 343 2270 383 hicat
2292 360 2300 385 ε

1281 405 1374 446 Νο11
1403 406 1502 447 110νί
1530 406 1629 459 quid
1652 407 1827 459 diligam
1851 422 1858 448 :
1884 408 2031 460 diligat
2050 410 2242 464 fratrem,
2266 417 2305 455 θῖ

1280 476 1419 528 diligit
1453 477 1587 530 ipsam
1621 477 1899 519 dilectionem.
1934 494 1952 516 ›)
1999 479 2111 533 Ergo
2140 483 2304 526 dilectio

1280 550 1341 586 est
1359 547 1572 599 diligenda
1593 559 1602 587 ε
1623 560 1741 600 ergo,
1761 552 1836 589 etc.

1336 618 1438 659 Item
1458 620 1537 660 hoc
1553 620 1691 672 ipsum
1712 620 1881 661 videtur
1899 622 2084 674 rationc;
2103 624 2202 676 quia
2220 638 2305 666 non

1280 694 1339 729 est
1358 690 1537 742 perfecta
1557 691 1765 742 cognitio,
1787 692 1867 731 nisi
1884 693 1953 733 illa
1973 706 2057 746 qua
2076 695 2171 747 quis
2188 698 2307 738 novit

1280 772 1322 800 se
1343 773 1487 812 nosse,
1519 762 1608 802 sive
1635 763 1753 803 novit
1781 763 1916 815 ipsam
1945 764 2139 805 notitiam
2161 778 2170 806 ε
2204 779 2307 820 ergo

1280 844 1356 872 nec
1372 834 1579 885 perfectus
1605 846 1726 874 amor
1740 866 1750 884 ,
1773 834 1854 874 nisi
1876 835 1944 875 ille
1965 848 2050 888 quo
2080 837 2176 890 quis
2195 842 2308 879 amat

1279 915 1322 943 se
1354 917 1522 955 amare,
1551 905 1639 945 sive
1671 917 1860 945 amorem
1890 918 1899 946 ε
1935 908 2004 947 sed
2037 907 2217 949 charitas
2248 913 2309 950 est

1278 976 1486 1027 perfectus
1504 989 1624 1017 amor
1647 991 1655 1017 ε
1679 988 1797 1028 erge,
1818 980 1894 1017 etc.

1334 1045 1436 1087 [tem
1458 1047 1610 1100 aliquis
1629 1048 1770 1100 diligit
1801 1049 2045 1100 proximum
2064 1083 2076 1101 ,
2105 1055 2145 1091 θῖ
2170 1057 2303 1105 recte,

1278 1118 1379 1170 quia
1415 1119 1527 1160 videt
1566 1132 1667 1160 eum
1704 1120 1860 1161 hahere
1900 1122 2170 1175 charitatem3
2208 1127 2278 1167 sed
2294 1128 2306 1149 ³

1279 1193 1449 1242 propter
1477 1192 1590 1243 quod
1621 1193 1961 1246 unumquodque
1992 1195 2098 1244 tale,
2131 1199 2171 1237 et
2202 1197 2306 1239 illud

1278 1260 1416 1310 magis
1442 1274 1450 1300 :
1479 1272 1583 1312 ergo
1607 1261 1744 1313 magis
1770 1262 1892 1302 debet.
1919 1263 2094 1315 diligere
2122 1265 2306 1308 charita-

1278 1332 1378 1379 tem,
1401 1330 1489 1372 sive
1506 1331 1786 1372 dilectionem.

1332 1404 1482 1445 Contra
1505 1420 1513 1445 :
1544 1410 1580 1445 21.
1604 1406 1896 1458 Augustinus,
1925 1408 1968 1447 in
1993 1408 2101 1449 libro
2128 1409 2179 1452 de
2198 1411 2305 1453 Doc-

1278 1477 1395 1517 trina
1411 1476 1661 1519 Christiana
1678 1481 1706 1528 ⁸,
1722 1478 1821 1518 dicit
1836 1481 2003 1519 tantum
2019 1485 2201 1533 quatuor
2215 1496 2302 1524 esse

1277 1546 1490 1598 diligenda
1509 1561 1561 1588 ex
1580 1548 1803 1599 charitate,
1833 1550 1987 1591 scilicet
2007 1551 2138 1592 Deum
2156 1586 2164 1603 ,
2193 1555 2304 1607 scip-

1276 1631 1384 1669 sum,
1411 1620 1670 1673 proximum,
1694 1624 1734 1661 et
1755 1634 1906 1674 corpus
1925 1624 2124 1674 proximi,
2148 1629 2188 1666 θῖ
2207 1639 2303 1667 001·-

1277 1703 1355 1743 pus
1374 1692 1595 1744 proprium
1613 1707 1620 1732 :
1644 1693 1715 1733 sed
1733 1693 1913 1733 charitas
1930 1695 2019 1735 sive
2038 1696 2202 1737 dilectio
2217 1711 2302 1739 non

1275 1765 1337 1803 est
1355 1764 1524 1816 aliquod
1542 1764 1700 1805 horum
1723 1778 1733 1805 ε
1762 1778 1865 1817 ergo
1891 1779 1977 1807 non
2003 1770 2064 1808 est
2088 1768 2303 1820 diligenda

1275 1845 1328 1873 ex
1347 1834 1561 1875 charitate.
1579 1835 1683 1876 Item
1700 1836 1857 1890 duplex
1873 1841 1935 1878 θεῖ
1951 1838 2129 1890 dilectio,
2148 1840 2303 1881 scillcet

1276 1907 1642 1959 concupiscentiae,
1657 1912 1697 1949 et
1716 1910 1934 1950 amicitiae:
1949 1911 1983 1950 si
2003 1924 2107 1964 ergo
2121 1913 2302 1953 charitas

1275 1978 1365 2018 sive
1402 1979 1566 2020 dilectio
1598 1980 1810 2032 diligitur,
1845 1985 1918 2023 aut
1951 1995 2054 2035 ergo
2083 1984 2301 2025 dilectione

1275 2052 1623 2104 concupiscentiae
1640 2085 1650 2104 ,
1681 2056 1754 2093 aut
1781 2054 1976 2095 amicitiae
2001 2069 2009 2094 t
2038 2068 2126 2096 non
2157 2056 2302 2096 amici-

1275 2123 1359 2172 tiae,
1380 2127 1555 2175 constat,
1579 2125 1681 2177 quia
1706 2127 1891 2166 amicitia
1911 2129 1972 2167 est
1997 2127 2105 2168 inter
2128 2128 2301 2179 similes,

1275 2198 1315 2235 et
1335 2208 1454 2237 amor
1473 2210 1559 2250 quo
1582 2198 1734 2251 aliquis
1754 2202 1871 2252 optat
1888 2199 1958 2240 alii
1982 2200 2144 2241 honum
2170 2216 2178 2242 :
2205 2202 2305 2242 cha-

1274 2267 1388 2308 ritati
1404 2272 1548 2310 autem
1567 2282 1693 2311 nemo
1714 2275 1829 2324 optat
1848 2273 2024 2313 honum.

1330 2342 1368 2379 2.
1392 2339 1497 2381 Item
1526 2354 1602 2382 nec
1621 2344 1970 2395 concupiscentiae
1987 2376 1996 2393 ‚
2027 2345 2129 2397 quia
2147 2357 2306 2386 concu-

1276 2410 1482 2462 piscentia
1503 2417 1563 2454 θεῖ
1581 2414 1641 2454 rei
1665 2427 1752 2455 non
1771 2415 1926 2456 habitae
1953 2431 1960 2457 :
1983 2428 2106 2468 ergo,
2130 2429 2226 2457 cum
2253 2430 2306 2458 ex

1276 2483 1477 2525 charitate
1508 2497 1635 2526 nemo
1667 2486 1815 2539 diligat
1834 2487 1916 2527 nisi
1945 2488 2105 2528 habens
2124 2489 2306 2530 charita-

1275 2557 1376 2604 tem,
1400 2568 1504 2608 ergo
1521 2569 1575 2597 ex
1595 2557 1798 2598 charitate
1823 2571 1909 2599 non
1938 2562 2072 2612 potest
2090 2561 2184 2613 quis
2204 2573 2305 2601 con-

1276 2626 1490 2679 cupiscere
1512 2627 1773 2670 charitatem.

1331 2697 1373 2739 Si
1401 2702 1447 2739 tu
1467 2698 1581 2740 dicas
1612 2701 1725 2753 quod
1745 2703 1999 2755 concupiscit
2021 2706 2304 2755 augmentum

1277 2769 1491 2811 charitatis
1507 2804 1516 2822 ,
1555 2771 1635 2812 hoc
1669 2785 1758 2813 non
1788 2774 1938 2824 solvit,
1971 2775 2069 2827 quia
2103 2787 2184 2826 ego
2216 2787 2303 2815 non

1276 2854 1424 2895 quaero
1440 2843 1522 2883 nisi
1536 2847 1684 2885 utrum
1699 2846 1882 2886 charitas
1896 2846 2052 2898 hahita,
2070 2847 2303 2887 secundum

1276 2914 1387 2965 quod
1408 2913 1553 2955 habita
1572 2919 1647 2967 θεῖ,
1669 2918 1795 2969 possit
1815 2917 1962 2957 amari.

1330 2985 1368 3024 3.
1392 2984 1511 3035 Item,
1534 2987 1642 3027 sicut
1661 3000 1704 3027 se
1723 2988 1849 3028 habet
1868 2988 1970 3028 fides
1988 2988 2040 3028 ad
2061 2988 2242 3040 credere,
2263 2992 2303 3030 et

1277 3067 1370 3107 spes
1389 3057 1441 3097 ad
1461 3060 1603 3098 actum
1623 3058 1834 3111 sperandi,
1852 3059 1909 3099 ita
1923 3059 2086 3100 dilectio
2104 3060 2193 3100 sive
2208 3059 2304 3100 cha-

1275 3126 1376 3167 ritas
1395 3127 1446 3168 ad
1470 3131 1613 3168 actum
1632 3129 1835 3181 diligendi
1858 3144 1866 3170 ε
1889 3130 1960 3171 sed
1980 3130 2125 3172 nullus
2144 3131 2304 3172 habens

1277 3234 1339 3264 art.
1358 3234 1395 3272 73
1429 3233 1464 3265 S.
1485 3233 1620 3273 Thom.,
1649 3235 1749 3275 ΙΙ-Π,
1779 3244 1811 3276 (1.
1830 3244 1918 3276 XXV,
1949 3239 2011 3268 art.
2037 3239 2077 3277 25
2107 3239 2139 3268 et
2166 3238 2300 3275 ISent„

1277 3280 1353 3311 dist.
1367 3288 1452 3320 xvii,
1474 3290 1506 3321 q.
1522 3289 1545 3320 1,
1565 3284 1626 3312 art.
1644 3284 1682 3322 53
1704 3283 1816 3323 AEgid.
1834 3285 1946 3325 Rom„
1970 3285 1978 3315 1
2000 3285 2104 3321 Sent„
2124 3284 2200 3317 dist.
2216 3292 2300 3325 xvii,

1276 3327 1421 3367 princip.
1443 3336 1499 3367 III,
1519 3337 1553 3368 q.
1573 3336 1604 3367 13
1627 3328 1800 3370 1110110111,
1821 3331 1832 3361 1
1854 3332 1959 3371 Seni„
1990 3332 2067 3363 dist.
2084 3339 2176 3371 XVII,
2199 3341 2231 3372 q.
2255 3339 2299 3371 113

1276 3375 1394 3406 Thom.
1413 3377 1507 3415 Arg,
1530 3376 1539 3405 1
1562 3375 1666 3413 Sent„
1688 3377 1762 3408 dist.
1776 3386 1861 3419 XVII,
1884 3388 1955 3420 (1.1,
1977 3383 2028 3410 art
2059 3382 2094 3419 1,·
2118 3379 2201 3409 Gab.
2219 3378 2299 3415 Biel,

1277 3423 1286 3453 1
1307 3422 1409 3461 Sent„
1431 3422 1615 3463 11151.Χν11,
1635 3433 1722 3465 (1.11.
1736 3443 1777 3448 —
1796 3426 1806 3444 ²
1822 3428 1923 3468 Aug,
1942 3427 1981 3458 de
2001 3428 2104 3466 T1·z'n.,
2127 3426 2184 3457 lib.
2203 3426 2274 3458 VIII
2289 3451 2300 3467 ,

1277 3479 1306 3501 c.
1322 3477 1384 3503 VIII
1398 3494 1408 3510 ,
1427 3479 1463 3501 n.
1481 3472 1530 3502 12.
1547 3488 1582 3492 —-
1603 3471 1615 3492 ³
1629 3472 1744 3513 Arist„
1764 3474 1949 3516 Metaplzys.
1969 3475 2027 3507 lib.
2044 3476 2092 3514 II,
2113 3476 2196 3505 text.
2211 3475 2247 3514 4,
2269 3478 2301 3505 et

1278 3517 1401 3548 Foster.
1417 3517 1476 3549 lib.
1490 3518 1522 3557 1,
1543 3527 1572 3549 0.
1588 3527 1625 3559 II,
1641 3523 1732 3552 cont.
1750 3522 1781 3553 5.
1795 3540 1835 3544 —
1849 3523 1861 3544 ⁴
1874 3524 1975 3564 Aug,
1994 3522 2033 3553 de
2048 3522 2142 3554 Doct.
2159 3521 2299 3560 Christ„

1276 3564 1334 3596 lib.
1356 3566 1389 3606 I,
1416 3574 1445 3596 c.
1463 3573 1574 3607 xxm,
1594 3576 1630 3599 u.
1644 3569 1697 3600 22.

2359 1433 2405 1461 Ad
2418 1442 2466 1469 op-

2324 1483 2386 1510 pos.
