2613 3990
1155 314 1443 356 msTchio
1474 314 1539 356 iv.
1837 293 1842 296 ’
2358 320 2410 357 89

1033 476 1521 538 DISTINCTIO
1567 476 1674 538 IV.

347 641 453 677 ouon
483 642 548 671 HAE
578 639 821 671 LOCUTIONES
852 639 967 669 ven-E
993 638 1081 667 snvr
1117 641 1126 667 :
1161 642 1182 666 «
1202 624 1313 668 Det-s
1344 640 1490 668 cnm-[T
1521 625 1703 681 Dm1‚»
1741 643 1790 671 ET
1827 643 1849 669 ‹<
1869 641 1970 671 unus
2001 626 2113 672 Deus
2148 642 2219 672 nsi·
2250 644 2348 673 TRES

1219 692 1432 737 PERSONAE.
1450 711 1472 734 n

346 833 426 877 Hic
444 832 583 876 oritur
600 830 780 889 quaestio
804 829 905 873 satis
924 828 1177 873 necessaria.
1203 831 1373 873 Constat
1393 829 1526 884 enim,
1549 834 1590 873 et
1610 829 1969 888 irrefragabiliter
1994 847 2148 877 verum
2179 839 2263 890 est,
2286 835 2404 894 quod
2432 848 2474 874 Αιι
2491 849 2565 895 ”⁰¹3⁸

286 910 402 954 Deus
420 909 547 953 Pater
564 907 714 965 genuit
733 907 897 950 Filium
921 923 930 950 ε
954 906 1050 949 ideo
1070 906 1285 965 quaeritur
1308 912 1459 950 utrum
1484 907 1809 952 concedendum
1841 909 1920 964 sit,
1951 910 2069 969 quod
2103 911 2220 954 Deus
2252 912 2405 969 genuit
2428 894 2558 959 gffiuffl

286 988 440 1031 Deum.
477 985 524 1028 Si
555 984 672 1028 enim
698 983 812 1027 Deus
834 983 986 1041 genuit
1004 983 1160 1037 Deum,
1182 983 1355 1027 videtur
1376 984 1509 1043 quod,
1534 991 1609 1027 aut
1629 1000 1672 1028 se
1693 985 1850 1041 Deum,
1875 991 1952 1030 aut
1975 988 2111 1031 alium
2136 988 2277 1033 Deum
2294 1023 2305 1044 ,
2329 1004 2403 1047 ge-

286 1064 462 1108 nuerit:
493 1062 529 1105 si
558 1077 662 1105 vero
695 1061 832 1104 alium
863 1061 1003 1103 Deum
1032 1061 1212 1117 genuit,
1248 1076 1335 1105 non
1363 1068 1424 1105 est
1452 1067 1623 1106 tantum
1654 1078 1770 1106 unus
1803 1063 1946 1119 Deus3
1981 1065 2016 1107 si
2048 1071 2193 1109 autem
2210 1066 2400 1125 seipsum

285 1141 423 1184 Deum
454 1139 635 1197 genuit,
655 1138 803 1197 aliqua
824 1153 890 1181 res
918 1137 1101 1197 seipsam
1123 1138 1288 1195 genuit.
1316 1139 1384 1182 Ad
1406 1139 1522 1198 quod
1544 1140 1850 1198 respondentes
1878 1140 2087 1195 dicimus,
2113 1157 2215 1186 sane
2252 1143 2399 1187 catho-

285 1218 364 1261 lice
400 1217 600 1271 concedi,
623 1216 740 1276 quod
773 1231 891 1260 unus
919 1231 1061 1260 unum
1092 1216 1271 1273 genuit,
1294 1222 1335 1259 et
1364 1217 1481 1276 quod
1511 1217 1626 1260 Deus
1647 1217 1786 1260 Deum
1806 1218 1986 1275 genuit3
2011 1218 2115 1277 quia
2133 1219 2249 1263 Deus
2267 1220 2372 1263 Pate
2385 1235 2407 1263 r

285 1295 423 1338 Deum
452 1294 613 1338 Filium
644 1293 810 1352 genuit.
844 1294 895 1336 In
928 1293 1137 1352 Symbolo
1169 1309 1345 1354 quoque
1374 1294 1584 1354 scriptum
1616 1299 1678 1337 est
1702 1311 1710 1337 :
1739 1313 1761 1337 «
1786 1295 1955 1339 Lumen
1979 1296 2031 1339 de
2050 1296 2233 1351 lumine,
2260 1297 2402 1342 Deum

284 1387 434 1416 verum
467 1371 519 1416 de
546 1371 636 1415 Deo
667 1386 784 1415 vero.
807 1388 829 1412 ))
857 1370 982 1423 Quod
1014 1385 1115 1415 vero
1144 1370 1335 1426 additur,
1363 1386 1505 1429 «ergo
1526 1372 1678 1429 genuit
1698 1387 1741 1416 se
1761 1373 1917 1429 Deum,
1941 1373 2011 1417 vel
2031 1374 2168 1418 alium
2198 1377 2353 1431 Deum,
2376 1392 2398 1416 >1

283 1455 490 1493 neutrum
503 1448 826 1493 concedendum
841 1463 928 1492 csse
941 1448 1140 1491 dicimus.
1159 1448 1283 1501 Quod
1300 1449 1437 1493 alium
1456 1449 1598 1494 Deum
1611 1465 1698 1494 non
1719 1451 1888 1508 genuit,
1905 1452 2186 1495 manifestum
2204 1457 2284 1509 est,
2299 1453 2404 1512 quia

282 1542 397 1571 unus
418 1532 588 1571 tantum
608 1527 722 1570 Deus
740 1531 815 1569 est.
839 1525 965 1578 Quod
985 1531 1131 1569 autem
1152 1526 1342 1585 seipsum
1365 1542 1455 1570 non
1481 1527 1633 1585 genuit
1650 1563 1660 1583 ,
1694 1528 1882 1572 ostendit
1901 1529 2178 1587 Augustinus
2194 1536 2205 1557 ¹
2221 1530 2367 1576 dicens
2386 1548 2395 1575 τ

283 1621 306 1646 1(
329 1603 414 1656 Qui
446 1609 601 1663 putant
632 1605 726 1663 ejus
757 1603 961 1663 potentiae
981 1619 1069 1647 esse
1089 1603 1246 1659 Deum,
1271 1609 1319 1647 ut
1340 1604 1531 1663 scipsum
1551 1605 1641 1664 ipse
1661 1607 1877 1663 genuerit,
1900 1621 1949 1650 eo
1970 1607 2070 1666 plus
2091 1613 2263 1664 errant,
2286 1609 2407 1667 quod

281 1696 370 1725 non
403 1681 546 1725 solum
574 1682 688 1726 Deus
708 1681 770 1725 ita
789 1696 878 1725 non
898 1686 976 1736 est,
999 1682 1071 1725 sed
1096 1697 1173 1725 nec
1192 1682 1431 1740 spiritualis
1452 1697 1594 1742 neque
1615 1684 1850 1742 corporalis
1877 1689 2074 1728 creatura
2098 1700 2106 1727 :
2130 1686 2256 1730 nulla
2287 1686 2405 1730 enirn

281 1773 349 1803 res
379 1763 468 1815 est,
491 1775 589 1818 quae
623 1759 806 1818 seipsam
838 1759 990 1817 gignat
1009 1764 1058 1803 ut
1076 1759 1145 1803 sit.
1173 1776 1195 1799 ))
1217 1759 1270 1803 Et
1289 1759 1385 1803 ideo
1405 1775 1495 1804 non
1514 1766 1576 1805 est
1595 1761 1883 1818 credendum,
1906 1762 1975 1806 vel
1994 1762 2230 1807 dicendum
2254 1798 2265 1820 ,
2287 1765 2405 1824 quod

281 1835 397 1880 Deus
426 1837 579 1893 genuit
611 1852 671 1880 se.

340 1912 425 1957 Sed
444 1913 586 1958 adhuc
605 1919 832 1973 opponunt
849 1915 1015 1972 garruli
1036 1914 1377 1970 ratiocinatores,
1400 1914 1590 1959 dicentes
1618 1932 1626 1958 :
1657 1932 1678 1957 ι(
1699 1916 1746 1960 Si
1766 1917 1883 1961 Deus
1910 1918 2039 1962 Pater
2068 1921 2223 1977 genuit
2243 1920 2401 1977 Deum,
2436 1914 2554 1990 qfaeflssio

282 1995 357 2035 aut
393 1990 547 2049 genuit
581 1991 721 2035 Deum
757 1992 834 2051 qui
867 1998 929 2035 est
957 1992 1074 2037 Deus
1103 1992 1248 2047 Pater,
1283 1997 1358 2036 aut
1386 1993 1526 2037 Deum
1559 1994 1636 2053 qui
1664 2009 1753 2038 non
1783 2000 1845 2038 est
1864 1995 1979 2040 Deus
2009 1997 2170 2041 Pater:
2194 1998 2230 2042 si
2253 1999 2406 2057 genuit
2437 1997 2552 2066 “1³2‘me

278 2068 419 2112 Deum
436 2067 621 2127 quinon
642 2074 706 2112 est
724 2069 840 2112 Deus
860 2069 1005 2124 Pater,
1030 2084 1131 2127 ergo
1152 2069 1269 2113 Deus
1298 2075 1360 2113 est
1391 2070 1469 2130 qui
1502 2086 1590 2114 non
1621 2077 1683 2115 est
1702 2072 1817 2116 Deus
1848 2073 2000 2129 Pater,
2024 2090 2113 2118 non
2145 2091 2248 2134 ergo
2284 2092 2402 2121 unus

278 2149 449 2189 tantum
468 2144 583 2189 Deus
601 2151 690 2201 θεῖ,
713 2145 749 2188 si
768 2161 871 2190 vero
892 2146 1045 2203 genuit
1076 2146 1217 2190 Deum
1253 2147 1331 2206 qui
1358 2153 1421 2190 est
1447 2147 1562 2191 Deus
1581 2148 1726 2205 Pater,
1750 2165 1853 2208 ergo
1873 2151 2026 2209 genuit
2052 2152 2258 2212 seipsum.
2280 2171 2303 2197 »
2333 2155 2400 2199 Ad

277 2221 394 2282 quod
431 2223 741 2281 respondemus
780 2223 1116 2267 determinantes
1148 2223 1275 2268 istam
1305 2225 1673 2284 propositionem,
1708 2242 1842 2287 quam
1878 2228 1937 2271 sic
1970 2236 2224 2289 proponunt
2261 2248 2270 2275 :
2312 2233 2403 2277 «Si

275 2300 392 2344 Deus
418 2299 547 2344 Pater
577 2301 729 2358 genuit
761 2300 899 2344 Deum
916 2336 926 2356 ,
948 2306 1025 2344 aut
1043 2301 1183 2345 Deum
1213 2302 1290 2361 qui
1321 2308 1387 2346 est
1417 2302 1532 2346 Deus
1561 2304 1710 2360 Pater,
1733 2310 1808 2350 aut
1826 2306 1967 2350 Deum
1988 2307 2174 2367 quinon
2197 2314 2260 2352 est
2287 2309 2404 2355 Deus

275 2377 418 2420 Pater.
443 2394 464 2418 »
489 2377 580 2421 Hoc
617 2377 733 2421 enim
771 2393 899 2434 sane,
929 2383 969 2422 et
1001 2394 1134 2438 prave
1153 2415 1163 2435 ,
1194 2379 1385 2438 intelligi
1420 2386 1558 2439 potest
1583 2399 1593 2437 3
1627 2387 1668 2425 et
1699 2382 1795 2426 ideo
1834 2385 2187 2443 respondendum
2219 2392 2281 2431 est
2306 2388 2397 2432 ita:

276 2456 389 2498 Deus
426 2457 558 2498 Pater
588 2455 739 2515 qcnzez‘t
768 2458 906 2499 Deum
928 2456 1002 2515 qui
1033 2466 1095 2500 est
1123 2457 1212 2516 ipsc
1245 2459 1396 2513 Pater,
1419 2457 1501 2502 hoc
1530 2459 1715 2503 dicimus
1735 2475 1823 2504 esse
1844 2460 2030 2518 falsum3
2054 2467 2095 2506 et
2121 2464 2400 2510 concedimus

275 2531 478 2589 alterum,
500 2532 675 2587 scilicet,
696 2533 849 2592 qemcz‘t
869 2536 1009 2577 Deum
1030 2534 1103 2593 qui
1122 2550 1210 2578 non
1231 2543 1294 2578 est
1314 2537 1466 2579 Pater.
1491 2536 1578 2580 Nec
1598 2542 1742 2581 tamen
1761 2539 1914 2596 genuit
1931 2540 2118 2585 alterum
2138 2541 2294 2598 Deum,
2318 2558 2396 2587 nec

274 2608 366 2666 ille,
388 2609 466 2669 qui
484 2609 658 2667 genitus
678 2615 753 2668 θεῖ,
778 2616 839 2654 θεῖ
859 2611 973 2655 alius
992 2612 1106 2655 Deus
1125 2628 1258 2671 quam
1278 2613 1425 2668 Pater,
1453 2614 1525 2658 sed
1549 2630 1663 2659 unus
1688 2616 1805 2660 Deus
1836 2632 1936 2661 cum
1956 2618 2099 2662 Patre.
2124 2618 2171 2661 Si
2191 2634 2296 2663 vero
2320 2620 2395 2664 ad-

274 2686 394 2731 ditur
417 2703 426 2730 :
453 2688 615 2733 Gemuit
633 2690 774 2732 Deum
798 2689 871 2748 qui
893 2705 981 2733 non
1001 2698 1063 2733 est
1082 2692 1196 2733 Deus
1215 2692 1350 2734 Pater
1366 2707 1383 2743 ,·
1405 2691 1475 2735 hic
1500 2692 1812 2751 distinguimus
1829 2729 1840 2750 ‚
1863 2695 1968 2754 quia
1997 2695 2229 2755 dupliciter
2255 2702 2396 2756 potest

273 2764 461 2822 intelligi
485 2781 494 2808 ε
521 2766 683 2810 Gemcz't
699 2768 840 2810 Deum
860 2767 935 2825 qui
954 2782 1041 2811 non
1061 2776 1123 2810 est
1142 2770 1256 2811 Deus
1275 2771 1427 2824 Pater,
1451 2769 1611 2813 scilicet
1628 2805 1639 2826 ,
1661 2771 1800 2815 Deum
1820 2772 1985 2816 Filium
2006 2807 2016 2828 ,
2038 2772 2116 2831 qui
2143 2773 2284 2817 Filius
2302 2789 2393 2818 non

273 2848 335 2886 est
354 2843 498 2899 Pater,
521 2844 598 2902 qui
621 2843 734 2887 Deus
753 2849 817 2887 est
840 2860 849 2887 ε
873 2844 943 2888 hic
971 2860 1123 2889 sensus
1156 2861 1288 2890 verus
1318 2852 1395 2890 est.
1434 2846 1481 2890 Si
1512 2862 1615 2891 vero
1638 2848 1911 2906 intelligatur
1933 2849 1992 2892 sic
2015 2866 2024 2892 :
2052 2850 2213 2894 Gemuit
2245 2853 2389 2896 Deum

273 2919 348 2979 qui
379 2935 468 2964 non
496 2928 559 2964 est
589 2922 704 2964 Deus
738 2924 886 2975 Pater,
911 2922 956 2966 id
986 2928 1078 2978 est,
1101 2923 1179 2982 qui
1203 2938 1293 2967 non
1323 2929 1386 2967 est
1404 2924 1519 2968 Deus
1539 2925 1614 2984 qui
1633 2925 1763 2969 Pater
1782 2932 1860 2981 est,
1882 2926 1953 2970 hic
1972 2941 2123 2970 sensus
2155 2927 2290 2972 falsus
2309 2935 2386 2974 est.

272 2996 397 3041 Unus
424 2997 541 3041 enim
562 3002 604 3041 et
621 2998 737 3042 idem
761 2998 877 3043 Deus
900 3004 962 3043 est
990 3000 1133 3056 Pater,
1157 3005 1199 3044 et
1218 3000 1373 3057 Filius,
1397 3007 1438 3045 et
1457 3001 1647 3061 Spiritus
1666 3008 1839 3047 sanctus
1858 3021 1868 3058 3
1891 3008 1932 3047 et
1951 3018 1973 3047 e
1994 3018 2219 3061 converso,
2240 3006 2389 3064 Pater,

273 3079 316 3117 et
331 3074 489 3130 Filius,
509 3079 552 3119 et
571 3074 762 3135 Spiritus
781 3081 969 3132 sanctus,
992 3092 1109 3121 unus
1129 3083 1194 3122 est
1213 3078 1344 3122 Deus.

319 3151 514 3204 Quidam
533 3156 679 3195 tamen
698 3152 892 3196 veritatis
909 3153 1145 3198 adversarii
1164 3155 1406 3200 concedunt
1424 3157 1614 3213 Patrem,
1633 3163 1674 3201 et
1687 3158 1868 3215 Filium,
1885 3165 1927 3204 et
1941 3159 2156 3220 Spiritum
2177 3167 2392 3218 sanctum,
2453 3183 2557 3218 opimo

274 3227 363 3271 sive
394 3232 480 3272 tres
505 3243 709 3289 personas
727 3264 738 3285 ‚
760 3245 849 3273 esse
881 3246 1021 3276 unum
1043 3232 1200 3290 Deum,
1224 3250 1359 3279 unam
1379 3236 1688 3292 substantiam;
1713 3237 1786 3281 sed
1806 3242 1951 3282 tamen
1972 3239 2133 3284 nolunt
2161 3241 2392 3285 concedere
2425 3232 2558 3293 ffflfflff

275 3318 415 3347 unum
445 3305 585 3350 Deum
602 3341 614 3363 ‚
635 3307 725 3352 sive
744 3322 878 3352 unam
899 3310 1202 3368 substantiam,
1226 3327 1314 3356 esse
1336 3318 1420 3357 tres
1438 3329 1658 3373 personaS,
1679 3314 1869 3360 dicentes
1887 3316 2084 3361 divinam
2103 3318 2392 3363 substantiam
2417 3310 2558 3387 ,ζζζὶζζζῖἶ

274 3380 499 3439 praedicari
517 3383 570 3427 de
590 3384 729 3428 tribus
748 3385 958 3444 personis,
978 3402 1067 3432 non
1089 3393 1174 3432 tres
1192 3405 1396 3449 personas
1414 3391 1466 3435 de
1483 3392 1724 3436 substantia
1741 3392 1908 3438 divina.
1930 3394 2058 3440 Fides
2078 3400 2225 3440 autem
2247 3396 2394 3441 catho-
2445 3401 2527 3420 ⁵⁰¹¹³⁵

2457 3443 2519 3461 eSSO

274 3461 358 3506 lica
386 3468 502 3509 tenet
531 3481 580 3510 ac
610 3468 841 3527 praedicat,
864 3473 905 3513 et
939 3474 1022 3515 tres
1053 3487 1258 3531 personas
1290 3489 1379 3519 esse
1411 3489 1553 3518 unum
1581 3474 1739 3533 Deum,
1760 3482 1802 3521 et
1822 3492 1954 3522 unam
1975 3478 2279 3536 substantiam,
2302 3479 2394 3524 sive
2434 3483 2540 3552 ἓξὲξ]

275 3539 525 3598 essentiam,
559 3543 649 3588 sive
679 3551 880 3591 naturam
913 3547 1136 3607 divinam3
1170 3555 1214 3595 et
1242 3566 1384 3596 unum
1412 3551 1552 3596 Deum
1572 3587 1584 3610 ,
1605 3553 1697 3599 sive
1715 3556 1944 3601 essentiam
1964 3555 2177 3614 divinam,
2200 3572 2289 3603 θεεθ
2309 3562 2395 3603 tres
2443 3567 2527 3585 ”flam

2429 3599 2555 3629 substan-

320 3635 390 3668 ¹De
408 3635 540 3677 Trim't„
556 3638 614 3673 lib.
628 3640 654 3680 1,
670 3650 700 3675 c.
712 3649 738 3684 1,
753 3651 788 3675 n.
806 3646 835 3676 1.
