2613 3990
258 184 327 219 158
1020 177 1435 222 SENTENTIARUM
1465 179 1563 220 LlB.
1592 179 1623 219 1.

250 268 369 311 illius
388 267 581 311 veritatis
599 267 873 326 expressione
893 267 1146 322 deyiainus3
1171 267 1276 326 quia
1295 267 1412 326 quod
1433 268 1595 313 factum
1616 284 1705 313 non
1725 277 1802 324 est,
1826 284 1914 312 non
1935 275 2072 328 potest
2099 271 2183 315 dici
2208 274 2380 332 proprie

249 345 487 402 perfectum
512 361 521 387 :
554 344 626 387 sed
647 343 952 398 balbutiendo,
985 350 1033 387 ut.
1067 359 1324 403 possumus,
1350 346 1515 389 excelsa
1536 346 1612 390 Dei
1633 361 1900 400 resonemuS,
1924 353 1964 389 et
1986 347 2196 391 Dominus
2221 355 2380 394 nostrae

249 421 521 465 infirmitatis
542 421 684 464 verbis
703 420 1048 463 condescendens
1071 437 1078 463 :
1098 423 1267 475 Estote,
1285 421 1682 484 i11quit.,¹pe)7‘eeti,
1707 424 1817 468 sient
1839 432 1880 467 et
1899 426 2032 467 Pater
2043 433 2180 468 vester
2199 428 2379 471 eoelestis

242 502 462 558 perfectus
481 508 557 541 est.
585 515 605 538 ,1)
628 498 769 555 Super
793 497 921 540 illum
942 498 1086 541 locum
1108 498 1237 541 etiam
1258 498 1498 542 Psalmistae
1523 515 1531 541 :
1554 501 1650 558 Efso
1668 498 1794 542 lzozle'e
1812 498 1943 557 qenai
1964 506 2004 540 te
2030 504 2057 551 ⁵²,
2081 498 2133 541 de
2154 499 2232 542 hac
2251 516 2379 556 gene-

249 577 415 620 ratione
440 575 539 618 Filii
576 575 633 617 ita
662 573 860 632 loquitur
890 575 1166 631 Augustinus
1184 578 1196 597 ²³
1221 591 1230 617 ;
1254 592 1276 616 ε(
1299 575 1561 635 Quanquam
1582 590 1657 634 per
1688 574 1767 617 hoc
1787 573 1903 632 (juod
1923 572 2024 616 dicit
2048 572 2211 625 Hodie,
2248 575 2380 632 possit

248 652 435 709 intelligi
457 652 547 694 dies
566 651 639 693 ille
659 665 746 709 quo
767 650 966 693 Christus
985 652 1225 695 secundum
1247 652 1470 696 hominem
1497 658 1625 695 natus
1650 657 1739 706 est3
1772 656 1943 704 tamen,
1977 649 2082 708 quia
2107 649 2248 693 Hodie
2270 666 2380 709 prae-

247 730 429 773 sentiam
450 728 683 786 significat,
703 733 834 786 atque
854 727 900 770 in
918 729 1155 773 aeternitate
1171 744 1313 788 neque
1334 729 1601 787 praeteritum
1623 729 1865 788 quidquam
1888 733 1966 782 est,
1991 727 2115 786 quasi
2135 742 2225 771 esse
2245 728 2378 772 desie-

248 808 329 859 rit;
354 821 494 864 neque
512 805 728 860 futurum,
752 807 876 864 quasi
898 806 1094 850 nondum
1115 807 1168 849 sit
1186 823 1196 862 ;
1219 806 1291 849 sed
1306 822 1494 866 praesens
1516 811 1701 860 tantum,
1719 805 1823 864 quia
1840 805 2055 864 quidquid
2071 809 2282 848 aeternum
2298 811 2376 860 est,

246 899 416 942 semper
429 889 491 926 est
507 900 517 935 3
540 882 753 926 divinitus
780 888 925 926 tamen
952 883 1222 942 accipiturde
1235 885 1499 944 sempiterna
1510 883 1787 941 generatione
1804 882 2027 942 sapientiae
2044 882 2135 926 Dei.
2152 899 2174 923 ))
2193 882 2298 925 Ecce
2312 882 2381 926 his

246 962 390 1005 verbis
421 960 607 1004 ostendit
631 960 928 1017 Augustinus,
963 960 1080 1019 quod
1113 961 1335 1017 generatio
1366 961 1469 1004 Filii
1494 975 1662 1019 semper
1684 967 1761 1014 est,
1785 974 1862 1002 nec
1883 960 2102 1018 praeteriit,
2125 975 2203 1003 nec
2228 960 2379 1004 futura

246 1045 324 1093 est,
347 1038 452 1097 quia
472 1042 633 1080 {eterna
653 1042 729 1080 est.
753 1037 852 1080 Ideo
873 1037 985 1080 dixit
1007 1053 1015 1080 :
1044 1038 1200 1091 Genm',
1234 1053 1287 1082 ne
1308 1053 1474 1082 novum
1496 1042 1738 1097 putaretur,
1761 1037 1943 1092 scilicet,
1978 1052 2033 1080 ne
2063 1036 2287 1080 videretur
2312 1037 2377 1080 in-

244 1115 420 1175 coepisse
438 1132 447 1170 ;
471 1114 612 1158 Hodie
632 1114 759 1169 dixit,
783 1130 837 1158 ne
857 1115 1074 1172 praeterita
1093 1115 1314 1172 generatio
1334 1115 1571 1159 videretur.
1596 1115 1661 1158 Ex
1684 1113 1751 1157 his
1770 1128 1872 1171 ergo
1891 1114 2034 1158 verbis
2053 1114 2305 1173 Prophetae,
2331 1121 2378 1158 ut

244 1193 305 1236 ait
334 1192 523 1237 Joannes
555 1191 890 1251 Chrysostomus
909 1193 945 1247 '⁴‚
980 1191 1092 1235 nihil
1124 1192 1246 1237 aliud
1277 1192 1597 1247 manifestatur,
1620 1191 1703 1235 nisi
1722 1192 1827 1250 quia
1847 1207 1897 1235 ex
1916 1192 2008 1251 ipsa
2028 1192 2211 1236 essentia
2237 1191 2379 1235 Patris

244 1285 413 1329 semper
431 1269 604 1327 genitus
624 1275 686 1313 est
704 1269 858 1312 Filius.

85 1368 225 1402 osiam-s
303 1347 537 1405 Origenes5
559 1362 661 1390 vero
681 1362 808 1406 super
826 1347 1100 1390 Hieremiam
1122 1347 1239 1404 dicit,
1262 1347 1379 1407 quod
1399 1347 1539 1391 Filius
1559 1362 1728 1406 semper
1747 1352 1980 1404 generatur
1999 1363 2024 1390 a
2046 1347 2173 1391 Patre
2198 1348 2264 1391 his
2284 1363 2380 1392 ver-

103 1410 214 1477 ζζζῖζζῖξ
245 1426 336 1469 bis:
367 1424 609 1468 «Salvator
638 1430 784 1468 noster
810 1430 872 1468 est
899 1425 1111 1484 sapientia
1129 1425 1235 1479 Dei;
1258 1425 1470 1484 sapientia
1498 1439 1602 1469 vero
1624 1431 1686 1468 est
1706 1424 1909 1484 splendor
1929 1430 2100 1469 aeternae
2118 1425 2227 1469 lucis
2251 1442 2258 1468 ε
2283 1425 2379 1469 Sal—

103 1496 211 1559 ῗῖξζζξζξζ·
245 1508 367 1547 vator
399 1518 502 1559 ergo
526 1507 671 1546 noster
697 1508 759 1546 est
785 1502 991 1561 splendor
1009 1502 1233 1546 claritatis.
1257 1502 1474 1561 Splendor
1490 1508 1637 1546 autem
1658 1518 1746 1545 non
1766 1503 1898 1563 semel
1920 1503 2112 1546 nascitur
2130 1508 2171 1546 et
2190 1503 2374 1559 desinit;

97 1575 223 1650 ²¹³JIJ]{{{¹¹¹
245 1581 318 1624 sed
332 1580 502 1640 quoties
523 1585 669 1623 ortum
690 1579 824 1622 fuerit
845 1580 997 1622 lumen
1017 1595 1070 1623 ex
1094 1595 1182 1639 quo
1203 1580 1407 1639 splendor
1422 1581 1578 1635 oritur,
1602 1580 1726 1624 toties
1740 1580 1880 1623 oritur
1894 1580 2378 1639 etiamvsplendorclari-

102 1666 216 1693 ⁵⁹¹¹‘1'“¹'
248 1659 346 1702 tatis
372 1674 380 1700 ;
409 1657 468 1700 sic
489 1671 591 1714 ergo
614 1655 817 1700 Salvator
838 1672 1008 1716 semper
1029 1658 1236 1701 nascitur.
1260 1658 1386 1701 Unde
1406 1658 1467 1700 ait
1491 1658 1536 1701 in
1556 1658 1668 1701 libro
1695 1657 1926 1716 Sapientia}
1951 1658 2005 1716 (a)
2030 1662 2043 1682 ⁶
2068 1674 2076 1700 :
2099 1658 2215 1702 Ante
2233 1674 2379 1705 omnes

97 1708 214 1733 genera-

84 1741 226 1810 {ufflllfcsss
247 1737 372 1780 colles
398 1743 578 1795 qenerat
598 1749 668 1778 me
698 1735 913 1778 Dominus
936 1735 1007 1794 (b),
1032 1750 1119 1779 non
1136 1770 1146 1790 ,
1170 1740 1219 1778 ut
1239 1736 1420 1794 quidam
1446 1736 1558 1779 male
1590 1736 1771 1793 legunt,
1805 1736 2046 1795 (feneravit.
2070 1752 2091 1777 >³
2127 1736 2206 1779 His
2238 1737 2381 1780 verbis

247 1821 389 1873 aperte
424 1813 611 1857 ostendit
629 1812 862 1871 Origenes,
892 1828 995 1856 sane
1023 1828 1144 1871 posse
1169 1812 1253 1856 dici
1281 1818 1323 1856 et
1351 1813 1527 1870 debere,
1561 1813 1742 1857 «Filius
1760 1828 1929 1872 semper
1952 1814 2144 1857 nascitur
2168 1831 2176 1857 :
2205 1831 2226 1855 »
2263 1815 2382 1872 quod

246 1891 419 1935 videtur
450 1890 718 1934 contrarium
753 1890 820 1933 illi
850 1890 983 1934 verbo
1012 1890 1212 1949 Gregorii
1242 1890 1465 1949 praemisso
1484 1926 1494 1946 ,
1527 1890 1686 1934 scilicet
1722 1907 1730 1933 ε
1767 1890 1905 1934 «Non
1936 1906 2166 1950 possumus
2203 1891 2343 1936 dicere
2369 1909 2378 1935 ε

244 1972 422 2029 Semper
445 1968 657 2012 nascitur.
682 1985 704 2009 >³

105 2059 225 2105 Expotyit
305 2047 390 2091 Sed
414 2062 468 2090 ne
491 2046 598 2090 tanti
623 2052 820 2090 auctores
845 2047 925 2090 sibi
946 2046 1238 2090 contradicere
1257 2047 1304 2090 in
1332 2061 1378 2090 re
1399 2051 1519 2090 tanta
1536 2046 1786 2102 videantur,
1810 2046 1942 2089 verba
1964 2045 2164 2104 Gregorii
2192 2047 2382 2104 benigne

95 2110 225 2188 silvi-{filiii
248 2125 600 2184 interpretemur.
631 2124 886 2168 «Dominus
903 2159 914 2180 ,
945 2124 1114 2184 inquit,
1137 2124 1261 2168 Jesus
1293 2129 1392 2168 ante
1422 2129 1617 2184 tempora
1637 2130 1765 2168 natus
1785 2129 1848 2167 est
1869 2124 1921 2167 de
1941 2123 2069 2167 Patre
2095 2140 2103 2167 :
2127 2124 2195 2168 vel
2219 2125 2378 2183 potius,

84 2183 226 2259 ἳῖἔῗῖἷιᾞ.
248 2203 352 2262 quia
374 2218 451 2246 nec
471 2201 600 2261 coepit
631 2201 764 2257 nasci,
787 2217 864 2245 nec
890 2201 1037 2258 desiit,
1061 2202 1257 2246 dicamus
1289 2202 1459 2257 verius,
1481 2217 1650 2261 semper
1669 2207 1812 2245 natus.
1835 2219 1856 2243 »
1882 2201 1967 2245 Sed
1988 2202 2208 2260 quomodo
2236 2202 2382 2246 verius

84 2270 128 2292 Μ
152 2267 225 2292 ”¹¹⁰⁹
245 2281 406 2324 dicitur
425 2280 521 2335 hoc,
542 2297 563 2321 ((
578 2279 738 2323 scilicet
753 2280 871 2339 quod
885 2280 1025 2324 Filius
1039 2295 1207 2339 semper
1227 2286 1355 2324 natus
1370 2286 1447 2335 est,
1465 2295 1597 2338 quain
1612 2279 1742 2334 illud,
1765 2278 1925 2322 scilicet
1939 2278 2056 2337 quod
2074 2279 2126 2322 de
2140 2279 2267 2323 Patre
2282 2285 2381 2323 ante

95 2309 224 2334 doctores

104 2356 111 2358 ”
245 2364 440 2417 tempora
472 2362 600 2401 natus
632 2360 726 2401 est?
749 2357 865 2401 Illud
896 2358 1014 2401 enim
1041 2359 1207 2401 sincera
1237 2364 1279 2401 et
1309 2357 1519 2401 catholica
1549 2356 1656 2399 fides
1676 2361 1792 2400 tenet
1811 2372 1859 2399 ac
1878 2356 2108 2415 praedicat,
2134 2357 2331 2401 utistud.
2354 2375 2375 2399 ))

84 2355 145 2373 (335ss
160 2356 224 2371 (¹011-

84 2388 223 2414 uarietas.

244 2439 388 2487 Quare
409 2450 511 2492 ergo
532 2435 591 2478 ait
614 2451 623 2477 :
647 2435 858 2479 Dicamus
889 2436 1055 2489 verius,
1080 2452 1180 2479 cum
1212 2441 1451 2494 utrumque
1472 2434 1631 2493 pariter
1659 2433 1714 2477 sit
1745 2449 1900 2476 verum
1918 2468 1928 2488 ‚
1963 2433 2047 2476 nisi
2076 2433 2180 2493 quia
2207 2434 2381 2477 volebat

244 2512 431 2569 intelligi
462 2512 543 2556 hoc
575 2513 628 2555 ad
660 2514 870 2572 majorem
899 2513 1160 2558 evidentiam
1194 2520 1236 2557 et
1275 2513 1595 2572 expressionem
1625 2511 1820 2556 veritatis
1842 2511 1949 2563 dici,
1980 2526 2113 2570 quam
2138 2511 2281 2554 illud?
2302 2512 2381 2555 His

244 2590 403 2633 etenim
427 2590 571 2634 verbis
592 2590 734 2633 omnis
751 2590 1050 2634 calumniandi
1070 2591 1256 2635 versutis
1275 2591 1488 2635 haereticis
1509 2589 1751 2634 obstruitur
1771 2588 1929 2642 aditus,
1952 2588 2115 2647 quibus
2134 2588 2293 2632 Christi
2315 2604 2379 2633 se-

243 2667 438 2711 cundum
469 2667 672 2711 deitatem
697 2668 918 2725 generatio
949 2668 1042 2712 sine
1070 2668 1194 2712 initio
1228 2674 1269 2712 et
1300 2669 1392 2712 sine
1420 2669 1506 2712 fine
1536 2682 1646 2722 esse,
1670 2681 1718 2710 ac
1747 2666 1935 2725 perfecta
1962 2671 2244 2709 monstratur.
2280 2666 2379 2710 Non

246 2750 389 2788 autem
410 2745 516 2789 adeo
536 2751 682 2804 aperte
702 2761 870 2805 semper
889 2746 1192 2790 manifestatur
1211 2746 1387 2801 veritas,
1410 2761 1510 2790 cum
1528 2745 1688 2788 dicitur
1711 2760 1719 2786 :
1748 2760 1770 2784 «
1789 2743 1930 2786 Filius
1955 2748 2054 2786 ante
2081 2748 2276 2802 tempora
2297 2758 2379 2801 ge·-

242 2821 362 2865 nitus
381 2828 444 2866 est
470 2822 522 2866 (10
551 2823 696 2879 Patre,
719 2840 741 2865 »
771 2824 840 2867 vel
865 2840 873 2866 :
894 2841 915 2865 «
938 2823 1078 2867 Filius
1101 2839 1271 2883 semper
1299 2823 1492 2867 nascitur
1516 2823 1569 2867 de
1594 2823 1736 2866 Patre.
1764 2838 1783 2861 ))
1812 2821 1864 2864 Et
1883 2820 1978 2864 ideo
2003 2820 2105 2863 dicit
2125 2820 2376 2877 Gregorius,

241 2899 359 2956 quod
392 2914 480 2943 non
513 2916 743 2959 possumus
772 2901 934 2957 dicere,
964 2916 1174 2960 «semper
1203 2901 1410 2944 nascitur.
1438 2918 1458 2942 »
1479 2900 1594 2955 Non,
1631 2900 1837 2958 inquam,
1861 2898 1920 2941 ita
1940 2897 2264 2953 convenienter,
2288 2914 2376 2942 non

241 2976 300 3018 ita
314 2991 505 3034 congrue
522 2977 576 3021 ad
592 2977 943 3036 explanationem
965 2978 1162 3022 veritatis
1185 2995 1193 3020 :
1219 2983 1356 3037 potest
1375 2984 1520 3021 tamen
1540 2977 1640 3032 dici,
1664 2977 1699 3020 si
1711 2992 1813 3020 sane
1833 2975 2120 3032 intelligatur.
2152 2992 2173 3015 «
2194 2973 2376 3035 Semper

240 3052 356 3096 enim
377 3054 570 3098 nascitur
594 3055 734 3099 Filius
751 3055 804 3099 de
824 3055 968 3111 Patre,
994 3073 1015 3097 »
1042 3061 1089 3099 ut
1108 3056 1167 3099 ait
1186 3055 1411 3113 Origenes,
1435 3071 1523 3098 non
1544 3054 1661 3114 quod
1683 3053 1878 3114 quotidie
1898 3053 2079 3095 iteretur
2099 3051 2175 3095 illa
2195 3067 2377 3110 genera-

240 3129 315 3184 tio,
339 3130 411 3173 sed
430 3131 532 3190 quia
552 3147 722 3191 semper
739 3138 816 3176 est.
841 3132 1022 3191 Semper
1042 3148 1144 3190 ergo
1167 3134 1372 3190 nascitur,
1396 3133 1440 3177 id
1460 3138 1545 3187 est,
1570 3132 1774 3176 nativitas
1794 3131 1887 3190 ejus
1908 3129 2170 3188 sempiterna
2189 3135 2266 3174 est.

113 3217 193 3249 Omani
298 3207 492 3251 Hilarius
512 3212 525 3233 ⁷
545 3225 721 3268 quoque
751 3210 854 3254 dicit
872 3210 1036 3254 Filium
1069 3210 1186 3254 nasci
1216 3227 1269 3254 ex
1301 3211 1457 3266 Patre,
1498 3210 1544 3253 in
1576 3209 1688 3253 libro
1720 3208 1903 3267 septimo
1927 3205 1980 3250 cle
2014 3206 2232 3251 Trinitate
2251 3243 2264 3261 ,
2306 3207 2374 3252 his

107 3258 193 3285 filaus

89 3309 205 3333 gent-'ru-
238 3285 382 3328 verhis
406 3303 414 3329 ε
444 3303 465 3327 «
485 3285 651 3330 Vivens
670 3287 801 3343 Deus,
823 3293 864 3331 et
884 3293 1052 3332 naturae
1073 3294 1246 3332 eeternae
1267 3288 1453 3332 viventis
1473 3292 1658 3347 potestas
1672 3292 1759 3330 est:
1783 3290 1825 3328 et
1842 3283 1959 3343 quod
1978 3298 2078 3326 cum
2101 3291 2371 3330 sacramento

280 3369 288 3388 ²
315 3367 325 3385 ὃ
339 3367 474 3407 Metili„
500 3375 533 3409 V,
551 3369 601 3400 48.
617 3386 658 3391 —
675 3370 688 3391 ‘2
702 3370 793 3400 Psrzl.
810 3378 847 3411 11,
869 3373 897 3403 7.
916 3389 950 3393 —
969 3371 980 3390 ³
1000 3374 1155 3413 August„
1179 3372 1302 3403 Enarr.
1323 3371 1357 3402 in
1374 3371 1466 3402 Psal.
1482 3378 1520 3412 11,
1541 3380 1575 3402 n.
1593 3373 1623 3403 6.
1639 3387 1680 3392 -
1696 3370 1707 3391 '⁴
1725 3370 1824 3401 Joan.
1844 3367 2033 3408 Chrysost.‚
2052 3367 2090 3398 de
2111 3368 2278 3409 Serz'ptur.
2298 3368 2369 3400 obs-

235 3415 334 3445 cnrz't.
355 3415 448 3447 hom.
466 3424 489 3456 1,
509 3424 545 3446 11.
560 3417 590 3447 2.
607 3423 648 3439 -—‘
661 3417 674 3438 ⁵
688 3417 839 3457 origen.⁹
860 3418 893 3449 in
924 3419 1005 3451 illud
1033 3421 1167 3459 ,lea-em„
1194 3426 1249 3459 n,
1275 3420 1311 3450 10
1328 3427 1336 3449 :
1358 3418 1488 3450 Reversz'
1502 3419 1591 3450 sunt.
1606 3436 1646 3441 --
1661 3417 1674 3440 ⁶
1690 3418 1800 3455 Prov„
1821 3423 1902 3455 vm,
1924 3416 1977 3455 25,
1999 3415 2188 3446 secundum
2207 3416 2366 3456 septuag.

236 3462 302 3483 —7
320 3462 439 3504 Hilar„
457 3463 496 3494 de
517 3463 653 3502 Trinit„
674 3463 730 3494 lib.
750 3465 807 3495 vll
822 3489 831 3504 ,
851 3465 951 3505 paulo
973 3469 1048 3506 post
1068 3466 1233 3497 medium.

279 3522 319 3560 μ’)
343 3521 434 3552 Edit.
464 3522 537 3553 Ven.
556 3521 736 3562 Sapientis.
754 3539 793 3546 —·
815 3523 856 3563 (h)
881 3524 978 3563 Vulg.
996 3534 1054 3565 esso
1067 3522 1305 3565 parturiebar.
