2613 3990
728 245 858 287 DlST.
889 243 1010 285 XVII.
1042 241 1194 283 PART.
1228 242 1257 283 Ι.
1287 242 1405 283 ART.
1438 242 1468 283 I.
1501 241 1697 292 QUAEST.
1728 243 1760 284 Ι.

177 337 278 391 quid
297 337 397 390 poni
414 337 461 377 in
479 337 570 389 ipso
590 337 640 377 de
658 348 786 384 novo,
808 337 849 375 et
867 334 947 374 hoc
962 345 1048 373 non
1067 333 1202 385 potest

176 421 264 450 esse
283 410 400 448 actus
420 422 428 448 :
451 420 554 460 ergo
573 407 742 448 habitus
762 407 790 446 ¹.

229 479 335 520 Item
351 512 361 530 ,
382 479 491 520 Deus
510 479 591 520 alio
611 478 735 519 modo
756 478 1003 529 cooperatur
1031 474 1074 514 in
1101 486 1202 526 ope-

176 551 339 592 ratione
358 550 575 591 meritoria
594 561 722 602 quam
739 547 936 597 naturali,
953 546 1053 599 quia
1068 545 1102 585 si
1115 558 1202 586 non

176 621 257 661 6110
277 621 423 672 1110110,
446 624 546 661 111116
567 619 674 660 redit
699 630 816 659 error
836 617 996 669 Pelagii
1017 616 1130 669 quod
1150 628 1203 656 ex

175 693 442 734 naturalibus
474 694 613 745 posset
642 691 771 731 homo
799 690 952 730 mereri
991 704 998 730 :
1033 689 1067 728 si
1099 700 1203 740 ergo

176 764 258 805 alio
270 765 410 815 modo,
427 776 526 805 cum
539 775 613 816 per
626 762 830 803 virtutem
845 761 1076 801 increatam
1086 760 1203 800 omni

177 839 343 877 naturae
362 838 621 889 cooperetur,
642 845 808 875 necesse
825 833 1015 886 estquod
1037 833 1080 872 in
1100 844 1204 885 ope-

177 907 339 948 ratione
355 909 493 948 creata
508 905 723 947 meritoria
735 907 982 958 cooperetur
994 904 1204 945 mediante

178 979 261 1019 alia
289 978 447 1019 virtute
475 992 484 1018 :
517 977 588 1018 sed
619 977 712 1017 haec
732 989 820 1017 non
849 978 984 1029 potest
1015 988 1102 1016 esse
1124 975 1205 1015 nisi

178 1053 317 1091 creata
341 1063 351 1091 ε
373 1062 491 1102 ergo,
511 1052 588 1090 616.

232 1122 336 1163 Item
371 1120 540 1162 videtur
575 1119 689 1173 quod
728 1119 930 1172 Magister
967 1119 1174 1159 erraverit
1192 1151 1202 1168 ,

177 1193 278 1246 quia
298 1192 374 1245 qui
399 1191 548 1232 dividit
572 1203 699 1244 opera
718 1190 932 1230 Trinitatis
949 1223 958 1238 ,
981 1190 1206 1230 haereticus

177 1267 239 1305 est
259 1278 267 1304 :
291 1263 363 1304 sed
390 1261 590 1314 Magister
610 1262 752 1315 posuit
776 1262 887 1315 quod
921 1261 1101 1302 charitas
1121 1274 1206 1314 qua

176 1347 253 1376 nos
280 1333 498 1386 diligimus
525 1333 659 1374 Deum
680 1366 689 1382 ‚
733 1334 783 1374 sit
817 1333 998 1386 Spiritus
1036 1336 1207 1374 sanctus

143 1400 146 1402 ’
175 1406 341 1459 proprie
367 1420 376 1445 z
399 1415 503 1458 ergo
523 1406 772 1459 ponitquod
791 1408 985 1445 nostrum
1010 1405 1202 1457 diligere,

175 1477 289 1530 quod
306 1479 367 1517 est
387 1477 562 1517 effectus
582 1477 624 1516 in
644 1479 837 1517 creatura
853 1508 862 1524 ,
885 1476 937 1517 sit
962 1476 1092 1517 solius
1113 1476 1205 1529 Spi-

174 1548 280 1589 ritus
298 1548 446 1597 sancti‚
467 1551 508 1588 et
523 1548 582 1588 ita
601 1548 750 1588 dividit
769 1559 896 1600 opera
916 1547 1143 1588 Trinitatis.

228 1619 332 1660 Item
351 1619 427 1672 qui
455 1619 554 1660 dicit
581 1619 682 1672 quid
712 1623 901 1659 creatum
927 1631 1015 1659 esse
1043 1619 1205 1659 increa-

173 1693 281 1739 tum,
300 1693 411 1731 errat
428 1705 436 1731 :
452 1690 522 1731 sed
536 1690 717 1731 charitas
731 1703 816 1742 qua
836 1690 1058 1742 diligimus
1072 1689 1205 1730 Deum

173 1764 214 1802 et
241 1761 511 1814 proximum,
540 1764 588 1802 ut
617 1761 901 1802 communiter
926 1764 1117 1810 tenetur,
1146 1764 1207 1802 est

174 1833 278 1886 quid
297 1836 487 1874 creatum
512 1846 522 1874 ε
545 1833 617 1874 sed
637 1833 836 1885 Magister
855 1833 964 1873 dixit
982 1833 1092 1873 hanc
1116 1846 1206 1874 6556

175 1902 383 1957 Spiritum
404 1907 600 1946 sanctum
624 1920 632 1946 :
651 1917 756 1957 ergo
776 1905 950 1946 erravit.

537 2061 836 2104 CONCLUSIO.

172 2165 254 2200 Etsi
272 2165 364 2200 Deus
383 2166 432 2200 sit
452 2165 611 2201 charitas
631 2166 806 2211 effective,
830 2168 863 2200 et
882 2164 1043 2211 Spiritus
1061 2167 1207 2200 sanctas

221 2226 475 2270 appropriate,
499 2227 531 2260 et
552 2226 627 2271 ipse
646 2225 806 2271 Spiritus
833 2228 976 2260 sanctus
990 2252 1001 2269 ,
1024 2225 1204 2260 amborum

221 2286 320 2327 razio,
337 2287 387 2319 sit
406 2285 564 2320 charitas
584 2285 839 2330 eoeemplaritcr
855 2296 925 2329 qua
948 2285 1060 2319 Deum
1080 2284 1207 2328 arhyt-

221 2353 318 2384 mus,
345 2346 379 2379 et
408 2344 571 2389 affectio,
599 2345 655 2379 rel
688 2345 798 2379 motio
823 2345 984 2379 ecccitata
1015 2356 1035 2378 a
1064 2345 1207 2389 Spiritu

220 2406 342 2438 sancto
381 2402 524 2438 dicatur
559 2404 738 2445 charitas‚·
775 2403 956 2449 ponendas
993 2406 1043 2439 est
1088 2407 1206 2439 tamen

220 2462 366 2497 habitus
387 2466 525 2498 creatus
545 2465 707 2498 animam
724 2464 944 2507 informans,
968 2473 1045 2508 quae
1066 2463 1207 2498 dicatur

221 2522 381 2557 charitas
399 2522 617 2566 formaliter.

228 2623 352 2678 Resp.
372 2625 423 2665 ad
438 2626 544 2678 Arg.
560 2625 623 2666 Ad
644 2626 945 2678 praedictorum
964 2626 1206 2679 intelligen-

176 2697 279 2737 tiam
303 2699 365 2737 est
392 2697 654 2748 notandum,
685 2698 798 2750 quod
829 2697 936 2738 circa
964 2698 1044 2738 hoc
1071 2701 1133 2738 est
1167 2702 1207 2739 et

48 2786 150 2820 Opinio
177 2769 258 2808 fuit
274 2769 326 2809 ab
349 2768 524 2821 antiquo
548 2769 705 2821 duplex
725 2769 882 2821 opinio.
912 2769 1204 2818 Quorumdam

19 2827 159 2863 ³¹³g³⁵¹r⁵⁴
178 2840 306 2890 enim,
328 2842 376 2880 ut
394 2839 583 2891 Magistri
603 2842 643 2880 et
662 2840 908 2892 sequacium
933 2853 1125 2891 suorum,
1145 2843 1207 2881 est

178 2911 319 2964 opinio
339 2911 451 2964 quod
471 2910 650 2963 Spiritus
667 2913 837 2951 sanctus
854 2914 915 2952 est
933 2913 1207 2953 essentialiter

178 2982 358 3022 charitas
379 2994 465 3034 qua
485 2981 606 3022 Pater
625 2984 665 3022 et
685 2981 816 3022 Filius
840 2982 1025 3035 diligunt
1043 2996 1121 3024 nos
1135 3018 1144 3035 ,
1167 2989 1206 3025 et

34 3075 101 3102 Eam
120 3075 160 3102 sic
178 3053 304 3095 etiam
324 3066 408 3106 qua
434 3065 512 3094 nos
539 3053 757 3105 diligimus
780 3053 926 3094 Deum.
960 3055 1010 3095 Et
1031 3056 1206 3108 quidam

20 3117 162 3194 ejgz‘fflm
179 3125 408 3166 voluerunt
422 3124 558 3166 dicere
576 3125 690 3178 quod
706 3125 937 3166 intellectus
953 3126 1082 3179 hujus
1100 3128 1208 3180 posi-

179 3196 307 3237 tionis
324 3198 459 3249 potest
477 3196 758 3237 demonstrari
777 3209 851 3249 per
870 3197 1202 3240 similitudinem.

180 3267 332 3308 Dicunt
350 3267 464 3308 enim
483 3268 595 3321 quod
616 3269 725 3309 sicut
743 3268 819 3308 lux
835 3268 1054 3321 tripliciter
1072 3274 1208 3323 potest

181 3339 448 3387 considerari,
468 3339 624 3380 scilicet
639 3341 683 3380 in
703 3352 760 3390 se,
783 3342 823 3380 et
844 3340 888 3379 in
907 3342 1205 3394 transparenti,

181 3412 222 3451 et
236 3409 283 3450 in
299 3410 561 3451 extremitate
582 3411 793 3464 perspicui
814 3411 1047 3463 terminati,
1069 3414 1208 3466 primo

181 3482 307 3522 modo
329 3484 390 3521 est
409 3482 484 3521 lux
500 3514 510 3532 ,
537 3483 721 3523 secundo
749 3483 873 3523 modo
892 3483 1059 3536 lumen,
1086 3487 1208 3527 tertio

227 3565 238 3587 ¹
254 3566 349 3597 Hanc
374 3564 541 3596 rationem
561 3565 681 3606 accipit
700 3567 794 3598 Scot.
818 3575 881 3607 pro
900 3566 1111 3600 fundament.
1131 3579 1165 3610 q.
1185 3578 1208 3601 11

2222 249 2300 286 283

1276 332 1401 373 modo
1421 331 1656 385 hypostasis
1674 332 1841 383 coloris3
1861 332 1918 373 ita
1937 332 2116 386 Spiritus
2132 337 2301 376 sanctus

1276 406 1410 456 potest
1427 403 1682 444 considerari
1700 404 1745 444 in
1765 416 1821 453 se,
1844 406 1884 444 et
1906 404 1964 444 sic
1989 408 2051 445 est
2075 418 2194 447 amor
2214 407 2296 447 Pa-

1276 476 1350 515 tris
1375 478 1415 515 et
1442 475 1556 524 Filii3
1576 477 1710 527 potest
1728 488 1901 516 rursum
1919 477 2169 517 considerari
2191 479 2301 518 utin

1276 546 1466 586 humana
1491 545 1632 586 anima
1659 546 1920 597 inhabitans,
1955 550 1995 587 et
2031 547 2088 587 sic
2121 547 2301 600 Spiritus

1279 621 1447 658 sanctus
1475 617 1629 658 dicitur
1654 619 1814 669 gratia3
1844 621 1978 671 potest
2008 619 2134 659 etiam
2164 620 2303 659 consi-

1279 689 1414 729 derari
1431 691 1478 729 ut
1496 688 1641 729 unitus
1659 689 1885 737 voluntati,
1902 693 1942 730 et
1960 690 2017 730 sic
2031 693 2093 730 est
2107 690 2302 738 charitas,

1279 773 1362 812 qua
1379 772 1456 801 1105
1474 760 1697 812 diligimus
1716 761 1863 802 Deum.
1888 761 2005 802 Unde
2028 761 2172 802 dicunt
2193 762 2304 814 quod
2422 810 2436 821 ἢ
2459 817 2462 818 ⁷

1279 831 1461 883 Spiritus
1479 834 1649 872 sanctus
1667 834 1728 872 est
1747 835 1890 873 nostra
1908 833 2103 881 charitas,
2123 845 2213 874 non
2231 846 2306 886 per
2327 819 2398 868 runi.

1279 903 1684 957 appropriationem,
1708 903 1778 944 sed
1804 916 1878 956 per
1903 904 2122 945 unionem.
2146 904 2305 954 Quem-

1279 975 1509 1016 admodum
1544 975 1659 1015 enim
1691 975 1804 1015 solus
1834 975 1968 1015 Filius
1995 979 2056 1016 est
2080 976 2209 1016 homo
2239 976 2307 1016 vel

1280 1047 1537 1097 incarnatus,
1563 1049 1604 1087 et
1622 1048 1764 1087 tamen
1781 1049 1868 1087 tota
1883 1045 2065 1087 Trinitas
2085 1050 2147 1088 est
2170 1048 2305 1088 111661-

1280 1118 1495 1158 nationem
1525 1120 1719 1171 operata,
1759 1118 1830 1159 sed
1861 1121 2003 1158 tamen
2033 1119 2146 1159 solus
2179 1119 2309 1159 Filius

1280 1190 1444 1240 unitus;
1467 1190 1525 1230 sic
1541 1189 1738 1242 quamvis
1753 1192 1839 1230 tota
1855 1189 2036 1230 Trinitas
2051 1190 2173 1231 faciat
2189 1191 2308 1231 unio-

1280 1274 1379 1302 nem
1415 1260 1594 1315 Spiritus
1625 1262 1756 1302 sancti
1789 1275 1887 1302 cum
1918 1262 2160 1312 voluntate,
2196 1263 2311 1303 solus

1299 1346 1423 1373 amen
1445 1333 1626 1386 Spiritus
1644 1337 1813 1375 sanctus
1841 1335 1991 1375 unitur
2011 1334 2245 1385 voluntati,
2270 1338 2310 1375 et

1279 1405 1372 1445 ideo
1393 1406 1506 1446 solus
1523 1409 1584 1446 est
1603 1406 1796 1446 charitas.
1824 1406 1942 1447 Ratio
1968 1408 2110 1447 autem
2132 1419 2308 1447 movens

1280 1477 1332 1517 ad
1352 1478 1595 1529 ponendum
1614 1478 1707 1529 1106,
1731 1481 1791 1519 651
1809 1478 2036 1519 auctoritas
2056 1478 2242 1530 Apostoli
2297 1493 2304 1518 :

1283 1549 1365 1595 Oai
1379 1549 1563 1591 adficeret
1578 1551 1674 1600 Deo,
1691 1561 1803 1591 unus
1823 1551 2005 1602 spiritus
2023 1553 2096 1591 cst.
2116 1548 2164 1589 Et
2181 1549 2307 1589 etiam

1281 1623 1422 1660 movet
1447 1633 1519 1661 eos
1550 1621 1780 1662 similitudo
1808 1636 1816 1661 z
1849 1622 1993 1662 dicunt
2025 1621 2139 1661 enim
2168 1621 2306 1673 quod,

1279 1692 1386 1732 sicut
1407 1691 1541 1733 Filius
1561 1693 1746 1746 procedit
1765 1706 1839 1746 per
1865 1693 2040 1734 modum
2058 1695 2222 1733 naturae
2237 1725 2246 1743 ,
2268 1695 2310 1733 et

1279 1763 1336 1803 ita
1357 1767 1522 1805 naturae
1542 1764 1710 1814 unitur;
1741 1765 1800 1804 516
1826 1763 2006 1817 Spiritus
2035 1767 2206 1804 sanctus
2237 1776 2312 1817 per

1280 1836 1457 1876 modum
1477 1836 1728 1887 voluntatis,
1750 1839 1790 1876 et
1816 1836 1908 1876 ideo
1931 1836 2139 1877 voluntati
2164 1835 2309 1876 unibi-

1278 1907 1343 1958 lis,
1362 1912 1401 1948 et
1421 1908 1583 1948 unitus.
1605 1907 1655 1948 Et
1675 1908 1775 1961 quia
1791 1908 1987 1949 voluntas
2009 1908 2212 1949 vertibilis
2231 1910 2306 1957 est,

1278 1992 1366 2019 non
1380 1980 1438 2020 sic
1458 1982 1634 2030 natura3
1657 1980 1750 2020 ideo
1773 1979 1951 2033 Spiritus
1970 1983 2140 2019 sanctus
2159 1979 2307 2020 unitur

1278 2052 1590 2104 separabiliter,
1615 2052 1684 2092 sed
1716 2051 1847 2091 Filius
1872 2050 2208 2104 inseparabiliter
2231 2063 2240 2091 :
2269 2053 2311 2091 et

1278 2123 1371 2164 ideo
1388 2124 1517 2176 longe
1536 2123 1725 2164 inferiori
1750 2123 1898 2171 modo,
1929 2135 2061 2175 quam
2090 2122 2244 2173 Filius,
2267 2127 2311 2163 et

1279 2195 1435 2247 quibus
1461 2195 1521 2235 sic
1541 2195 1711 2244 unitur,
1733 2195 1867 2248 seipso
1887 2195 1984 2235 facit
2007 2195 2199 2247 diligere.
2228 2194 2306 2236 Sed
2363 2210 2473 2244 Impro-

1278 2268 1371 2308 haec
1401 2267 1551 2321 positio
1579 2279 1666 2307 non
1694 2270 1827 2320 potest
1847 2270 1978 2316 stare,
2009 2267 2108 2319 quia
2129 2266 2309 2319 Spiritus
2328 2251 2474 2328 ζζῗξζχζζζ

1279 2343 1448 2381 sanctus
1467 2352 1554 2380 non
1570 2342 1630 2380 est
1645 2339 1818 2379 unibilis
1838 2354 1845 2379 :
1870 2341 1911 2379 et
1931 2343 2134 2391 praeterea
2154 2339 2187 2378 si
2204 2343 2307 2379 esset
2332 2336 2451 2361 ³'²³·⁷''>·³³'·

1279 2412 1465 2462 unibilis,
1487 2414 1560 2452 aut
1576 2423 1651 2464 per
1664 2413 1878 2460 naturam,
1897 2413 1971 2450 aut
1997 2423 2068 2463 per
2090 2411 2272 2463 gratiam
2297 2425 2305 2451 t

1278 2496 1366 2524 non
1394 2496 1468 2536 per
1488 2486 1686 2523 naturam
1709 2497 1718 2523 ε
1741 2495 1844 2534 ergo
1863 2494 1938 2535 per
1957 2483 2138 2534 gratiam
2168 2495 2177 2522 :
2207 2494 2310 2534 ergo

1279 2555 1418 2595 adhuc
1441 2557 1604 2608 oportet
1633 2567 1722 2595 esse
1756 2554 1951 2594 habitum
1987 2554 2138 2606 gratiae
2170 2554 2311 2606 dispo-

1278 2630 1449 2667 nentem
1470 2627 1658 2667 animam
1678 2626 1727 2667 ad
1750 2626 2059 2679 susceptionem
2079 2625 2170 2665 talis
2188 2626 2310 2666 unio-

1279 2699 1368 2748 nis,
1391 2701 1431 2739 et
1458 2699 1516 2739 ita
1540 2699 1647 2739 redit
1665 2698 1940 2739 contrarium.
1964 2697 2060 2738 Ideo
2079 2709 2164 2737 non
2184 2697 2309 2737 credo
2330 2721 2406 2748 wa
2430 2730 2473 2747 ex,

1279 2771 1391 2824 quod
1422 2770 1622 2824 Magister
1650 2771 1730 2811 hoc
1758 2770 1882 2809 modo
1913 2768 2036 2809 fuerit
2061 2768 2191 2820 hujus
2217 2768 2310 2820 opi-

1278 2843 1431 2883 nionis.
1455 2842 1505 2883 Et
1524 2845 1694 2896 propter
1707 2842 1787 2882 hoc
1801 2841 1919 2881 aliter
1936 2840 2178 2888 dicendum,
2195 2840 2310 2892 quod

1279 2915 1390 2955 istud
1424 2927 1509 2968 quo
1546 2915 1765 2967 diligimus
1795 2913 1955 2963 Deum,
1995 2911 2216 2964 tripliciter
2250 2914 2312 2952 est

1279 2986 1468 3039 accipere
1491 3000 1499 3026 ε
1520 2988 1594 3026 6111
1611 2997 1696 3038 quo
1715 2984 1934 3036 diligimus
1954 2983 2164 3033 effective,
2190 2986 2231 3023 et
2250 2983 2310 3023 516

1279 3058 1475 3109 charitas,
1493 3058 1583 3098 sive
1597 3069 1731 3105 amor,
1749 3059 1810 3096 est
1823 3055 2052 3105 Trinitatis,
2072 3057 2113 3095 et
2127 3054 2308 3107 Spiritus

1280 3130 1413 3170 sancti
1433 3129 1719 3182 appropriate;
1741 3131 1813 3167 aut
1832 3139 1916 3180 quo
1933 3127 2154 3179 diligimus
2169 3139 2310 3167 exem-

1279 3201 1452 3254 plariter
1468 3232 1478 3250 ,
1518 3205 1558 3241 et
1590 3200 1648 3240 sic
1686 3199 1866 3252 Spiritus
1902 3201 2072 3239 sanctus
2108 3200 2170 3238 est
2204 3197 2309 3238 unio

1281 3272 1414 3313 Patris
1440 3275 1479 3313 et
1495 3272 1589 3312 Filii
1606 3303 1616 3321 ‚
1639 3274 1680 3312 et
1708 3283 1844 3311 nexus
1869 3271 2119 3320 amborum,
2150 3273 2190 3310 et
2210 3269 2310 3309 uni-

1279 3347 1342 3384 tas
1360 3358 1368 3383 :
1384 3343 1436 3383 ad
1450 3344 1572 3396 cujus
1586 3342 1862 3382 imitationem
1878 3342 2059 3382 charitas
2074 3353 2149 3381 nos
2164 3340 2307 3387 nectit,

1281 3415 1512 3456 secundum
1549 3414 1663 3467 quod
1694 3413 1792 3454 dicit
1823 3413 2026 3454 Dominus
2052 3414 2065 3435 ³
2099 3425 2108 3451 :
2148 3412 2196 3453 Ut
2217 3412 2309 3453 sint

2352 2763 2454 2797 positio

2331 2805 2472 2840 Magistri.

1281 3519 1458 3560 praesentis
1478 3519 1556 3551 dist.
1586 3518 1633 3550 ibi
1653 3529 1661 3550 z
1688 3519 1743 3550 Ad
1760 3518 1955 3550 solutionem
1980 3518 2079 3559 hujus
2104 3517 2307 3560 quaestz'onz'S.

1281 3586 1321 3591 —-
1343 3570 1381 3600 21
1405 3568 1494 3608 Cor„
1514 3576 1562 3609 VI,
1582 3569 1633 3600 17.
1646 3585 1688 3591 —
1701 3568 1836 3608 3Joan.,
1855 3575 1940 3606 xvii,
1963 3569 2014 3599 22.
