2613 3990
892 265 1018 306 DIST.
1046 265 1150 306 XIV.
1181 265 1300 307 ART.
1334 266 1382 306 ΙΙ.
1415 264 1613 315 QUAEST.
1646 265 1696 305 II.
2279 271 2350 308 241

230 356 355 397 modo
371 358 539 396 tantum
558 368 582 396 a
600 354 745 405 bonis3
776 353 900 394 tertio
929 354 1057 394 modo
1088 357 1255 394 tantum

228 438 253 466 a
278 426 374 466 Deo.
400 426 448 465 Et
481 438 556 478 per
582 425 672 466 haec
700 424 918 464 manifesta
948 427 1009 464 est
1040 425 1255 476 responsio

229 497 281 537 ad
307 497 390 537 duo
422 497 574 537 ultima
605 496 778 547 obJecta,
801 506 897 546 quas
923 495 1103 546 probant
1122 495 1255 547 Spiri-

227 569 321 607 tum
340 571 534 607 sanctum
552 566 663 616 dari,
684 565 783 618 quia
802 565 860 603 ibi
878 564 990 605 datio
1013 564 1119 604 nihil
1140 565 1255 606 aliud

227 641 288 678 est
307 651 437 691 quam
455 637 721 691 praeparatio.

281 713 318 749 (Ι.
353 709 415 750 Ad
451 709 554 749 illud
585 719 688 759 ergo
726 706 840 758 quod
871 705 1068 757 objicitur
1099 707 1250 759 primo,

226 781 338 832 quod
369 792 502 832 agens
527 782 714 820 creatum
736 777 865 830 possit
884 777 928 817 in
950 778 1131 818 formam
1152 779 1252 818 sub-

226 852 477 900 stantialem,
499 851 590 891 dico
610 849 722 902 quod
742 860 828 887 non
848 850 983 900 potest
1008 848 1050 887 in
1080 860 1252 889 omnem

225 923 543 963 substantialem
559 954 570 973 ,
599 923 750 973 utputa
771 919 815 959 iu
840 932 934 959 eam
960 933 1057 973 quae
1078 924 1139 961 est
1163 921 1252 961 dei-

225 994 386 1043 formis,
415 993 523 1033 sicut
549 995 609 1033 est
634 992 777 1032 anima
808 991 1037 1031 rationalis.
1069 991 1119 1032 Et
1151 992 1253 1044 quia

225 1065 361 1117 gratia
375 1068 437 1106 est
456 1064 686 1112 deiformis,
708 1063 819 1104 sicut
835 1067 896 1104 est
911 1064 1053 1103 anima
1072 1064 1251 1104 rationa-

224 1133 287 1183 lis,
309 1133 402 1174 ideo
421 1145 510 1173 nou
529 1135 663 1186 potest
691 1132 744 1172 ab
773 1135 925 1184 agente
957 1131 1029 1171 tali
1060 1132 1248 1184 produci.

223 1203 266 1244 Si
286 1207 426 1244 autem
447 1204 497 1244 de
514 1203 604 1244 aliis
629 1202 777 1243 formis
808 1202 1073 1243 naturalibus
1099 1215 1253 1255 argua-

222 1277 314 1325 tur,
342 1287 428 1315 non
458 1277 519 1315 est
539 1274 658 1315 locus
677 1286 701 1314 a
721 1273 892 1313 minori.

274 1348 313 1386 2.
334 1346 398 1386 Ad
417 1345 522 1386 illud
546 1346 659 1398 quod
681 1345 877 1397 objicitur
896 1344 946 1385 de
965 1344 1129 1385 lumine
1153 1356 1251 1385 cor-

220 1416 368 1469 porali,
393 1416 619 1458 dicendum
645 1418 757 1469 quod
780 1428 866 1456 non
898 1419 958 1456 est
980 1416 1131 1456 simile.
1162 1415 1249 1456 Lu-

221 1502 319 1530 men
356 1490 471 1530 enim
509 1489 723 1541 corporale
765 1487 1021 1528 diffunditur
1049 1499 1123 1539 per
1157 1499 1249 1527 me-

220 1559 340 1601 dium
359 1560 570 1610 deferens,
593 1563 634 1600 et
663 1571 737 1612 per
764 1558 875 1599 idem
897 1558 1085 1599 medium
1116 1561 1250 1611 potest

221 1631 376 1671 iterum
406 1630 602 1683 generari
635 1642 710 1683 per
737 1629 850 1682 quod
871 1629 1055 1669 defertur
1079 1644 1087 1669 :
1111 1629 1248 1681 gratia

221 1704 364 1742 autem
384 1713 472 1742 non
495 1704 555 1742 est
570 1713 646 1754 per
664 1700 930 1749 delationem,
951 1699 1023 1740 sed
1040 1711 1114 1751 per
1130 1699 1248 1751 illap-

221 1786 317 1814 sum
347 1773 527 1826 agentis,
550 1776 590 1814 et
614 1785 689 1826 per
722 1771 1012 1813 omnimodam
1036 1770 1247 1810 indistan-

219 1845 337 1885 tiam.

273 1918 311 1956 3.
333 1915 398 1956 Ad
417 1915 520 1956 illud
540 1915 655 1968 quod
684 1914 896 1967 objicitur,
920 1913 1032 1966 quod
1055 1916 1248 1953 ereatura

218 1987 502 2040 corruptibilis
532 1987 653 2027 debet
674 1986 829 2026 habere
855 1985 1086 2037 potentiam
1112 1996 1247 2036 gene-

216 2057 359 2108 randi3
384 2057 610 2098 dicendum
628 2056 741 2110 quod
761 2068 913 2096 verum
927 2057 987 2095 est
1000 2054 1049 2094 de
1065 2054 1135 2095 illa
1150 2067 1245 2107 quae

216 2128 501 2181 corruptibilis
526 2130 589 2168 est
606 2128 656 2168 de
676 2139 719 2167 se
742 2141 750 2167 :
773 2126 843 2167 sed
861 2126 998 2177 gratia
1015 2126 1065 2166 de
1081 2138 1122 2166 se
1139 2138 1248 2166 nun-

215 2210 346 2250 quam
375 2199 689 2252 corrumpitur,
722 2198 791 2238 vel
825 2197 1017 2237 senescit.
1054 2196 1127 2237 Vel
1163 2197 1243 2246 dic,

215 2270 328 2322 quod
351 2270 424 2310 illa
454 2283 541 2312 non
566 2274 628 2311 θεῖ
651 2273 739 2310 tota
764 2283 891 2310 causa
910 2270 1098 2310 maxime
1115 2270 1160 2310 in
1180 2270 1246 2310 his

214 2353 312 2394 quae
341 2355 429 2383 nou
464 2343 610 2384 dicunt
642 2343 922 2383 substantiam
961 2343 1213 2396 completam
1233 2375 1243 2393 ,

214 2413 285 2454 sed
298 2414 438 2466 magis
458 2414 790 2467 dispositionem.

266 2486 305 2524 4.
333 2484 399 2525 Ad
424 2485 529 2526 illud
554 2485 667 2538 quod
700 2485 926 2537 objicitur,
958 2485 1071 2537 quod
1105 2485 1245 2537 gratia

212 2557 347 2607 potest
381 2556 591 2608 expellere
635 2556 830 2609 culpam,
870 2555 1096 2596 dicendum
1130 2555 1243 2608 quod

212 2627 419 2680 expellere
444 2628 614 2681 culpam
642 2630 703 2668 est
727 2627 951 2679 dupliciter
975 2641 983 2667 z
1013 2627 1080 2668 vel
1117 2628 1243 2668 effec-

212 2696 319 2749 tive,
348 2699 415 2739 vel
445 2699 694 2740 formaliter.
726 2698 843 2747 Quod
875 2701 1009 2751 potest
1034 2699 1244 2751 expellere

212 2768 402 2811 effective
421 2803 431 2820 ‚
452 2774 590 2824 potest
614 2771 778 2812 efficere
803 2770 985 2822 gratiam
1015 2785 1023 2810 ;
1056 2770 1126 2811 sed
1157 2783 1242 2811 non

212 2844 375 2897 oportet
403 2843 514 2895 quod
544 2842 648 2883 illud
693 2841 806 2895 quod
848 2842 1099 2893 formaliter,
1139 2843 1241 2896 quia

212 2910 317 2953 illud
344 2913 481 2967 seipso
506 2914 676 2968 expellit
698 2928 707 2954 :
736 2912 940 2966 quoniam
970 2926 1074 2966 ergo
1102 2915 1240 2967 gratia

213 2983 382 3034 expellit
411 2985 658 3035 formaliter,
685 2988 727 3026 et
745 2984 900 3037 seipsa,
930 2985 1025 3026 ideo
1055 2997 1141 3026 non
1177 2999 1239 3027 se-

451 3640 549 3670 Tou.
579 3641 608 3670 1.

1330 355 1490 408 quitur,
1511 354 1623 406 quod
1643 353 1773 406 possit
1792 364 1996 404 generare
2012 354 2138 394 aliam
2157 357 2354 407 gratiam.

1383 428 1420 465 5.
1442 425 1505 465 Ad
1525 424 1626 464 illud
1649 423 1760 476 quod
1777 424 1987 476 objicitur,
2009 425 2121 481 quod
2142 426 2186 465 in
2205 428 2357 478 justifi-

1330 496 1490 536 catione
1514 494 1634 534 debet
1654 497 1844 546 peccator
1862 495 2104 547 humiliari;
2131 496 2357 539 dicendum

1329 566 1441 618 quod
1462 577 1612 606 verum
1635 568 1709 613 est,
1729 566 1829 617 quia
1848 565 2068 606 humiliari
2083 566 2203 607 debet
2223 571 2262 608 et
2280 570 2357 609 sub

1329 636 1515 685 homine,
1539 637 1579 675 et
1599 635 1725 675 etiam
1752 637 1830 676 sub
1852 636 2091 677 visibilibus
2111 638 2244 689 signis
2266 651 2275 678 ε
2296 641 2358 678 ta-

1329 719 1428 747 men
1447 707 1566 747 aliter
1587 719 1717 759 quam
1735 707 1812 747 sub
1834 707 1915 748 Deo
1933 722 1942 757 ;
1969 708 2070 760 quia
2092 708 2201 750 alius
2222 709 2358 750 honor

1328 778 1597 819 debeturbeo
1618 790 1750 830 quam
1766 778 1932 818 homini
1956 792 1966 819 ε
1989 782 2029 820 et
2047 779 2140 820 ideo
2160 780 2260 832 quia
2280 781 2358 820 sub

1330 850 1411 891 Deo
1430 850 1681 890 humiliatur
1697 881 1706 898 ,
1726 853 1774 890 ut
1800 850 1877 891 sub
1905 850 2116 903 principio
2135 851 2296 899 salutis,
2319 854 2359 891 et

1328 935 1352 962 a
1370 934 1454 974 quo
1475 921 1686 972 salvatum
1706 921 1766 961 sic
1784 933 1871 961 non
1904 921 2026 962 debet
2057 922 2134 962 sub
2167 925 2359 963 creatura

1328 992 1559 1040 humiliari,
1581 995 1628 1032 ut
1647 1004 1671 1032 a
1691 1004 1775 1044 qua
1793 992 1905 1032 salus
1926 992 2049 1033 detur
2075 993 2134 1042 ei,
2164 993 2235 1034 sed
2262 996 2310 1034 ut
2334 1006 2358 1034 a

1329 1076 1413 1116 qua
1438 1063 1550 1104 salus
1569 1063 1848 1104 ministratur.
1872 1063 1922 1104 Et
1941 1064 2000 1104 sic
2017 1067 2129 1117 patet
2148 1065 2275 1105 etiam
2293 1077 2358 1105 se-

1328 1148 1464 1188 quens
1494 1135 1544 1175 de
1569 1135 1866 1176 humiliatione
1895 1136 1940 1175 in
1966 1148 2112 1188 poena3
2138 1148 2224 1176 non
2244 1137 2358 1178 enim

1327 1209 1388 1246 est
1420 1206 1555 1246 simile
1595 1206 1645 1246 de
1682 1205 1978 1246 humiliatione
2021 1206 2093 1246 illa
2109 1239 2119 1255 ,
2162 1207 2263 1259 quia
2299 1207 2358 1247 ibi

1327 1277 1470 1317 anima
1499 1289 1724 1330 perversa,
1756 1289 1934 1317 manens
1973 1276 2018 1316 in
2052 1289 2128 1317 sua
2153 1279 2359 1329 perversi-

1325 1349 1423 1396 tate,
1445 1348 1607 1389 ratione
1627 1348 1740 1389 illius
1755 1348 1977 1400 subjicitur
1990 1348 2180 1388 inferiori
2197 1361 2272 1401 per
2285 1362 2359 1390 na-

1328 1420 1491 1468 turam3
1514 1420 1582 1460 vel
1605 1419 1705 1472 quia
1725 1419 1850 1459 habet
1875 1419 2076 1471 reliquias
2105 1419 2358 1472 perversita-

1324 1489 1406 1529 tis:
1437 1490 1507 1530 sed
1539 1491 1582 1530 in
1613 1491 1764 1542 gratiae
1796 1490 2044 1541 donatione,
2081 1490 2224 1531 anima
2262 1504 2359 1544 per-

1325 1573 1448 1601 versa
1479 1574 1504 1602 a
1530 1562 1804 1614 perversitate
1835 1564 2048 1611 mutatur,
2071 1565 2111 1602 et
2145 1562 2196 1602 ad
2223 1562 2357 1604 Deum

1324 1631 1567 1673 immediate
1605 1632 1840 1673 ordinatur.

1379 1708 1416 1744 6.
1451 1705 1514 1745 Ad
1545 1705 1650 1745 illud
1676 1704 1790 1757 quod
1827 1704 2041 1755 objicitur,
2076 1705 2188 1757 quod
2225 1718 2358 1758 agens

1325 1777 1557 1828 perfectum
1589 1776 1659 1816 dat
1681 1776 1914 1828 potentiam
1937 1777 2092 1828 agendi
2110 1777 2264 1828 simile3
2289 1779 2357 1819 di—

1325 1847 1507 1887 cendum
1526 1847 1639 1899 quod
1663 1859 1816 1887 verum
1847 1849 1907 1888 est
1942 1847 1977 1887 si
2005 1848 2170 1900 patiens
2199 1861 2356 1890 conve-

1324 1918 1489 1958 nienter
1510 1921 1648 1971 posset
1677 1919 1888 1971 suscipere
1918 1933 1926 1958 :
1960 1919 2048 1969 sed,
2083 1919 2188 1959 sicut
2215 1923 2356 1961 osten-

1324 2001 1420 2029 sum
1439 1992 1514 2038 est,
1537 2002 1591 2029 ex
1610 1992 1725 2042 parte
1747 1989 1936 2030 hominis
1966 2001 2052 2030 non
2075 1993 2136 2030 est
2160 1990 2356 2042 possibile

1324 2064 1369 2100 ut
1396 2061 1490 2100 talis
1516 2060 1700 2113 potentia
1734 2060 1787 2100 ab
1821 2072 1870 2101 eo
1900 2061 2152 2114 recipiatur,
2184 2066 2356 2115 propter

1326 2131 1415 2171 talis
1430 2132 1579 2172 formae
1599 2131 1877 2182 nobilitatem,
1898 2144 1996 2185 quae
2013 2145 2100 2173 non
2118 2135 2252 2186 potest
2266 2146 2355 2174 esse

1322 2204 1402 2245 nisi
1426 2216 1450 2244 a
1468 2205 1733 2246 nobilissimo
1752 2208 1922 2257 agente.

1376 2278 1414 2315 7.
1442 2275 1507 2316 Ad
1527 2275 1630 2316 illud
1652 2276 1766 2329 quod
1785 2276 1997 2329 objicitur,
2014 2277 2128 2329 quod
2148 2277 2248 2318 dare
2277 2290 2353 2330 po-

1321 2347 1495 2387 tentiam
1517 2347 1568 2387 ad
1598 2348 1704 2388 bene
1735 2360 1824 2388 esse
1846 2360 1933 2388 non
1960 2348 2137 2400 derogat
2154 2348 2237 2389 Deo
2256 2363 2265 2399 ;
2287 2349 2353 2389 di-

1322 2418 1502 2458 cendum
1524 2418 1636 2471 quod
1657 2419 1761 2459 ordo
1778 2422 1840 2460 est
1859 2419 1905 2459 in
1923 2419 2129 2468 essentiis,
2149 2420 2249 2472 quia
2270 2420 2350 2460 ali-

1321 2501 1418 2541 quae
1437 2492 1641 2530 creaturae
1657 2492 1757 2530 sunt
1773 2490 1831 2530 ita
1848 2489 2024 2540 nobiles,
2044 2489 2158 2543 quod
2177 2502 2264 2530 non
2279 2491 2352 2531 de-

1321 2563 1385 2600 cet
1406 2573 1475 2600 eas
1494 2560 1575 2600 nisi
1594 2574 1618 2601 a
1636 2561 1897 2603 nobilissimo
1916 2564 2069 2614 agente
2090 2562 2280 2615 produci,
2301 2565 2350 2603 ut

1319 2635 1419 2672 sunt
1433 2631 1517 2671 illae
1536 2643 1633 2683 quae
1652 2634 1751 2672 sunt
1778 2632 1830 2673 ad
1848 2632 2087 2684 imaginem
2111 2647 2119 2673 :
2141 2633 2347 2685 quoniam

1319 2713 1422 2753 ergo
1447 2701 1587 2754 gratia
1612 2705 1673 2743 est
1696 2703 1747 2744 de
1772 2703 2066 2751 nobilissimis,
2092 2705 2206 2756 patet
2231 2704 2346 2756 quod

1317 2785 1405 2813 non
1422 2775 1557 2825 potest
1575 2774 1750 2826 produci
1769 2775 1821 2816 ab
1837 2775 2026 2825 homine,
2039 2774 2149 2814 sicut
2161 2786 2239 2814 nec
2257 2786 2346 2815 esse

1317 2844 1488 2885 animae.
1510 2844 1613 2894 Quae
1626 2846 1778 2886 ultimo
1795 2846 2070 2900 objiciuntur,
2092 2845 2228 2886 soluta
2245 2849 2346 2886 sunt

1316 2927 1445 2968 supra
1469 2928 1544 2968 per
1570 2916 1881 2959 distinctionem
1904 2917 2085 2958 dationis
2106 2916 2342 2957 secundum

1314 2989 1512 3027 naturam
1523 2987 1831 3030 trimembrem.

2042 3634 2092 3672 16
