2613 3990
83 849 187 884 Opinio

47 890 178 918 aliorum.

57 1567 100 1594 Im
121 1574 185 1602 pro-

47 1609 110 1635 balu
116 1617 138 1634 r.

87 1918 190 1954 Opinio

53 1961 191 1988 Doctoris.

57 2281 185 2312 Distinet.

68 2856 187 2883 Conclu-

44 2897 97 2926 sio.

870 247 995 288 DlST.
1022 247 1164 289 XVIII.
1192 247 1312 288 ART.
1344 247 1374 287 Ι.
1408 245 1605 295 QUAEST.
1638 246 1685 287 V.

209 339 257 377 ut
282 336 446 377 Marcus
465 339 505 378 et
532 337 692 378 Tullius
715 352 723 378 :
755 337 868 390 quod
887 340 948 378 est
968 349 1089 390 aeque
1109 349 1231 389 mag-

207 420 315 449 num
333 408 634 451 inconveniens
657 424 665 450 :
688 421 807 461 ergo,
829 410 906 449 etc.

572 569 866 613 CONCLUSIO.

210 676 347 710 Donum
367 677 417 710 est
439 675 647 721 proprietas
670 673 881 708 distinctiva
895 701 904 713 ,
927 673 1112 709 secundum
1144 673 1237 718 quod

475 734 564 769 dicit
583 736 700 768 actum
722 735 970 779 processionis.

261 839 380 892 Resp.
403 839 455 879 ad
477 842 576 891 Arg.
597 838 829 879 Dicendum
858 838 971 891 quod
996 838 1047 878 ad
1066 838 1146 878 hoc
1166 838 1232 878 di-

205 913 364 952 xerunt
391 909 521 963 aliqui
548 909 660 962 quod
682 909 842 949 donum
863 909 1083 962 dupliciter
1110 909 1231 949 estin

205 983 360 1023 divinis
378 982 641 1022 considerare
665 996 672 1022 :
697 993 784 1022 uno
809 981 934 1021 modo
949 1013 959 1031 ,
983 983 1109 1034 prout
1134 981 1232 1020 dicit

205 1056 441 1107 respectum
462 1053 599 1094 solum
615 1053 668 1094 ad
679 1053 941 1103 donatorem,
959 1055 999 1093 et
1013 1053 1092 1092 hoc
1106 1052 1232 1092 modo

205 1125 303 1166 dicit
332 1124 601 1177 Augustinus
632 1124 745 1176 quod
775 1136 824 1164 00
859 1123 1011 1163 dicitur
1044 1123 1202 1163 donum
1220 1155 1229 1172 ‚

205 1209 291 1250 quo
316 1196 502 1250 procedit
525 1209 533 1236 :
555 1198 595 1236 et
617 1195 674 1235 sic
694 1196 840 1236 dicunt
858 1195 969 1248 quod
991 1195 1152 1235 donum
1172 1199 1232 1235 est

204 1269 436 1322 proprietas
472 1267 711 1309 distinctiva
747 1267 928 1320 Spiritus
957 1267 1102 1307 sancti.
1141 1267 1231 1308 Alio

205 1339 330 1380 modo
346 1338 500 1380 dicitur
521 1338 704 1387 donum,
725 1340 851 1391 prout
872 1337 969 1377 dicit
995 1341 1231 1390 respectum

203 1411 256 1452 ad
272 1422 372 1451 eum
391 1409 460 1451 cui
480 1410 605 1450 datur
618 1442 627 1460 ,
659 1411 702 1449 et
722 1409 779 1449 sic
798 1421 883 1449 non
911 1408 1013 1449 dicit
1038 1408 1231 1461 proprie-

203 1483 331 1522 tatem
351 1480 637 1521 distinctivam
653 1512 663 1531 ,
687 1479 756 1520 sed
777 1491 1037 1532 consequens
1056 1480 1107 1520 ad
1133 1491 1230 1532 pro-

203 1551 426 1605 prietatem
444 1551 742 1592 distinctivam.
768 1551 847 1592 Sed
874 1552 975 1592 illud
999 1564 1086 1592 non
1115 1552 1229 1592 vide-

204 1625 275 1664 tur
286 1635 405 1676 posse
422 1625 531 1664 stare
547 1636 673 1664 :nam
689 1623 846 1664 donum
868 1635 1033 1675 semper
1047 1623 1232 1676 aliquam

207 1696 563 1749 comparationem
583 1697 682 1737 dicit
701 1696 752 1737 ad
776 1709 875 1737 eum
903 1697 972 1737 cui
997 1697 1133 1737 datur.
1159 1697 1232 1737 In-

207 1768 370 1809 tellecto
389 1769 502 1809 enim
522 1769 635 1822 quod
664 1781 750 1810 non
776 1769 828 1809 sit
851 1769 1055 1809 donabilis
1079 1770 1230 1821 alicui,

209 1839 465 1892 impossibile
489 1843 550 1880 est
577 1840 815 1891 intelligere
843 1840 955 1892 quod
982 1840 1033 1879 sit
1056 1840 1229 1881 donum.

209 1911 261 1952 Et
291 1913 461 1965 propter
491 1911 572 1952 hoc
599 1915 659 1952 est
687 1913 805 1953 aliter
836 1912 1088 1961 dicendum,
1126 1913 1235 1954 sicut

210 1982 328 2036 prius
347 1984 505 2023 tactum
529 1985 613 2031 est,
635 1984 747 2036 quod
766 1984 926 2024 donum
943 2016 952 2032 ,
976 1986 1128 2036 praeter
1146 1997 1233 2025 1·οε-

207 2056 377 2106 pectum
396 2065 523 2106 quem
545 2054 745 2107 importat
762 2055 812 2095 ad
829 2055 1016 2103 dantem,
1036 2055 1235 2108 importat

206 2126 445 2178 respectum
467 2126 517 2166 ad
537 2138 638 2166 eum
658 2127 727 2167 cui
746 2127 884 2168 datur.
901 2126 980 2168 Sed
1000 2127 1080 2168 hoc
1100 2131 1235 2180 potest

207 2208 295 2237 esse
325 2196 544 2250 tripliciter
576 2211 585 2239 :
619 2199 687 2239 vel
719 2200 955 2240 secundum
984 2203 1126 2241 actum
1145 2233 1154 2249 ‚
1186 2204 1235 2241 ut

206 2267 306 2321 quia
325 2268 491 2319 datum3
508 2269 575 2311 vel
593 2270 827 2310 secundum
844 2271 1053 2322 habitum,
1073 2274 1119 2312 ut
1133 2272 1234 2324 quia

205 2339 393 2380 dandum
405 2352 418 2392 3
431 2340 498 2382 vel
511 2342 746 2383 secundum
761 2342 1054 2395 aptitudinem,
1072 2346 1120 2383 ut
1133 2343 1234 2396 quia

205 2410 399 2451 donabile
421 2426 430 2452 2
453 2413 494 2452 et
512 2412 589 2453 iste
614 2416 827 2466 respectus
852 2413 954 2454 adeo
981 2415 1233 2467 conjunctus

205 2484 266 2522 est
294 2481 456 2535 primo,
485 2485 533 2523 ut
567 2484 730 2536 primus
763 2484 851 2525 sine
875 2485 956 2525 1100
987 2497 1073 2525 non
1106 2485 1235 2538 possit

204 2564 313 2601 esse,
334 2565 411 2594 nec
441 2554 623 2606 intelligi
646 2569 655 2595 :
676 2554 809 2595 immo
828 2555 878 2595 de
900 2556 1144 2596 necessitate
1164 2569 1233 2596 se-

204 2623 365 2676 quitur,
380 2624 414 2664 si
427 2625 614 2678 procedit
630 2638 705 2678 per
724 2627 898 2667 modum
917 2627 1031 2677 doni,
1047 2627 1160 2680 quod
1182 2627 1234 2667 sit

203 2695 408 2736 donabilis
442 2711 450 2736 :
485 2698 525 2737 et
554 2696 648 2737 ideo
684 2709 865 2750 sequens
898 2702 1113 2751 respectus
1146 2711 1233 2739 non

204 2766 340 2807 aufert
358 2767 510 2820 primo,
530 2767 636 2820 quin
655 2768 706 2808 sit
724 2769 956 2822 proprietas
975 2770 1229 2811 distinctiva.

204 2837 434 2879 Dicendum
454 2851 559 2892 ergo
586 2841 698 2892 quod
718 2844 780 2880 est
799 2842 1035 2894 proprietas
1054 2843 1232 2883 distinc-

203 2910 292 2951 tiva
315 2911 477 2952 ratione
507 2912 634 2965 primi
665 2915 904 2965 respectus,
932 2914 1116 2954 secundo
1146 2927 1232 2955 res-

203 2982 345 3035 pectui
362 2995 449 3024 non
469 2987 751 3036 repugnante,
775 2984 844 3024 sed
864 2989 1134 3026 consonante.

259 3058 297 3094 1.
319 3053 382 3094 Ex
393 3055 473 3095 hoc
486 3058 599 3108 patet
611 3056 828 3108 responsio
846 3057 896 3096 ad
911 3057 1115 3109 primum,
1133 3058 1232 3111 quia

204 3127 273 3169 ille
297 3130 510 3180 respectus
528 3129 621 3170 talis
653 3133 714 3170 est
741 3130 853 3182 quod
878 3142 964 3171 non
990 3134 1124 3184 potest
1150 3133 1231 3172 cir-

205 3199 430 3244 cumscribi
455 3201 689 3241 secundum
709 3201 987 3254 aptitudinem
1003 3235 1013 3252 ,
1038 3204 1091 3243 oh
1110 3215 1232 3244 ema-

205 3271 418 3312 nationem
437 3283 511 3324 per
529 3274 706 3314 modum
728 3273 1002 3315 liberalitatis.
1024 3275 1074 3315 Et
1094 3278 1228 3328 patet,

206 3342 319 3394 quod
338 3354 424 3382 non
443 3344 505 3383 est
527 3343 662 3385 simile
681 3345 732 3385 de
757 3344 957 3385 missione
972 3377 981 3394 ,
1011 3346 1112 3398 quia
1133 3347 1233 3386 dicit

206 3415 443 3466 respectum
462 3415 698 3458 secundum
717 3419 873 3464 actum,
893 3429 978 3457 non
995 3418 1230 3459 secundum

2256 252 2332 289 313

1309 341 1604 395 aptitudinem.
1627 341 1690 382 Ad
1718 341 1821 382 illud
1840 342 1953 394 quod
1973 343 2170 395 objicitur
2186 376 2195 392 ,
2220 345 2332 397 quod

1308 413 1538 467 proprietas
1570 412 1810 453 distinctiva
1846 413 1966 453 debet
1996 414 2132 455 dicere
2164 418 2329 466 actum;

1308 484 1532 524 dicendum
1562 483 1672 535 quod
1701 483 1863 523 donum
1887 483 1985 523 dicit
2010 484 2220 536 duplicem
2246 498 2331 526 res-

1308 557 1499 606 pectum,
1524 556 1565 594 et
1584 553 1744 594 ratione
1775 554 1905 607 hujus
1929 555 2030 595 dicit
2057 556 2333 607 comparatio-

1307 637 1405 665 nem
1449 625 1500 665 ad
1537 625 1748 677 duplicem
1786 628 1927 665 actum
1963 640 1970 665 z
2011 626 2173 665 ratione
2208 626 2333 678 primi

1307 698 1521 748 respectus
1549 695 1646 736 dicit
1671 698 1815 735 actum
1841 695 2115 747 processionis
2131 727 2141 745 ,
2171 696 2333 736 ratione

1308 767 1480 807 secundi
1509 766 1605 807 dicit
1637 769 1780 806 actum
1801 767 2210 807 communicationis.
2239 766 2333 807 Pri-

1308 850 1427 878 mum
1447 841 1588 879 actum
1609 838 1809 890 importat
1827 838 1872 878 in
1898 842 2013 888 actu,
2037 839 2270 879 secundum
2290 839 2332 879 in

1307 909 1455 950 habitu
1483 923 1492 951 ε
1517 912 1558 950 et
1581 910 1743 950 ratione
1770 910 1896 962 primi
1916 913 1977 950 est
1999 911 2228 963 proprietas
2247 911 2334 951 dis-

1306 982 1493 1031 tinctiva,
1514 994 1602 1023 non
1621 982 1783 1022 ratione
1801 982 1987 1022 secundi.

1360 1057 1383 1094 2
1405 1057 1446 1095 et
1478 1058 1516 1095 3.
1551 1055 1614 1096 Ad
1643 1055 1745 1096 illud
1771 1055 1883 1108 quod
1913 1055 2128 1107 objicitur,
2155 1055 2268 1108 quod
2291 1056 2335 1096 in

1308 1125 1390 1166 alia
1409 1139 1586 1179 persona
1606 1127 1685 1168 hoc
1703 1140 1788 1167 non
1809 1130 1889 1177 est,
1913 1127 2136 1180 respondet
2160 1127 2333 1179 quidam

1307 1199 1420 1248 quod
1442 1198 1626 1251 Spiritus
1642 1202 1810 1240 sanctus
1824 1202 1883 1240 est
1899 1199 2020 1240 tertia
2033 1211 2225 1251 persona,
2242 1199 2334 1240 ideo

1306 1268 1428 1308 nobis
1460 1271 1694 1312 secundum
1727 1271 1935 1312 rationem
1964 1271 2225 1323 intelligendi
2249 1271 2334 1310 im-

1306 1340 1541 1390 mediatior,
1562 1345 1602 1382 et
1620 1342 1713 1383 ideo
1734 1343 1966 1396 proprietas
1985 1343 2079 1394 ejus
2092 1342 2276 1382 sumitur
2290 1343 2334 1383 in

1306 1413 1618 1464 comparatione
1637 1414 1689 1454 ad
1710 1426 1802 1465 nos,
1826 1426 1913 1454 non
1933 1414 1993 1454 sic
2012 1413 2055 1453 in
2074 1413 2178 1453 aliis.
2203 1413 2335 1454 Aliter

1306 1485 1439 1533 potest
1464 1484 1571 1524 solvi
1593 1498 1667 1537 per
1686 1486 2075 1538 interemptionem,
2101 1486 2199 1538 quia
2227 1486 2334 1526 sicut

1307 1553 1468 1594 donum
1491 1559 1731 1609 respectum
1761 1557 1859 1597 dicit
1883 1557 1932 1597 ad
1961 1560 2194 1608 creaturas,
2217 1558 2274 1597 ita
2294 1561 2334 1598 et

1306 1624 1399 1665 haec
1417 1627 1649 1680 proprietas
1670 1641 1766 1681 quae
1795 1632 1855 1669 est
1885 1629 2089 1679 verbum,
2112 1632 2159 1669 ut
2186 1629 2295 1669 infra
2322 1631 2332 1650 ¹

1306 1698 1478 1749 patebit.

1360 1772 1398 1808 4.
1430 1769 1491 1809 Ad
1520 1769 1623 1810 illud
1655 1771 1767 1822 quod
1796 1771 1993 1823 objicitur
2018 1772 2067 1812 de
2097 1771 2333 1823 pluralitate

1306 1840 1552 1891 notionum,
1573 1841 1799 1883 dicendum
1818 1843 1931 1895 quod
1956 1842 2156 1895 Spiritus,
2178 1843 2329 1891 Amor,

1307 1916 1348 1954 et
1380 1913 1546 1954 Donum
1585 1915 1778 1955 eamdem
1814 1916 2113 1968 proprietatem
2151 1917 2329 1965 dicunt,

1307 1984 1468 2025 ratione
1487 1984 1764 2026 differentem.
1786 1985 2010 2037 Eamdem,
2037 1987 2232 2040 inquam,
2258 2000 2333 2027 no-

1306 2056 1465 2097 tionem
1484 2057 1647 2108 dicunt,
1677 2059 1776 2110 quia
1797 2059 1943 2099 dicunt
1974 2059 2335 2111 comparationem

1307 2128 1359 2168 ad
1377 2128 1512 2179 idem,
1543 2131 1583 2168 et
1608 2128 1754 2169 dicunt
1783 2130 1976 2170 eamdem
2005 2130 2332 2171 emanationem.

1308 2200 1386 2241 Sed
1406 2203 1550 2241 tamen
1569 2201 1810 2242 differenter
1832 2215 1927 2243 eam
1953 2204 2176 2243 nominant
2198 2215 2206 2243 :
2234 2216 2334 2244 nam

1308 2273 1490 2326 Spiritus
1512 2273 1612 2313 dicit
1631 2286 1725 2314 eam
1752 2274 2039 2327 principaliter
2069 2288 2142 2328 per
2161 2288 2336 2328 compa-

1306 2345 1514 2385 rationem
1534 2346 1585 2385 ad
1607 2346 1695 2386 vim
1718 2347 2019 2399 producentem
2033 2379 2042 2395 ,
2065 2359 2161 2399 quae
2193 2350 2253 2387 est
2273 2347 2336 2387 vis

1306 2419 1528 2471 spirativa3
1556 2432 1703 2468 amor,
1735 2420 2022 2474 principaliter
2050 2423 2260 2474 quantum
2284 2421 2335 2461 ad

1308 2490 1484 2531 modum
1509 2491 1734 2532 einanandi
1752 2524 1762 2541 ,
1783 2493 1881 2545 quia
1913 2495 1960 2533 ut
1990 2505 2146 2543 nexus3
2172 2492 2336 2533 Donum

1307 2574 1423 2613 vero,
1442 2565 1654 2615 quantum
1671 2563 1722 2603 ad
1739 2566 1978 2616 respectum
1994 2567 2332 2616 consequentem.

1308 2632 1358 2673 Et
1392 2633 1588 2674 similiter
1618 2635 1932 2676 emanationem
1970 2635 2095 2676 Verbi
2127 2635 2337 2687 contingit

1308 2704 1525 2756 tripliciter
1544 2705 1789 2757 significari,
1806 2706 1961 2747 scilicet
1975 2719 2048 2759 per
2067 2707 2147 2746 hoc
2163 2719 2332 2755 nomen,

1308 2775 1459 2826 Filius,
1484 2776 1653 2828 Imago,
1675 2779 1716 2817 et
1743 2776 1945 2818 Verbum.
1971 2778 2075 2826 Quia
2094 2790 2118 2817 a
2137 2777 2179 2818 vi
2206 2780 2336 2818 natu-

1306 2859 1365 2887 rae
1380 2878 1390 2895 ‚
1414 2846 1566 2898 Filius3
1590 2848 1691 2900 quia
1715 2861 1790 2901 per
1816 2849 1991 2889 modum
2020 2849 2333 2901 expressivum,

1308 2917 1478 2970 Imago3
1513 2919 1612 2971 quia
1644 2919 1735 2959 aliis
1767 2920 2080 2972 expressivum,
2109 2920 2202 2960 ideo
2233 2919 2336 2960 Ver-

1307 2990 1425 3030 bum.
1458 2990 1659 3030 Similiter
1676 3003 1700 3030 a
1719 2991 1762 3032 vi
1787 2991 1988 3043 spirativa
2008 2990 2207 3044 Spiritus;
2236 2991 2336 3044 quia

1306 3073 1380 3113 per
1406 3061 1581 3101 modum
1607 3073 1763 3112 nexus,
1794 3061 1946 3112 Amor3
1977 3063 2079 3115 quia
2106 3075 2183 3102 nos
2210 3065 2336 3103 natus

1307 3135 1576 3183 connectere,
1608 3132 1789 3172 Donum.
1822 3132 1870 3173 Et
1891 3133 1949 3173 sic
1971 3136 2085 3186 patet
2109 3134 2221 3186 quod
2249 3146 2335 3173 una

1306 3206 1366 3243 est
1383 3202 1499 3243 notio
1519 3203 1639 3243 aliter
1655 3206 1695 3243 et
1715 3203 1837 3243 aliter
1856 3204 2072 3244 nominata
2099 3204 2332 3245 secundum

1305 3273 1488 3314 rationes
1503 3277 1805 3327 consequentes
1824 3275 1940 3316 :ideo
1956 3288 2042 3315 non
2056 3278 2116 3316 est
2133 3275 2190 3316 ibi
2208 3286 2332 3328 syno-

1305 3345 1468 3398 nymia.

1349 3429 1359 3449 ¹
1375 3427 1458 3459 Dist.
1476 3435 1584 3468 xxvu,
1606 3429 1669 3459 art.
1687 3430 1716 3469 2,
1739 3438 1771 3471 q.
1792 3437 1815 3460 1.
