2613 3990
93 1300 138 1327 Ad
161 1310 209 1336 op-

69 1351 131 1377 pos.

83 3533 202 3563 Dilectio

67 3574 204 3604 iridivinis
227 3579 234 3601 ;

67 3614 134 3646 quot
148 3620 206 3640 1110-
224 3606 270 3634 m
285 3592 440 3634 divinis
454 3594 586 3646 potest
604 3593 749 3646 accipi,
770 3595 811 3634 et
830 3591 1033 3645 accipitur
1051 3603 1245 3633 necessa-

934 279 1062 319 DlST.
1093 277 1141 318 X.
1173 277 1291 318 ART.
1326 279 1356 319 I.
1390 278 1585 328 QUAEST.
1619 280 1648 319 l.

1331 369 1409 417 rio,
1432 369 1745 419 esssentialiter,
1768 369 2047 419 notionaliter,
2083 373 2122 409 ct
2155 385 2355 422 perscrut-
2376 381 2514 408 dissumu-

2377 425 2431 450 tur.

285 370 387 410 Item
418 369 497 410 hoc
529 370 637 411 idem
680 370 911 410 ostenditur
952 382 1024 421 pei·
1056 369 1253 409 cumdem

230 456 355 496 super
375 443 625 484 Canonicam
650 443 671 484 J
675 443 835 492 oannis,
858 442 933 482 ubi
957 441 1137 482 intendit
1157 454 1252 494 pro-

230 515 447 567 prietatem
468 515 646 568 Spiritus
665 514 794 554 sancti
814 513 1003 554 invenire
1016 545 1025 561 ,
1048 516 1088 553 et
1105 513 1155 552 ad
1175 513 1254 553 hoc

228 586 420 638 perducit
448 598 708 636 sermonem,
730 585 843 638 quod
877 583 1057 637 Spiritus
1086 588 1254 625 sanctus

228 659 289 697 est
305 657 499 698 charitas.

282 727 386 769 Item
410 729 572 769 ratione
599 728 833 768 ostenditur
857 727 962 768 illud
988 727 1116 776 idem,
1139 728 1252 780 quod

229 800 331 841 illud
363 804 424 841 est
453 800 619 853 proprie
640 799 861 852 proprium
892 811 1081 851 personae
1099 832 1109 850 ,
1142 800 1253 851 quod

229 872 327 912 dicit
343 872 516 912 modum
536 871 759 912 emanandi
784 871 915 923 ipsius
936 885 944 910 ;
965 871 1036 911 sed
1056 883 1176 911 amor
1193 873 1255 911 est

228 943 489 996 hujusmodi,
511 945 558 983 ut
578 942 802 995 probatum
820 944 881 982 est
899 954 908 982 ε
929 954 1047 994 ergo,
1067 945 1144 983 etc.

282 1014 405 1064 Item,
433 1015 538 1054 sicut
571 1014 750 1054 verbum
779 1026 822 1054 se
846 1014 973 1054 habet
998 1013 1048 1053 ad
1080 1013 1250 1064 Filium,

227 1087 283 1127 ita
299 1098 418 1127 amor
442 1086 493 1126 ad
513 1085 718 1139 Spiritum
740 1088 932 1126 sanctum
953 1100 960 1126 :
984 1086 1051 1126 sed
1074 1087 1254 1127 verbum

227 1163 288 1200 est
310 1158 532 1212 proprium
554 1157 650 1198 Filii
672 1173 680 1199 z
707 1170 810 1210 ergo
829 1160 869 1198 et
886 1170 1006 1198 amor
1024 1159 1248 1211 proprium

229 1231 408 1284 SpirItus
425 1230 570 1271 sancti.

282 1303 432 1343 Contra
454 1316 463 1343 ε
487 1306 525 1343 1.
547 1303 819 1354 Augustinus
847 1304 890 1343 in
915 1304 1064 1356 quinto
1092 1303 1255 1344 decimo

227 1374 335 1414 libro
353 1374 404 1416 de
429 1374 641 1429 Trinitttte
660 1376 701 1416 ¹:
727 1391 745 1412 «
771 1374 891 1414 Pater
913 1378 973 1415 est
992 1375 1171 1415 charitas
1185 1407 1194 1425 ,
1215 1378 1255 1415 et

228 1445 361 1486 Filius
385 1448 447 1486 est
477 1446 680 1495 charitas,
708 1449 749 1487 et
780 1445 962 1498 Spiritus
991 1449 1160 1486 sanctus
1194 1448 1255 1486 est

228 1517 432 1567 charitas,
455 1520 496 1558 et
524 1518 651 1558 simul
681 1530 829 1558 omnes
858 1530 943 1558 una
980 1517 1161 1557 charitas
1190 1529 1199 1556 :
1230 1531 1248 1553 »

228 1601 331 1641 ergo
353 1589 535 1630 charitas
554 1602 639 1630 non
657 1589 810 1630 dicitur
829 1589 998 1642 proprie
1023 1589 1073 1629 de
1093 1588 1253 1641 Spiritu

227 1663 384 1702 sancto.

281 1736 319 1772 ⁶2.
350 1732 454 1772 Item
473 1765 482 1783 ‚
505 1744 624 1773 amor
648 1745 732 1773 non
760 1733 945 1785 procedit
969 1733 1102 1783 aliter,
1124 1746 1254 1786 quam

227 1804 408 1844 amando
443 1819 451 1842 :
485 1816 613 1856 ergo,
642 1817 739 1844 cum
773 1817 893 1845 amor
927 1805 977 1844 de
1012 1806 1255 1845 necessitate

230 1875 330 1916 insit
362 1875 536 1925 amanti,
557 1878 597 1915 et
619 1874 740 1915 Pater
755 1878 796 1916 et
811 1875 944 1916 Filius
960 1876 1140 1917 amando
1155 1889 1252 1929 pro-

229 1947 386 1988 ducant
404 1946 610 2000 Spiritum
629 1951 838 1998 sanctum,
861 1948 1117 2000 impossibile
1137 1949 1253 1989 vide-

228 2021 297 2059 tur
334 2019 447 2071 quod
481 2019 519 2059 ei
556 2020 779 2060 conveniat
815 2020 997 2072 proprie.
1030 2020 1117 2060 Aut
1149 2032 1252 2072 ergo

228 2088 410 2145 Spiritus
439 2093 607 2131 sanctus
634 2103 721 2131 non
744 2094 805 2131 est
832 2103 1033 2144 persona,
1065 2094 1138 2131 aut
1168 2104 1254 2132 non

227 2164 287 2201 est
305 2173 425 2202 amor
447 2162 630 2215 proprie,
653 2162 740 2203 sive
760 2174 845 2202 non
866 2162 1052 2215 procedit
1072 2175 1146 2215 per
1166 2175 1253 2203 mo—

226 2233 329 2273 dum
349 2233 519 2274 amoris.

281 2310 318 2347 3.
342 2305 466 2356 Item,
499 2306 606 2346 sicut
637 2318 680 2346 se
708 2306 834 2346 habet
864 2306 1068 2358 sapientia
1099 2305 1150 2346 ad
1179 2305 1210 2346 F
1214 2306 1247 2345 i-

225 2378 354 2428 lium,
383 2379 442 2418 ita
472 2390 591 2418 amor
623 2377 673 2418 ad
703 2377 906 2430 Spiritum
932 2380 1125 2417 sanctum
1150 2393 1157 2418 :
1180 2377 1251 2418 sed

224 2451 428 2504 sapientia
446 2462 532 2490 non
552 2452 614 2490 est
632 2448 730 2489 Filii
744 2449 978 2502 proprium,
996 2449 1083 2489 imo
1097 2461 1252 2501 appro-

223 2524 411 2576 priatum
430 2522 568 2563 solum
592 2536 600 2561 z
624 2533 727 2573 ergo
747 2532 867 2561 amor
894 2520 1085 2560 similiter
1113 2520 1251 2573 Spiri-

223 2594 285 2635 tui
307 2597 451 2634 sancto
470 2606 479 2634 :
496 2605 614 2645 ergo,
637 2596 714 2633 etc.

272 2669 311 2706 4.
342 2665 447 2706 Item
478 2676 603 2706 omne
630 2663 734 2704 illud
752 2663 864 2716 quod
883 2663 1036 2703 dicitur
1056 2664 1242 2716 proprie,

221 2739 420 2790 importat
439 2737 626 2790 aliquam
646 2735 895 2776 relationem
917 2750 924 2776 :
948 2747 1051 2787 ergo
1074 2735 1109 2774 si
1128 2748 1249 2776 amor

221 2809 389 2862 proprie
418 2807 584 2859 dicitur,
612 2808 811 2861 importat
838 2807 1114 2847 relationem:
1143 2806 1177 2846 si
1196 2807 1249 2847 ad

220 2882 432 2921 amantem
446 2913 456 2932 ,
479 2892 583 2932 ergo
612 2892 760 2920 amans
779 2891 865 2919 non
886 2881 948 2919 est
966 2891 1110 2928 amor3
1135 2878 1248 2918 simi-

219 2952 313 2992 liter
333 2953 368 2992 si
387 2952 439 2993 ad
458 2955 662 3003 amatum,
684 2954 786 2992 tunc
799 2963 902 3003 ergo
923 2950 1107 3003 Spiritus
1124 2963 1246 2991 sanc-

220 3025 288 3064 tus
307 3026 380 3064 aut
397 3036 484 3064 non
504 3026 677 3074 amaret,
701 3025 775 3063 aut
792 3035 879 3063 non
897 3025 1112 3063 amaretur
1134 3036 1143 3062 :
1166 3022 1244 3063 hoc

220 3098 359 3136 autem
381 3098 443 3136 est
463 3095 737 3149 impossihile.

561 3248 904 3293 CONCLUSIO.

220 3360 384 3397 Charitas
396 3360 634 3405 personaliter
643 3362 801 3406 accepta,
818 3360 868 3394 est
876 3359 1066 3404 proprium
1080 3358 1240 3405 Spiritus

662 3421 792 3455 sancti.

274 3519 396 3573 Resp.
419 3519 470 3559 ad
490 3519 669 3572 Argum.
699 3520 930 3562 Dicendum
951 3518 1064 3572 quod
1080 3519 1244 3561 dilectio

440 3676 541 3705 TOM.
571 3676 600 3704 Ι.

2279 286 2355 323 193

1329 439 1424 479 liter
1444 453 1452 480 ε
1473 440 1761 492 essentialiter,
1796 441 1896 494 quia
1929 441 2103 494 quilibet
2121 442 2257 492 diligit
2279 458 2322 483 se
2344 459 2351 484 z

1329 511 1596 552 notionaliter
1629 525 1755 561 vero,
1778 513 1877 565 quia
1899 513 2018 553 Pater
2039 515 2080 553 et
2097 511 2229 553 Filius
2256 525 2357 553 con-

1330 584 1502 624 cordant
1535 583 1779 636 inspirando
1801 584 2005 637 Spiritum
2028 587 2237 633 sanctum,
2260 597 2357 636 quae

1330 654 1552 694 concordia
1575 659 1695 695 am'or
1715 656 1802 697 sive
1822 656 1984 696 dilectio
2005 658 2065 696 est
2084 671 2093 706 3
2122 656 2351 708 personali—

1329 729 1392 766 ter
1414 738 1528 777 vero,
1552 726 1652 779 quia
1673 727 1742 768 ille
1760 760 1769 778 ,
1802 728 1875 780 qui
1903 727 2150 781 producitur
2172 740 2246 780 per
2264 740 2359 767 mo-

1329 797 1432 838 dum
1464 799 1656 851 perfeetae
1686 799 1971 850 liberalitatis„
1995 812 2081 840 non
2113 802 2246 852 potest
2271 811 2360 839 esse

1329 870 1411 910 nisi
1441 882 1580 919 amor,
1611 870 1699 911 sive
1726 871 1904 911 dilectio.
1942 871 2057 911 Unde
2085 870 2360 911 essentialiter

1329 941 1516 992 dictum,
1550 941 1648 982 dicit
1679 943 2054 995 complacentiam3
2091 942 2361 983 notionaliter

1328 1026 1430 1054 vero
1448 1046 1458 1064 ,
1481 1014 1751 1054 concordiam
1770 1015 1813 1054 in
1834 1015 2052 1067 spirando3
2088 1014 2362 1067 personaliter

1329 1097 1450 1134 vcro,
1487 1098 1730 1138 processum
1766 1086 1810 1126 in
1841 1085 1912 1125 illa
1943 1085 2178 1126 concordia.
2221 1085 2358 1137 Hujus

1328 1160 1473 1197 autem
1518 1158 1763 1210 exemplum
1805 1159 1940 1210 potest
1983 1157 2083 1209 poni
2128 1158 2173 1197 in
2217 1168 2361 1197 amore

1330 1232 1467 1269 creato
1494 1242 1578 1282 quo
1606 1242 1786 1282 sponsus
1815 1232 1855 1269 et
1888 1241 2041 1281 sponsa
2073 1241 2116 1269 se
2142 1228 2326 1279 diligunt
2349 1239 2360 1267 ε

1330 1312 1430 1340 nam
1461 1301 1646 1353 diligunt
1665 1314 1707 1341 se
1728 1313 1872 1341 amore
1893 1301 2035 1341 sociali
2053 1300 2104 1341 ad
2125 1300 2362 1341 conviven-

1329 1372 1457 1422 dum;
1482 1373 1665 1425 diligunt
1686 1386 1728 1413 se
1760 1373 1936 1414 ulterius
1968 1385 2112 1413 amore
2141 1371 2359 1424 conjugali

1329 1446 1379 1485 ad
1400 1446 1561 1498 prolem
1582 1447 1884 1499 procreandam
1908 1461 1916 1487 :
1939 1449 1980 1486 et
1999 1446 2082 1496 illa,
2102 1445 2136 1485 si
2158 1446 2360 1498 produce-

1329 1520 1447 1558 retur
1478 1530 1532 1558 ex
1565 1519 1652 1559 sola
1686 1519 1921 1559 concordiae
1954 1518 2199 1567 voluntate,
2239 1529 2359 1557 amor

1329 1592 1455 1640 esset3
1479 1603 1594 1630 nunc
1613 1602 1714 1631 vero
1732 1590 1899 1631 nonnisi
1927 1592 2094 1630 amatur
2110 1590 2178 1642 (a),
2200 1589 2282 1629 nisi
2302 1589 2361 1629 di-

1329 1664 1449 1701 catur
1482 1674 1601 1702 amor
1626 1674 1700 1714 per
1719 1662 2009 1715 emphaticum
2043 1661 2245 1714 loquendi
2268 1672 2359 1701 mo—

1329 1733 1445 1773 dum.
1461 1732 1509 1772 ln
1519 1733 1674 1774 divinis
1685 1745 1801 1784 vero,
1813 1745 1912 1774 vere
1926 1736 1965 1773 et
1978 1732 2144 1785 proprie
2158 1735 2361 1781 amorest,

1329 1804 1487 1845 hahens
1506 1805 1713 1846 rationem
1733 1806 1890 1846 amoris
1911 1808 1951 1845 et
1963 1804 2201 1857 hypostasis
2216 1820 2224 1842 ε
2242 1816 2364 1844 amo-

1328 1876 1401 1927 ris,
1426 1880 1595 1929 propter
1614 1877 1708 1928 hoc,
1728 1877 1830 1930 quia
1847 1889 1900 1917 ex
1919 1876 2138 1917 voluntate
2160 1875 2364 1916 liberalis-

1328 1948 1435 1988 sima
1464 1949 1601 2001 primo
1631 1949 1816 2002 procedit
1853 1960 1926 2001 per
1960 1948 2136 1988 modum
2166 1948 2360 2000 perfectae

1328 2019 1609 2070 liberalitatis3
1632 2020 1893 2073 hypostasis,
1923 2019 2051 2072 quia,
2073 2031 2172 2059 cum
2207 2018 2359 2059 distin-

1327 2093 1486 2142 guatur
1503 2104 1527 2131 a
1541 2091 1812 2144 producente,
1834 2094 1873 2132 et
1890 2103 1977 2131 000
1996 2090 2124 2143 possit
2149 2090 2355 2142 distingui

1327 2162 1601 2202 essentialiter
1618 2195 1627 2213 ,
1650 2163 1928 2215 distinguitur
1947 2162 2234 2215 personaliter.
2266 2161 2360 2202 Non

1326 2234 1383 2273 sic
1402 2237 1545 2274 autem
1567 2238 1627 2275 est
1647 2236 1692 2275 in
1712 2248 1857 2276 amore
1881 2238 2036 2275 creato.

1381 2309 1398 2344 1
1422 2308 1461 2346 et
1487 2309 1525 2346 2.
1557 2306 1621 2347 Ex
1648 2307 1727 2347 hoc
1757 2309 1868 2359 patet
1893 2306 1996 2347 illud
2023 2306 2135 2358 quod
2159 2305 2360 2358 objicitur

1325 2377 1462 2429 primo
1483 2381 1523 2418 et
1542 2379 1742 2427 secundo,
1765 2391 1864 2419 cum
1882 2378 2034 2419 dicitur
2053 2377 2166 2430 quod
2186 2380 2246 2417 est
2266 2389 2359 2430 pro-

1324 2449 1479 2501 prietas
1510 2451 1747 2490 amantium
1773 2450 1861 2491 sive
1890 2448 2236 2502 producentium,
2259 2448 2359 2500 quia

1324 2520 1527 2573 accipitur
1563 2521 1831 2561 notionaliter
1855 2535 1863 2561 :
1892 2533 1994 2561 nam
2040 2523 2167 2573 prout
2207 2520 2259 2560 ab
2299 2520 2358 2560 eis

1323 2592 1522 2644 procedit,
1542 2605 1629 2633 non
1648 2595 1782 2645 potest
1796 2604 1885 2633 esse
1904 2592 2155 2645 proprietas,
2176 2591 2248 2632 sed
2264 2603 2356 2645 per-

1323 2675 1426 2704 sona
1445 2664 1651 2704 distincta.
1680 2663 1797 2705 Unde
1819 2677 1906 2705 non
1925 2664 2101 2705 omnino
2121 2667 2182 2703 est
2207 2663 2355 2703 similis

1322 2747 1540 2787 processus
1568 2736 1724 2777 amoris
1751 2736 1879 2777 creati
1904 2738 1945 2776 et
1974 2735 2130 2775 amoris
2162 2734 2352 2785 increati,

1322 2806 1421 2858 quia
1434 2806 1502 2846 hic
1516 2809 1577 2847 est
1592 2807 1840 2861 proprietas,
1860 2807 1918 2847 ibi
1936 2806 2172 2860 hypostasis
2193 2808 2233 2846 et
2251 2806 2355 2846 sub-

1322 2881 1490 2922 stantia.
1986 2866 1991 2871 ἱ

1375 2955 1412 2993 3.
1441 2952 1504 2994 Ad
1535 2953 1639 2995 illud
1672 2954 1785 3007 quod
1819 2953 2015 3006 objicitur
2046 2952 2097 2993 de
2131 2952 2350 3006 sapientia,

1320 3024 1546 3065 dicendum
1558 3025 1670 3077 quod
1682 3038 1769 3066 non
1782 3027 1843 3065 est
1862 3024 2014 3075 simile,
2026 3023 2126 3076 quia
2145 3024 2351 3077 sapientia

1319 3108 1406 3136 non
1424 3096 1522 3136 dicit
1541 3099 1777 3149 respectum
1809 3096 1860 3136 ad
1887 3095 2039 3144 alium,
2059 3098 2101 3136 et
2126 3095 2221 3136 ideo
2240 3108 2353 3136 sem-

1319 3179 1393 3220 per
1412 3167 1462 3208 de
1486 3180 1529 3208 se
1549 3168 1701 3209 dicitur
1720 3168 1772 3208 ad
1792 3179 1849 3218 se,
1872 3169 1912 3208 et
1930 3170 1993 3208 est
2014 3167 2247 3218 essentiale,
2270 3167 2352 3207 nisi

1319 3239 1640 3291 approprietur3
1666 3239 1737 3279 sed
1766 3250 1887 3279 amor
1917 3241 2156 3292 respectum
2180 3239 2280 3279 dicit
2298 3238 2350 3278 ad

1319 3322 1389 3350 eos
1418 3310 1492 3363 qui
1526 3322 1669 3351 amore
1697 3312 1941 3350 nectuntur.
1964 3309 2102 3361 Unde,
2123 3311 2229 3351 sicut
2254 3321 2348 3350 ver-

1318 3382 1422 3422 bum
1449 3383 1511 3422 est
1538 3381 1757 3434 proprium
1783 3380 1904 3433 Filii,
1926 3383 1967 3422 et
1984 3394 2071 3422 non
2089 3381 2348 3434 appropria-

1317 3455 1401 3504 tur,
1425 3452 1526 3506 quia
1554 3455 1752 3493 connotat
1774 3455 2014 3506 respectum
2039 3453 2092 3494 ad
2112 3453 2341 3502 dicentem3

1360 3549 1371 3570 ¹
1386 3549 1538 3589 August.‚
1557 3547 1596 3580 de
1617 3549 1750 3588 Trinit„
1768 3549 1827 3580 lib.
1846 3549 1918 3590 XV,
1940 3558 1970 3581 c.
1989 3556 2074 3588 xvu,
2095 3557 2129 3579 n.
2148 3549 2202 3582 28.

1362 3605 1404 3646 (a)
1423 3606 1503 3637 Caet.
1518 3605 1596 3637 edit.
1619 3609 1669 3638 est
1689 3609 1833 3639 amatus.

2162 3667 2213 3705 13
