2613 3990
1017 217 1267 260 DISTINCT.
1295 218 1434 260 XXXI.
2193 218 2269 257 489

151 312 467 370 Augustinum,
485 327 575 371 qua
593 326 725 371 supra
744 310 883 355 eidem
904 308 1125 353 aeternitas
1145 309 1385 352 seeundum
1406 306 1630 350 Hilarium
1652 312 1690 361 ¹,
1714 305 1818 365 quia
1836 306 2036 349 videlicet
2055 307 2186 349 Pater
2209 307 2271 350 ita

154 395 236 446 est,
258 395 306 434 ut
325 390 379 433 ab
400 390 485 433 3110
503 405 593 433 non
612 389 682 443 sit,
704 394 745 432 et
765 388 868 447 quia
886 386 1052 430 Filium
1071 385 1222 443 genuit
1244 401 1385 428 unum
1405 399 1549 428 secum
1572 384 1730 438 Deum,
1751 387 1793 426 et
1818 382 2006 441 Spiritus
2026 389 2198 426 53110135
2217 385 2270 427 ab

151 482 200 511 eo
224 467 417 526 procedit
439 482 553 511 unus
572 482 671 510 011111
691 480 741 509 eo
768 465 898 507 Deus.
929 463 1082 506 Unitas
1102 478 1204 519 ergo
1232 463 1278 505 in
1303 463 1432 506 Patre
1463 477 1551 506 esse
1583 461 1758 515 dieitur,
1780 460 1885 519 qnia
1916 475 1993 503 nec
2012 465 2074 502 est
2104 460 2270 519 aliquid

153 544 275 589 aliud
296 560 321 588 a
340 560 427 604 quo
447 544 516 588 sit.
540 543 638 587 Non
658 542 775 586 enim
797 541 851 584 ab
871 540 956 583 alio
977 545 1038 583 est
1055 575 1065 595 ,
1089 555 1167 583 nec
1187 540 1240 583 ab
1259 555 1308 584 eo
1330 539 1506 598 aliquis,
1528 540 1598 583 vel
1626 538 1793 598 aliquid
1813 543 1875 581 est
1900 538 1953 581 ab
1974 542 2134 581 aeterno
2155 538 2271 595 quod

153 636 293 665 unum
310 636 410 665 eum
430 636 478 664 00
499 635 588 663 non
614 620 668 663 sit
691 636 699 662 :
727 618 867 662 Filius
897 617 1013 660 enim
1045 623 1086 661 et
1117 617 1306 677 Spiritus
1340 622 1512 662 sanctus
1544 632 1685 661 unum
1718 622 1820 660 53111
1851 631 1951 659 cum
1979 615 2122 658 Patre.
2145 614 2270 659 Unde

160 698 334 743 Veritas
355 698 416 742 ait
439 715 447 740 :
473 715 494 739 «
516 698 606 755 Ego
626 702 667 740 et
686 696 814 740 Pater
830 710 970 738 unum
992 710 1159 738 sumus.
1186 713 1207 736 »

207 776 289 820 Η10
307 776 392 819 (1101
412 780 578 835 oportet
600 774 716 833 quod
736 773 881 828 Pater,
911 779 951 815 et
983 773 1150 828 Filius,
1179 777 1220 816 et
1240 772 1428 832 Spiritus
1458 777 1631 815 sanctus
1668 776 1780 815 recte
1801 771 2008 815 dicuntur
2027 785 2115 814 esse
2136 785 2272 814 umam

149 859 191 898 et
209 868 321 897 unus
338 855 469 906 Deus,
492 851 564 895 sed
584 866 672 894 non
692 866 804 894 unus
818 857 846 893 2.
868 850 953 893 Res
973 850 1088 894 enim
1109 850 1224 905 duae,
1248 851 1317 894 vel
1339 851 1485 909 plures
1505 855 1617 893 recte
1643 855 1823 908 possunt
1843 849 1926 893 dici
1946 863 2084 893 unum
2109 863 2218 903 esse,
2239 848 2274 891 si

149 931 235 974 sint
264 931 396 974 unius
422 929 639 984 essentiae,
670 933 712 971 et
739 943 889 971 earum
918 943 1008 971 una
1035 928 1089 970 sit
1119 933 1290 971 natura.
1322 929 1437 971 L'mcs
1466 932 1629 981 autem,
1652 927 1721 970 vel
1746 942 1835 969 una
1855 941 1944 970 non
1964 931 2102 985 potest
2120 926 2203 969 (1101
2221 925 2274 969 (10

148 1007 331 1051 diversis
349 1007 494 1061 rebus,
518 1005 600 1048 nisi
622 1005 806 1048 addatur
826 1005 934 1064 quid
959 1020 1069 1047 202.ch
1086 1041 1098 1058 ,
1123 1005 1191 1048 vel
1213 1020 1302 1047 una
1325 1022 1337 1046 :
1366 1020 1454 1064 quo
1473 1004 1644 1058 addito,
1665 1009 1777 1047 recte
1797 1008 1935 1062 potest
1960 1004 2044 1046 dici
2073 1003 2124 1046 de
2145 1003 2275 1046 rebus

148 1089 189 1128 et
208 1084 342 1128 unius
362 1092 401 1128 et
419 1083 601 1126 diversae
614 1082 882 1126 substantiae.
905 1082 1031 1125 Unde
1046 1083 1336 1139 Augustinus,
1360 1083 1406 1125 in
1426 1088 1544 1126 sexto
1564 1083 1675 1126 libro
1695 1082 1747 1125 (ἰο
1770 1084 1804 1125 T
1800 1082 1983 1125 rinc'tczce
1996 1118 2006 1135 ,
2031 1082 2170 1140 capite
2191 1086 2275 1124 ter-

148 1162 208 1205 tio
227 1170 257 1217 3,
280 1161 340 1204 510
353 1161 412 1204 311
433 1176 443 1202 ;
471 1159 651 1203 ((Νο5010
666 1165 815 1203 utrum
830 1159 1078 1203 inveniatur
1096 1159 1143 1202 in
1164 1159 1399 1218 Scripturis
1411 1160 1592 1214 (11013111,
1621 1176 1641 1200 (<
1660 1159 1804 1203 Unum
1824 1163 1979 1213 511111,»
2003 1173 2189 1217 qnorum
2213 1165 2274 1201 est

147 1238 317 1282 diversa
336 1241 507 1281 natura.
532 1236 579 1280 Si
605 1241 750 1280 autem
773 1242 814 1280 et
834 1237 982 1296 aliqua
1002 1238 1130 1295 plura
1157 1242 1259 1280 sunt
1279 1237 1470 1296 ejusdem
1492 1243 1660 1281 naturae
1678 1272 1688 1292 ,
1708 1242 1748 1280 et
1768 1237 1938 1279 diversa
1958 1237 2160 1291 sentiant,
2183 1251 2270 1279 non

147 1321 250 1362 sunt
268 1329 408 1358 unum
441 1314 487 1357 in
517 1319 732 1372 quantum
754 1314 926 1357 diversa
947 1314 1194 1358 sentiunt...
1219 1315 1329 1358 Cum
1351 1330 1454 1372 ergo
1474 1298 1706 1358 sic‘dicitur
1725 1330 1878 1367 zmzcm,
1903 1319 1952 1357 111
1972 1328 2059 1357 non
2088 1314 2272 1358 addatur

147 1393 255 1453 quid
274 1407 427 1444 unum,
453 1397 494 1435 et
510 1391 641 1450 plura
665 1407 803 1442 unum
825 1392 1042 1447 dicantur,
1065 1392 1215 1436 eadem
1236 1397 1393 1435 natura
1412 1400 1540 1451 atque
1561 1391 1743 1435 essentia
1761 1426 1771 1447 ,
1793 1407 1881 1435 non
1902 1391 2111 1435 dissidens
2130 1407 2272 1450 neque

147 1469 403 1513 dissentiens
422 1468 710 1526 significatur.
733 1468 859 1512 Unde
878 1469 1046 1512 Paulus
1069 1474 1110 1512 et
1128 1470 1288 1528 Apollo
1308 1469 1386 1528 qui
1403 1474 1444 1513 et
1464 1469 1591 1512 ambo
1606 1469 1803 1512 homines
1823 1474 1961 1524 erant,
1984 1474 2024 1512 et
2042 1469 2157 1512 idem
2177 1485 2273 1512 sen—

147 1547 328 1601 tiebant,
349 1561 490 1590 unum
511 1561 600 1589 esse
620 1546 844 1601 dicuntur,
867 1561 967 1589 cum
987 1546 1146 1589 dicitur
1165 1549 1178 1570 '⁴
1203 1563 1212 1589 :
1240 1547 1297 1590 Et
1328 1547 1402 1606 qui
1429 1548 1638 1605 plantat,
1661 1555 1702 1590 et
1733 1547 1806 1606 qui
1826 1547 1959 1606 riqat,
1991 1562 2127 1589 unum
2151 1555 2267 1590 sunt.

148 1624 258 1669 Cum
289 1639 393 1668 vero
423 1623 598 1667 additur
628 1623 730 1683 quid
768 1639 931 1679 mmm,
953 1628 1092 1683 potest
1120 1623 1358 1681 significari
1389 1623 1558 1682 aliquid
1589 1639 1641 1667 ex
1671 1624 1872 1682 pluribus
1907 1639 2046 1667 unum
2077 1624 2238 1668 factum
2259 1660 2269 1679 ,

149 1701 351 1761 quamvis
381 1701 552 1745 diversa
577 1706 733 1744 natura
759 1717 767 1744 :
797 1701 908 1744 sieut
941 1701 1087 1745 anima
1118 1707 1158 1745 et
1190 1716 1345 1761 corpus
1370 1717 1459 1745 non
1489 1705 1670 1760 possunt
1701 1701 1852 1760 utique
1873 1701 1957 1744 dici
1986 1717 2141 1756 unum,
2165 1701 2271 1760 quid

150 1779 267 1823 enim
288 1784 376 1824 tam
395 1779 647 1822 diversum?
677 1778 761 1821 nisi
781 1778 980 1834 addatur,
1002 1779 1071 1822 vel
1092 1779 1449 1836 subintelligatur
1471 1778 1577 1837 quid
1599 1793 1739 1821 unum
1757 1813 1767 1833 ,
1791 1778 1952 1822 scilicet
1984 1794 2097 1822 unus
2123 1779 2268 1822 110130.

149 1856 275 1901 Unde
295 1856 530 1916 Apostolus
549 1860 562 1881 '²³
587 1872 595 1898 :
623 1856 708 1910 Qui
729 1856 925 1900 ccdlzceret
940 1892 950 1909 ,
972 1857 1131 1915 inquit,
1153 1857 1356 1910 Domino,
1375 1856 1558 1916 spiritus
1574 1870 1685 1899 unus
1701 1864 1776 1898 est.
1800 1856 1896 1899 Non
1917 1856 2043 1911 dixit,
2065 1871 2177 1902 unus
2192 1866 2268 1911 est,

194 1961 380 2001 ¹Hilarius,
398 1960 433 1992 in
451 1960 508 1992 lib.
530 1960 569 1991 de
587 1961 742 2002 Synoclz's,
763 1971 902 2002 propos.
919 1970 1002 1993 XXVI
1019 1972 1027 1992 2
1051 1973 1068 1991 «
1083 1962 1117 1994 Si
1134 1962 1208 2003 quis
1228 1962 1463 1994 innascibilem
1484 1963 1517 1992 et
1536 1960 1608 1992 sine
1625 1960 1721 1992 initio
1736 1961 1825 1992 dicat
1844 1961 1977 2002 Filium,
1998 1962 2093 2002 quasi
2113 1962 2178 1993 duo
2199 1963 2271 1995 sine

149 2009 330 2051 principie,
349 2011 382 2040 et
402 2009 469 2039 dno
489 2008 715 2047 innascibilia,
737 2012 769 2039 et
784 2009 849 2040 duo
870 2009 986 2040 innata
1001 2009 1128 2049 dicens,
1148 2010 1233 2040 (1305
1251 2010 1347 2041 fat-iat
1369 2010 1471 2049 deos,
1494 2008 1675 2039 anatliema
1693 2008 1746 2040 sit.
1767 2009 1875 2049 Caput
1889 2009 1992 2043 enim,
2010 2010 2101 2049 quod
2116 2013 2166 2041 est
2184 2011 2274 2051 prin-

151 2057 277 2098 cipium
292 2056 458 2096 omnium,
472 2055 575 2086 Filius
590 2066 596 2086 :
620 2058 719 2096 eaput
734 2059 860 2096 autem,
879 2057 968 2097 quod
987 2060 1035 2088 est
1048 2057 1252 2097 principium
1267 2057 1405 2097 Christi,
1423 2058 1521 2087 Deus.
1533 2056 1587 2087 Sic
1604 2055 1693 2086 enim
1709 2056 1749 2087 ad
1767 2066 1871 2087 unum
1890 2056 2100 2096 initiabilem,
2121 2058 2273 2089 omnium

149 2104 295 2140 initium.
306 2113 367 2144 per
379 2103 497 2134 Filium
511 2103 671 2134 universa
683 2103 899 2135 referimus.»
915 2105 1017 2145 Tum,
1038 2114 1071 2136 n.
1088 2106 1126 2136 60
1146 2115 1152 2135 2
1169 2104 1312 2135 «Filium
1328 2104 1563 2135 innascibilem
1583 2103 1747 2143 confiteri,
1764 2103 2000 2144 impiissimum
2015 2107 2076 2136 est.
2093 2106 2166 2136 ,lam
2184 2106 2275 2136 euim

150 2161 220 2183 non
235 2151 298 2183 erit
313 2160 400 2182 nnus
418 2152 508 2182 Dens
524 2161 531 2181 :
552 2150 630 2192 quia
651 2152 758 2181 Deum
775 2160 879 2182 unum
898 2152 1089 2191 praedicari,
1108 2155 1226 2183 natura
1243 2152 1342 2183 nnius
1361 2151 1569 2183 innascibilis
1589 2151 1649 2181 Dci
1671 2151 1785 2192 exigit.
1802 2152 1884 2182 Cum
1903 2161 1983 2192 ergo
2008 2154 2094 2183 Deus
2110 2162 2195 2184 3335
2213 2154 2273 2194 511,

152 2198 218 2230 duo
238 2198 453 2230 innascibiles
468 2207 541 2229 0550
557 2207 628 2229 303
645 2200 810 2238 possunt:
833 2208 908 2229 cum
925 2199 1052 2230 idcirco
1072 2201 1161 2230 Deus
1175 2209 1262 2230 unus
1276 2199 1330 2239 sit,
1348 2209 1425 2230 0331
1448 2201 1546 2230 Pater
1567 2199 1657 2229 Deus
1672 2199 1731 2239 sit,
1749 2201 1779 2230 et
1798 2199 1899 2230 Filius
1920 2199 1979 2230 Dei
2000 2200 2089 2230 Deus
2106 2200 2165 2241 sit,
2196 2201 2273 2241 quia

151 2245 394 2277 innascibilitas
404 2245 476 2276 sola
489 2254 595 2286 penes
609 2254 712 2276 unum
728 2245 790 2276 sit:
805 2246 822 2276 1⁴
833 2245 905 2276 Ἰ1135
919 2248 1032 2277 autem
1047 2246 1171 2277 idcirco
1187 2248 1288 2286 Dens,
1302 2247 1380 2287 quia
1397 2256 1435 2277 ex
1446 2246 1636 2277 innascibili
1650 2246 1797 2277 essentia
1813 2249 1911 2277 natus
1928 2247 2059 2278 existat.
2074 2248 2212 2287 Respuit
2228 2248 2269 2287 (a)

154 2302 235 2332 ergo
255 2292 489 2324 innascibilem
512 2292 631 2323 Filium
649 2292 825 2332 praedicari
843 2292 924 2323 tides
944 2296 1071 2333 sancta,
1093 2295 1129 2324 ut
1148 2302 1209 2333 per
1224 2303 1328 2324 unum
1354 2294 1601 2334 innascibilem,
1622 2294 1730 2324 Deum
1753 2303 1856 2324 unum
1876 2294 2047 2336 praedieet,
2066 2297 2100 2325 ut
2116 2299 2271 2326 naturam

153 2340 360 2381 unigenitam
379 2349 418 2370 ex
434 2339 623 2370 innascibili
643 2340 804 2379 genitam,
827 2340 972 2371 essentia
991 2340 1024 2371 in
1040 2350 1109 2371 uno
1130 2340 1339 2372 innascibilis
1360 2341 1419 2372 Dei
1440 2341 1577 2372 nomine
1599 2341 1853 2381 complectatur.
1877 2342 1984 2381 Caput
2003 2343 2095 2373 enim
2118 2343 2271 2374 omnium

152 2387 256 2418 Filius
270 2389 340 2418 est:
359 2387 416 2417 sed
432 2390 532 2427 caput
546 2386 620 2417 Filii
636 2388 726 2417 Deus
741 2389 791 2418 est
806 2397 812 2417 2
831 2390 861 2418 et
877 2387 918 2417 ad
934 2397 1038 2418 unum
1052 2389 1157 2418 Deum
1175 2388 1364 2419 0133131100
1380 2389 1484 2426 gradu
1496 2391 1594 2429 atque
1609 2388 1672 2419 bac
1685 2388 1899 2420 confessione
1916 2388 2119 2430 referuntur,
2138 2400 2213 2421 cum
2230 2391 2271 2422 ab

151 2443 192 2466 eo
210 2436 345 2465 sumant
357 2434 517 2465 universa
530 2433 745 2474 principium,
760 2434 813 2465 031
825 2435 896 2474 ipse
907 2434 1110 2475 principium
1129 2435 1180 2465 sit.
1199 2447 1215 2464 »
1233 2435 1322 2466 litem
1333 2436 1366 2466 in
1382 2436 1515 2474 eodem,
1529 2445 1656 2475 propos
1678 2443 1773 2476 xxxv,
1786 2445 1820 2466 n.
1833 2437 1887 2467 58:
1907 2436 2097 2467 «Omnibus
2112 2439 2273 2469 creaturis

149 2481 373 2513 substantiam
388 2481 546 2512 voluntas
566 2481 625 2512 Dei
642 2481 771 2521 attulit,
791 2482 849 2512 sed
863 2485 1018 2512 naturam
1037 2482 1118 2513 Filio
1136 2482 1227 2513 dedit
1251 2492 1291 2513 ex
1306 2483 1497 2514 innascibili
1512 2492 1550 2513 30
1566 2492 1635 2513 non
1650 2485 1728 2514 nata
1743 2483 1929 2514 substantia
1944 2483 2091 2523 perfecta
2104 2485 2272 2516 nativitas.

147 2528 239 2560 Talia
254 2529 343 2560 enim
357 2531 477 2560 cuncta
495 2531 606 2560 creata
621 2532 708 2568 sunt,
731 2529 842 2569 qualia
862 2530 951 2560 Deus
972 2538 1045 2560 esse
1063 2529 1190 2568 voluit,
1207 2530 1308 2561 Filius
1323 2533 1435 2561 autem
1453 2533 1551 2561 natus
1566 2540 1605 2561 ex
1626 2532 1695 2561 Deo
1712 2530 1785 2561 talis
1798 2530 1960 2567 subsistit,
1978 2531 2083 2571 qualis
2099 2533 2187 2564 Deus
2203 2536 2272 2573 est,

147 2585 212 2607 nec
232 2575 431 2607 dissimilem
456 2575 506 2607 sni
526 2575 627 2607 edidit
648 2578 769 2606 natura
785 2578 961 2615 naturam3
983 2577 1042 2607 sed
1059 2586 1099 2607 ex
1116 2577 1302 2608 substantia
1324 2577 1385 2608 Dei
1401 2577 1546 2618 genitus,
1564 2579 1693 2610 naturae
1713 2578 1899 2609 secundum
1916 2578 2081 2618 originem
2099 2581 2206 2611 attulit
2224 2591 2274 2612 cs-

149 2623 304 2663 sentiam,
321 2632 390 2654 non
406 2623 590 2655 secundum
606 2626 776 2654 creaturas
792 2623 978 2655 voluntatis
995 2624 1218 2655 essentiam.»

191 2671 204 2691 2
218 2670 377 2710 Hilarius,
395 2670 429 2701 in
445 2670 504 2701 lib.
527 2669 565 2700 (le
591 2670 750 2710 Synodis,
773 2680 808 2701 n.
831 2672 887 2710 31,
909 2671 1153 2711 aliquantulum
1178 2674 1255 2702 ante
1273 2672 1449 2712 synodum
1468 2672 1701 2704 continentem
1715 2683 1857 2714 propos
1879 2681 1977 2705 xxvn
1998 2683 2005 2704 :
2029 2675 2171 2706 «Minus
2188 2675 2272 2708 forte

150 2726 308 2758 expresse
320 2718 453 2749 videtur
466 2717 507 2748 de
524 2716 728 2749 indifferenti
741 2717 958 2749 similitudine
976 2719 1082 2750 Patris
1101 2722 1132 2750 et
1144 2720 1214 2750 Filii
1226 2719 1309 2750 fides
1323 2719 1435 2751 locuta
1446 2729 1533 2760 esse,
1547 2720 1692 2751 maxime
1705 2730 1782 2751 cum
1796 2721 1836 2751 de
1852 2722 1949 2752 Patre
1960 2724 1992 2752 et
2005 2722 2087 2753 Filio
2103 2725 2135 2753 et
2147 2723 2273 2762 Spiritu

150 2767 265 2796 sancto
277 2765 324 2795 ita
337 2764 480 2796 senserit
492 2764 712 2804 significatam
724 2764 757 2795 in
767 2765 961 2796 nominibus
972 2766 1144 2807 propriam
1159 2766 1422 2807 uniuscnjusque
1434 2767 1685 2799 nominatorum
1697 2768 1930 2805 substantiam,
1946 2771 1978 2799 et
1992 2769 2146 2801 ordinem
2158 2771 2273 2809 011110-

148 2812 246 2851 riam,
261 2815 299 2843 ut
313 2812 379 2843 sint
391 2812 529 2852 quidem
544 2821 604 2852 per
614 2811 835 2842 substantiam
851 2812 925 2853 tria,
937 2822 998 2853 per
1013 2814 1270 2845 consonantiam
1289 2823 1371 2845 vero
1382 2823 1501 2846 unum.
1516 2825 1533 2844 »
1555 2815 1638 2845 Tum
1648 2839 1657 2855 ,
1670 2824 1706 2845 n.
1728 2817 1786 2845 32:
1803 2827 1818 2844 t(
1832 2816 1957 2847 Volens
1971 2825 2052 2854 ergo
2066 2810 2273 2859 conareg‘ata

150 2861 345 2891 sanctorum
362 2860 519 2900 Synodus
533 2859 741 2899 impietatem
759 2868 832 2890 eam
844 2860 1022 2900 perimere,
1042 2870 1116 2901 quae
1137 2861 1299 2892 unitatem
1320 2860 1440 2901 Patris,
1456 2863 1489 2892 et
1507 2861 1581 2892 Filii
1597 2864 1629 2892 et
1649 2861 1792 2902 Spiritus
1809 2862 1915 2894 sancti
1931 2863 2110 2894 nominum
2128 2874 2270 2898 numero

150 2906 320 2945 eluderet,
340 2909 377 2938 ut
402 2916 472 2938 non
492 2907 695 2937 subsistente
715 2916 815 2937 causa
833 2907 1095 2948 uniuscujusque
1112 2907 1274 2945 nominis,
1293 2907 1417 2948 triplex
1432 2909 1639 2949 nuncupatio
1661 2909 1830 2941 obtineret
1849 2910 1911 2941 sub
1931 2910 2072 2942 falsitate
2093 2912 2272 2944 nominum

149 2953 325 2994 unionem,
343 2956 376 2985 et
394 2955 493 2985 Pater
508 2954 600 2984 solus
619 2956 718 2993 atque
735 2962 822 2984 unns
835 2953 926 2985 idem
943 2956 1058 2995 etipse
1073 2955 1214 2986 haberet
1233 2957 1265 2986 et
1284 2955 1428 2995 Spiritus
1442 2956 1549 2987 sancti
1572 2965 1696 2987 nomen
1714 2959 1745 2988 et
1765 2957 1860 2997 Filii3
1882 2957 2007 2989 idcirco
2023 2960 2090 2989 tres
2111 2961 2272 2992 substan-

149 3000 213 3033 tias
226 3010 298 3032 esse
313 3001 492 3042 dixerunt,
511 3001 766 3032 subsistentium
786 3011 951 3042 personas
971 3012 1032 3042 per
1048 3003 1251 3034 substantias
1267 3003 1463 3044 edocentes,
1482 3013 1553 3035 non
1574 3005 1797 3036 substantiam
1818 3005 1924 3036 Patris
1944 3008 1976 3036 et
1992 3006 2065 3037 Filii
2083 3009 2115 3037 et
2131 3008 2272 3047 Spiritus

151 3047 259 3079 sancti
277 3048 470 3080 diversitate
493 3048 664 3079 dissimilis
682 3048 838 3079 0550111131
856 3053 1065 3089 separantes.
1092 3050 1190 3087 Quod
1206 3051 1319 3081 autem
1341 3049 1467 3081 dictum
1494 3053 1561 3090 est,
1575 3053 1613 3083 ut
1633 3051 1700 3082 sint
1719 3051 1855 3092 quidem
1875 3061 1935 3092 per
1953 3053 2177 3085 substantiam
2196 3055 2271 3093 tria,

149 3103 212 3135 per
225 3095 482 3127 consonantiam
495 3105 577 3127 vero
599 3104 704 3126 unum
719 3120 728 3135 ,
748 3105 818 3126 non
834 3096 937 3127 habet
952 3096 1175 3137 calumniam,
1195 3097 1273 3138 quia
1289 3097 1530 3138 cognominato
1549 3098 1691 3138 Spiritu,
1707 3099 1739 3129 id
1756 3102 1817 3139 est,
1835 3099 2021 3141 Paracleto,
2040 3102 2272 3133 consonantiae

151 3141 265 3182 potius
284 3151 384 3182 quam
405 3143 560 3174 0550311εο
582 3152 642 3182 per
665 3142 915 3173 similitudinem
931 3143 1127 3175 substantiae
1142 3143 1317 3183 prredicari
1334 3144 1494 3175 convenit
1514 3145 1690 3176 unitatem.
1706 3157 1722 3174 »
1743 3146 1779 3176 ln
1799 3146 1932 3186 codem,
1949 3155 1983 3177 n.
2008 3149 2057 3185 41,
2073 3150 2112 3178 42
2134 3158 2140 3178 :
2159 3159 2176 3177 «
2191 3150 2272 3179 ttem

150 3197 228 3220 cum
245 3189 353 3219 Deum
369 3190 502 3220 Patrem
521 3191 734 3224 comitemur,
755 3192 787 3220 et
801 3190 968 3221 Cliri⁴tnm
993 3191 1051 3221 Dei
1072 3191 1174 3221 filium
1192 3191 1417 3231 praedicamus
1429 3215 1439 3231 ,
1462 3194 1494 3223 et
1510 3192 1599 3222 inter
1614 3192 1687 3223 haee
1703 3193 1847 3224 duorum
1866 3193 2009 3224 deornm
2026 3194 2068 3225 sit
2086 3194 2272 3233 irreligiosa

152 3235 320 3267 consessio
346 3246 353 3267 :
381 3245 452 3267 non
474 3240 617 3277 possunt
638 3237 825 3267 secundum
845 3239 973 3268 33131ἐο
999 3237 1280 3277 indifferentiam,
1303 3240 1336 3268 et
1354 3247 1482 3269 nomen
1509 3238 1719 3280 indifferens,
1748 3249 1819 3271 non
1838 3249 1945 3271 unum
1967 3250 2039 3272 esse
2067 3241 2100 3272 in
2118 3242 2271 3274 essentiae

152 3295 294 3327 genere,
314 3296 459 3327 quorum
479 3287 635 3318 essentiae
655 3296 783 3318 nomen
802 3296 872 3318 non
889 3287 965 3319 licet
983 3297 1055 3319 esse
1072 3288 1137 3319 nisi
1153 3298 1313 3319 ununr...
1336 3289 1413 3319 Non
1433 3289 1523 3319 enim
1539 3289 1698 3330 religiosa
1717 3289 1827 3321 unitas
1846 3290 2007 3331 nominis,
2026 3301 2067 3323 ex
2081 3292 2272 3331 indifferen-

151 3333 194 3364 tis
213 3335 343 3365 naturae
364 3334 506 3365 esssntia
540 3335 723 3366 constituta
751 3343 933 3375 personam
965 3335 1087 3375 genitae
1121 3335 1246 3366 ademit
1272 3335 1440 3376 essentiae,
1462 3338 1498 3367 ut
1519 3336 1618 3367 unice
1645 3346 1685 3367 ac
1709 3337 1887 3378 singularis
1911 3338 1972 3369 Dei
2000 3339 2186 3370 substantia
2212 3349 2271 3380 per

151 3380 315 3412 unionem
339 3382 489 3412 nominis
511 3382 729 3423 intelligatur,
757 3391 833 3412 cum
859 3382 1032 3423 utriusque
1051 3382 1205 3414 essentiae
1222 3391 1349 3413 nomen
1368 3391 1492 3422 unum,
1510 3383 1543 3414 id
1560 3385 1610 3415 est
1630 3393 1717 3415 unus
1739 3386 1840 3425 Deus,
1862 3385 1906 3417 ob
1923 3385 2112 3417 indiscreta}
2127 3386 2161 3417 in
2182 3390 2270 3418 utro-

153 3436 218 3468 que
243 3430 372 3460 naturae
387 3428 619 3460 indissimilem
637 3429 858 3460 substantiam
879 3429 1092 3469 praedicetur.
1114 3442 1130 3459 »

194 3475 207 3495 ³
222 3476 321 3516 Aug„
341 3475 379 3507 cle
396 3477 499 3515 Trm„
517 3476 574 3507 lib.
589 3477 629 3517 Y,
647 3486 676 3508 c.
694 3484 745 3517 ui,
761 3486 795 3507 n.
812 3478 841 3507 4.
856 3493 895 3498 —
916 3483 925 3493 ⁴
941 3477 952 3507 1
973 3477 1051 3508 Cor.
1067 3485 1129 3517 111,
1146 3478 1175 3508 8.
1191 3493 1230 3498 -
1244 3477 1257 3497 5
1270 3476 1368 3514 lbz'cl„
1384 3484 1435 3516 vt,
1454 3478 1503 3509 17.

191 3564 229 3600 (a)
247 3565 318 3594 Coet.
333 3565 403 3593 edit.
420 3566 562 3602 Respicit,
582 3566 681 3594 mend.

2311 784 2403 816 Quare

2324 826 2406 852 Pater

2294 870 2321 892 et
2344 866 2432 893 Filius

2295 909 2420 934 dieantur

2330 957 2390 976 esse

2306 999 2392 1018 unum
2407 1011 2412 1024 ,

2294 1034 2338 1061 vel
2362 1040 2433 1058 unus

2320 1079 2395 1105 Dens
2407 1098 2413 1110 ‚

2303 1121 2353 1149 sed
2366 1128 2421 1146 non

2320 1171 2389 1189 unus
2401 1172 2407 1197 3

2300 1205 2365 1240 quia
2381 1211 2426 1230 res

2300 1248 2425 1283 ejusdem

2307 1293 2412 1316 naturae

2322 1334 2399 1360 recte

2304 1376 2420 1409 possunt

2332 1415 2388 1441 dici

2317 1466 2401 1484 uuum

2293 1499 2429 1534 simplici-

2294 1545 2336 1567 ter
2349 1550 2363 1567 0
2381 1549 2410 1567 50
2423 1563 2430 1575 ,

2311 1586 2338 1608 et
2352 1591 2414 1608 cum

2293 1624 2429 1660 adjectio-

2306 1674 2356 1699 ne3
2372 1673 2417 1691 res

2302 1716 2367 1733 vero
2382 1707 2422 1733 di-

2320 1757 2406 1775 versa*

2299 1794 2404 1818 naturae

2334 1842 2387 1859 ¹10¹!

2305 1878 2421 1910 possunt
