2613 3990
62 3140 177 3170 Divisio.

1085 247 1373 289 DISTINCTIO
1403 246 1505 288 XVI.
2280 255 2357 293 ⁶263

236 341 328 400 ejus
377 341 659 385 substantiam
697 355 796 400 quae
842 338 1103 397 sempiterna
1145 342 1207 381 est
1243 337 1550 381 transferentes
1576 353 1586 389 ;
1627 336 1737 380 sicut
1783 336 1895 380 illud
1931 337 2047 394 quod
2085 339 2175 397 ipse
2212 341 2360 385 Domi-

235 433 318 460 nus
353 418 410 460 ait
438 422 449 443 ²
483 434 491 460 z
528 421 662 462 Pater
701 417 848 475 major
887 431 956 459 me
991 423 1053 458 est
1075 430 1093 468 ,·
1130 415 1248 473 quod
1285 420 1460 474 propter
1487 414 1671 457 formam
1709 416 1821 458 servi
1852 416 2026 460 Veritas
2059 417 2176 474 dicit,
2207 436 2356 464 secun-

233 494 338 538 dum
377 509 508 553 quem
547 495 724 538 modum
754 494 882 538 etiam
922 493 1060 551 seipso
1093 491 1238 534 minor
1267 498 1327 535 est
1359 492 1511 535 Filius.
1543 490 1770 542 Quomodo
1801 493 1917 535 enim
1946 508 2034 536 non
2062 495 2191 538 etiam
2220 497 2357 555 seipso

234 571 375 614 minor
408 572 544 614 factus
576 577 660 624 est,
684 571 761 630 qui
786 571 798 591 ²
818 570 1007 629 seipsum
1037 568 1304 621 ezinmzicz't,
1323 570 1520 628 formam
1550 568 1662 613 38νυί
1682 570 1933 628 accipiens?
1953 570 2050 613 Non
2075 572 2191 614 enim
2213 573 2271 615 sic
2290 589 2356 616 ac-

231 648 342 706 cepit
361 648 544 692 formam
566 648 696 702 servi,
721 653 768 690 ut
789 647 1004 690 amitteret
1024 646 1210 689 formam
1231 646 1324 701 Dei,
1352 647 1396 688 in
1418 662 1505 704 qua
1526 651 1615 689 erat
1641 646 1820 705 aequalis
1846 647 1980 690 Patri.
2013 648 2062 690 In
2088 648 2228 692 forma
2257 665 2359 706 ergo

229 724 308 768 Dei
339 725 591 782 unigenitus
612 724 754 767 Patris
779 723 959 782 aequalis
987 728 1048 766 est
1081 722 1224 777 Patri3
1258 723 1302 765 in
1334 723 1473 766 forma
1502 722 1615 765 servi
1642 723 1772 766 etiam
1804 724 1941 781 seipso
1976 724 2118 768 minor
2149 731 2225 769 est.
2261 727 2359 769 Non

229 816 331 859 ergo
365 801 581 845 immerito
619 801 844 859 Scriptura
876 800 978 843 dicit
1006 805 1267 858 utrumque,
1291 800 1450 843 scilicet
1479 805 1519 842 et
1551 800 1765 857 ae171ualem
1786 801 1905 843 Patri
1924 801 2105 857 Filium,
2123 807 2164 845 θῖ
2186 803 2359 847 Patrem

229 878 435 936 majorem
462 878 588 921 Filio.
613 877 729 921 Illud
752 877 869 921 enim
893 883 1066 936 propter
1087 877 1164 920 Dei
1183 877 1386 930 formam,
1411 876 1491 920 hoc
1508 884 1654 920 autem
1675 883 1848 935 propter
1862 878 2047 921 formam
2067 879 2181 923 servi
2200 880 2360 923 intelli-

227 956 359 1009 gitur.
386 973 404 995 »
431 956 492 998 De
521 955 600 998 hoc
629 955 781 998 eodem
812 954 859 997 in
885 954 1072 998 secundo
1093 954 1204 997 libro
1227 954 1278 998 de
1302 955 1542 998 Trinitatess
1577 954 1851 1011 Augustinus
1878 955 1936 998 ait
1960 972 1968 998 ι
1992 973 2014 998 «
2033 955 2109 999 Dei
2139 956 2278 1000 Filius
2298 963 2360 1001 est

227 1032 408 1090 aequalis
434 1032 555 1075 Patri
589 1032 829 1075 secundum
866 1031 942 1074 Dei
975 1032 1181 1085 formam,
1204 1032 1250 1075 in
1281 1048 1368 1091 qua
1398 1038 1458 1075 est
1482 1049 1490 1075 :
1515 1037 1556 1075 et
1586 1032 1728 1076 minor
1755 1033 1882 1076 Patre
1914 1034 2152 1077 secundum
2172 1035 2358 1079 formam

226 1109 355 1164 servi,
377 1124 509 1168 quam
529 1109 689 1168 accepit
712 1125 721 1151 :
744 1109 789 1152 in
810 1124 898 1168 qua
919 1124 1005 1152 non
1029 1108 1156 1152 modo
1176 1109 1319 1163 Patre,
1343 1109 1415 1152 sed
1436 1110 1564 1152 etiam
1586 1110 1753 1168 Spiritu
1773 1115 1935 1165 sancto,
1961 1126 2036 1153 nec
2065 1111 2145 1154 hoc
2166 1117 2354 1169 tantum,

226 1186 298 1229 sed
331 1186 460 1229 etiam
492 1185 631 1244 seipso
664 1186 808 1229 minor
836 1187 1042 1229 inventus
1062 1191 1138 1229 est.
1164 1203 1185 1226 >³
1210 1186 1392 1245 Propter
1412 1187 1546 1245 quod,
1570 1193 1617 1230 ut
1635 1187 1768 1242 idem,
1791 1188 1838 1231 in
1857 1188 1970 1232 libro
1996 1189 2301 1248 Epistularum
2323 1195 2352 1245 a,

225 1262 278 1306 ad
299 1262 590 1306 Maximinum
605 1263 664 1306 ait
683 1280 691 1305 :
713 1281 734 1305 ((
750 1263 847 1306 Non
865 1268 1037 1306 tantum
1052 1264 1198 1319 Patre,
1217 1264 1287 1307 sed
1310 1264 1439 1307 etiam
1462 1264 1617 1322 seipso,
1640 1271 1681 1307 et
1701 1264 1873 1323 Spiritu
1897 1267 2356 1324 saneto-minorfaetus

225 1346 308 1394 est,
331 1345 373 1383 et
386 1340 517 1383 etiam
542 1340 784 1384 minoratus
805 1340 1088 1399 paulominus
1107 1341 1161 1383 ab
1182 1341 1362 1398 angelis.
1385 1359 1406 1382 »
1433 1341 1505 1385 Est
1526 1358 1630 1400 ergo
1650 1342 1727 1386 Dei
1747 1343 1902 1398 Filius,
1926 1350 1974 1387 ut
1998 1344 2087 1403 ipse
2112 1345 2170 1388 ait
2202 1346 2248 1388 in
2268 1345 2356 1404 pri-

226 1432 296 1460 mo
313 1417 426 1461 libro
443 1407 728 1461 de'Trz'm'tate
743 1421 772 1473 5,
801 1435 821 1459 ‹<
842 1418 928 1460 Deo
951 1417 1072 1460 Patri
1096 1418 1141 1460 in
1156 1423 1314 1461 natura
1335 1419 1534 1477 aequalis,
1551 1419 1702 1463 habitu
1726 1420 1867 1464 minor
1881 1421 1927 1464 in
1941 1422 2081 1465 forma
2095 1422 2354 1482 serviquam

223 1495 398 1553 accepit.
420 1513 441 1536 n
466 1495 545 1538 His
565 1495 895 1538 auctoritatibus
914 1495 1157 1538 ostenditur
1176 1500 1321 1553 aperte
1343 1495 1484 1539 Filius
1504 1497 1744 1540 secundum
1765 1498 1951 1542 formam
1971 1499 2079 1544 servi
2104 1499 2247 1544 minor
2273 1501 2354 1544 Pa-

223 1571 302 1621 tre,
325 1572 365 1609 et
385 1567 539 1626 seipso,
562 1573 600 1611 et
624 1567 792 1626 Spiritu
815 1572 977 1610 sancto.

280 1643 475 1687 Hilarius
495 1649 639 1687 autem
661 1645 800 1688 dicere
822 1644 995 1688 videtur
1013 1643 1130 1703 quod
1150 1643 1279 1687 Pater
1299 1644 1439 1703 major
1457 1644 1510 1688 sit
1529 1645 1656 1698 Filio,
1681 1661 1758 1689 nec
1779 1652 1924 1690 tamen
1943 1647 2083 1691 Filius
2109 1649 2253 1692 minor
2273 1650 2353 1693 Pa-

223 1726 300 1764 tre.
321 1722 450 1765 Pater
469 1722 584 1765 enim
605 1722 764 1766 dicitur
784 1722 921 1780 major
942 1727 1116 1781 propter
1134 1725 1438 1765 auctoritatem
1456 1758 1465 1777 ,
1489 1723 1594 1782 quia
1617 1724 1662 1766 in
1683 1739 1731 1767 eo
1757 1730 1819 1768 est
1853 1726 2086 1769 auctoritas
2106 1728 2349 1784 generatio-

222 1799 314 1853 nis,
347 1799 586 1843 secundum
622 1815 754 1858 quam
786 1799 915 1842 (116ἰῖ6
940 1816 947 1841 :
978 1802 1112 1843 Pater
1144 1799 1291 1857 major
1315 1815 1384 1842 me
1410 1808 1486 1843 est.
1510 1802 1562 1844 Et
1583 1802 1818 1860 Apostolus
1838 1809 1850 1830 ⁷
1878 1819 1886 1845 :
1911 1805 2106 1848 Donavit
2128 1805 2167 1848 ei
2188 1821 2348 1850 nomen

222 1876 336 1935 quod
354 1885 417 1920 est
435 1892 562 1936 super
581 1892 708 1920 omne
727 1892 901 1920 nomen.
930 1877 1040 1920 Cum
1069 1892 1171 1934 ergo
1198 1877 1257 1920 ait
1281 1893 1288 1919 :
1315 1879 1450 1920 Pater
1474 1879 1622 1936 major
1654 1894 1723 1922 me
1747 1888 1832 1931 est,
1855 1880 1936 1924 hoc
1965 1887 2027 1925 est
2051 1898 2099 1926 ac
2118 1883 2153 1926 si
2172 1884 2348 1942 diceret,

220 1953 408 1997 Donavit
437 1954 545 1997 mihi
579 1969 753 1997 nomen.
783 1954 830 1998 Si
861 1969 981 2011 ergo,
1004 1954 1147 2012 inquit
1166 1954 1362 1998 Hilarius
1383 1955 1429 1998 in
1456 1971 1571 1999 nono
1594 1957 1706 2000 libro
1735 1957 1787 2000 (le
1819 1960 1854 2001 T
1851 1959 2036 2004 rinz'tate
2057 1978 2070 2003 .·
2098 1979 2119 2004 ((
2141 1962 2352 2008 Donantis

220 2031 474 2075 auctoritate
492 2032 620 2074 Pater
641 2032 779 2090 major
799 2037 876 2085 est,
894 2032 1112 2090 numquid
1123 2047 1198 2090 per
1217 2032 1321 2075 doni
1342 2033 1656 2078 confessionem
1670 2035 1809 2079 Filius
1831 2037 1975 2081 minor
1995 2041 2088 2081 est?
2110 2039 2250 2097 Major
2269 2041 2351 2084 ita-

219 2125 305 2169 que
337 2109 504 2153 donans
531 2114 619 2164 est3
655 2109 727 2153 sed
760 2109 907 2152 minor
931 2109 1023 2167 jam
1056 2124 1143 2152 non
1176 2115 1265 2166 est,
1289 2110 1360 2154 cui
1392 2126 1531 2154 unum
1552 2127 1640 2156 esse
1659 2113 1874 2169 donatur,
1898 2115 1958 2159 ait
1985 2115 2102 2159 enim
2120 2120 2132 2141 ⁸
2155 2134 2164 2159 :
2193 2119 2290 2176 qu
2312 2127 2353 2162 et

220 2189 353 2230 Pater
371 2202 508 2230 unum
528 2202 691 2230 sumus.
717 2186 764 2230 Si
784 2202 872 2230 non
892 2186 972 2230 hoc
989 2186 1177 2231 donatur
1194 2187 1313 2243 Jesu,
1337 2193 1385 2231 ut
1403 2189 1677 2233 confitendus
1696 2191 1750 2234 sit.
1770 2191 1815 2234 in
1836 2192 1975 2249 gloria
1995 2193 2073 2236 Dei
2093 2194 2249 2250 Patris,
2274 2196 2354 2239 mi-

219 2279 299 2308 nor
316 2264 445 2307 Patre
465 2269 528 2307 est
546 2281 556 2320 ;
580 2264 615 2307 si
637 2269 784 2308 autem
817 2264 863 2307 in
888 2280 936 2308 ea
967 2265 1107 2322 gloria
1139 2265 1178 2308 ei
1198 2265 1387 2309 donatur
1405 2281 1494 2310 osse
1514 2283 1602 2326 qua
1621 2268 1751 2311 Pater
1770 2274 1846 2324 est,
1871 2269 2002 2313 habes
2024 2277 2065 2314 et
2083 2271 2129 2314 in
2153 2272 2354 2318 donantis

219 2342 486 2396 auctoritate,
515 2342 619 2400 quia
646 2341 785 2400 major
812 2347 899 2397 est,
926 2348 966 2385 et
997 2342 1042 2385 in
1072 2342 1274 2386 donantis
1304 2343 1599 2399 confessione,
1624 2345 1728 2404 quia
1750 2362 1888 2390 unum
1909 2353 2026 2391 sunt.
2049 2349 2187 2408 Major
2204 2350 2351 2410 itaque

216 2420 344 2463 Pater
364 2425 404 2462 et
421 2418 534 2461 Filio
554 2424 631 2473 est,
653 2424 695 2461 et
721 2419 848 2477 plane
873 2420 1023 2478 major,
1048 2420 1117 2463 cui
1138 2425 1306 2463 tantum
1329 2421 1460 2464 donat
1479 2438 1582 2475 esse,
1607 2428 1797 2482 quantus
1817 2431 1878 2467 est
1897 2425 2002 2484 ipse,
2026 2427 2096 2470 cui
2117 2427 2351 2471 innascibi-

216 2497 349 2540 litatis
379 2511 468 2540 esse
499 2495 735 2553 imaginem
768 2502 1034 2540 sacramento
1067 2497 1307 2540 nativitatis
1339 2499 1555 2558 impartit,
1585 2516 1716 2559 quem
1749 2516 1800 2544 ex
1826 2517 1869 2545 se
1898 2502 2104 2547 informa
2123 2520 2201 2547 sua
2221 2520 2351 2562 gene-

215 2579 295 2617 rat.
314 2591 335 2615 n
356 2572 545 2628 Audisti,
562 2573 711 2628 lector,
729 2573 836 2632 quid
855 2588 985 2632 super
1005 2574 1084 2617 hoc
1104 2574 1217 2618 dicat
1235 2575 1446 2630 Hilarius,
1469 2577 1535 2635 cuj
1546 2593 1594 2620 us
1610 2578 1755 2634 verba,
1776 2579 2042 2640 ubicumque
2058 2583 2340 2639 occurrerint,

215 2651 447 2709 diligenter
466 2655 568 2694 nota
593 2650 751 2710 pieque
773 2650 984 2709 intellige.

471 2850 744 2893 EXPOSlTIO
774 2850 975 2893 TEXTUS

214 2973 308 3004 Nunc
336 2973 377 3004 de
410 2971 535 3013 Spiritu
561 2972 677 3002 sancto
708 2970 893 3002 videndum
919 2974 988 3010 est,
1007 2974 1130 3012 praeter
1150 2972 1239 3003 illam

576 3018 794 3059 ineffabilem,
815 3021 880 3050 etc.

265 3122 402 3176 Supra
429 3122 518 3175 egit
542 3122 741 3174 Magister
760 3122 809 3163 de
829 3123 1050 3176 temporali
1070 3137 1239 3177 proces-

210 3195 326 3235 sione
347 3193 528 3247 Spiritus
550 3194 683 3234 sancti
708 3205 793 3246 qua
815 3194 998 3246 procedit
1018 3195 1084 3236 vel
1104 3196 1238 3235 mitti-

210 3268 280 3305 tur
297 3278 322 3306 ἃ
340 3266 498 3318 seipso3
519 3265 590 3305 hic
608 3265 697 3317 agit
715 3265 764 3305 de
783 3265 928 3305 eadem
949 3269 1160 3319 quantum
1183 3268 1234 3309 ad

213 3335 401 3376 modum.
431 3335 480 3376 Et
496 3337 699 3389 quoniam
724 3336 867 3377 missio
899 3337 1077 3390 Spiritus
1103 3341 1236 3380 sancti

211 3405 376 3447 duobus
397 3406 528 3447 modis
546 3410 621 3458 est,
643 3407 797 3448 scilicet
825 3408 1002 3449 visibilis
1030 3412 1070 3450 et
1089 3410 1235 3451 invisi-

255 3511 264 3532 ¹
283 3513 390 3549 Jocm„
409 3519 479 3552 XIV,
500 3514 600 3544 28.—
613 3513 626 3533 2
639 3513 777 3554 Philip„
802 3521 838 3544 11.
861 3515 890 3544 ἶ.
907 3531 945 3536 -—
958 3515 971 3535 3
988 3515 1088 3557 Aug„
1108 3515 1148 3547 de
1171 3516 1236 3547 Tri-

212 3559 287 3599 nit.‚
302 3559 358 3590 tib.
375 3559 416 3599 ΙΙ,
431 3568 462 3590 c.
480 3561 596 3600 1‚n.2;
612 3560 694 3592 etde
711 3560 795 3592 verb.
814 3562 967 3601 Domini,
981 3571 1082 3594 serm.
1096 3572 1232 3595 Lv111.-—

1316 2838 1411 2879 bilis
1425 2871 1434 2888 ,
1454 2840 1561 2880 sicut
1581 2840 1724 2882 missio
1741 2841 1772 2882 F
1776 2842 1859 2892 ilii;
1881 2842 1974 2883 ideo
1996 2844 2088 2884 haec
2106 2857 2202 2898 pars
2222 2846 2348 2888 habet

1316 2911 1420 2951 duas
1438 2914 1588 2964 partes
1611 2911 1660 2952 In
1679 2913 1817 2965 prima
1834 2914 1924 2966 agit
1952 2914 2151 2967 Magister
2170 2917 2221 2958 de
2244 2919 2346 2958 mis-

1315 2983 1431 3023 sione
1449 2982 1628 3037 Spiritus
1649 2985 1781 3025 sancti
1796 2986 1971 3036 visibili;
1995 2987 2039 3027 in
2056 2989 2239 3030 secunda
2255 2990 2344 3042 agit

1315 3053 1365 3093 de
1381 3054 1605 3106 invisibili,
1628 3059 1668 3096 et
1687 3057 1766 3096 hoc
1783 3056 1892 3097 infra
1911 3057 1924 3078 ⁹
1947 3072 1955 3097 :
1977 3057 2073 3099 ,Iam
2092 3070 2206 3101 nunc
2227 3072 2343 3103 acce-

1314 3124 1466 3167 damus
1481 3126 1538 3168 ad
1557 3126 1865 3180 assiqmmdam
1884 3129 2125 3172 missionem
2149 3131 2341 3183 Spiritus

1312 3199 1465 3239 sancti.

1367 3266 1508 3309 Prima
1528 3269 1683 3310 iterum
1703 3282 1799 3322 pars
1820 3270 1946 3311 habet
1967 3272 2071 3313 duas
2096 3284 2105 3312 :
2128 3273 2171 3313 in
2201 3273 2337 3326 prima

1312 3338 1512 3392 Magister
1537 3341 1716 3394 explicat
1736 3343 1979 3385 missionem
1999 3344 2181 3398 Spiritus
2206 3347 2336 3387 sancti

1312 3470 1323 3490 ²
1338 3470 1436 3510 Aug„
1453 3471 1750 3511 Epa·.s-t.(1dMax17nz
1777 3482 1856 3506 vai
1875 3475 1926 3516 (al.
1943 3483 2087 3516 chxm.
2104 3477 2216 3516 9).—5
2230 3478 2330 3518 Aug„

1311 3517 1350 3546 (le
1372 3517 1445 3547 Τνίιι
1464 3542 1473 3556 ,
1502 3519 1558 3550 lib.
1583 3521 1607 3558 l,
1635 3530 1664 3560 c,
1682 3529 1752 3562 vn,
1772 3532 1806 3553 u.
1836 3525 1883 3554 14.
1904 3541 1945 3546 —-
1967 3525 1977 3541 ⁶
1995 3525 2102 3562 Joan„
2130 3532 2201 3563 XIV,
2229 3526 2280 3556 28.
2296 3542 2335 3548 —

1311 3564 1323 3585 ⁷
1336 3564 1440 3602 Plzcl„
1465 3574 1500 3606 11,
1522 3568 1552 3598 9.
1570 3584 1608 3591 -
1622 3568 1753 3608 8Jocm.,
1776 3578 1809 3611 x,
1832 3573 1880 3602 30.
1896 3589 1936 3593 —
1953 3571 1965 3592 ⁹
1983 3571 2066 3602 Dist.
2085 3579 2168 3603 xvii.

2404 352 2502 388 Patre,

2380 394 2430 420 sed
2452 395 2517 429 Spi-

2379 435 2433 461 ritu
2442 444 2520 463 sanc-

2412 480 2438 502 to
2463 481 2490 503 et

2379 517 2461 544 etiam
2479 527 2520 545 se-

2379 557 2438 592 ipso
2464 560 2517 585 mi-

2378 608 2429 626 nor
2443 604 2494 627 est.

2388 1667 2515 1696 Hilarius

2401 1709 2484 1736 aliter

2400 1751 2480 1785 dicit,

2389 1793 2497 1820 scilicet

2370 1829 2445 1861 quod
2467 1831 2516 1857 Pa-

2397 1874 2437 1897 ter
2463 1872 2498 1898 sit

2397 1914 2496 1949 major,

2374 1963 2426 1981 nec
2465 1956 2513 1983 Fi-

2374 1995 2429 2023 lius
2474 2001 2514 2025 ta-

2374 2045 2438 2065 men
2465 2041 2514 2066 mi-

2409 2089 2471 2110 nor.
