2613 3990
247 237 323 273 204⁴

246 321 474 370 visibilem3
494 321 539 360 in
559 321 754 371 secunda,
774 320 825 360 ad
844 321 1050 372 majorem
1070 320 1273 373 explana-

247 393 405 432 tionem
420 424 430 442 ,
453 395 596 432 movet
623 396 663 432 et
687 392 939 432 determinat
967 392 1274 432 dubitationem

247 462 498 515 quamdam,
517 463 574 502 ibi
599 477 606 502 :
630 462 713 503 Sed
734 462 860 514 prius
886 463 1159 514 quaeremlmn
1189 467 1272 514 esi,

247 547 341 576 cum
359 536 391 576 F
395 536 496 577 ilius
516 535 687 576 dicutur
707 536 846 576 'minor
866 536 1005 586 Patre,
1024 539 1102 576 etc.

302 606 443 646 Prima
460 618 556 658 pars
573 606 698 645 habet
712 606 844 646 duas:
866 606 910 646 in
924 607 1064 659 prima
1079 607 1276 659 Magister

249 679 433 730 assignat
453 677 663 729 duplicem
678 677 854 717 modum
870 677 1081 718 missionis
1095 678 1277 731 Spiritus

248 751 394 799 sancti,
409 749 641 789 secundum
652 749 863 801 duplicem
878 750 1054 790 modum
1065 750 1278 791 missionis

250 820 279 861 F
285 821 343 860 ilii
354 833 366 872 3
395 819 579 860 secundo
611 832 711 861 vero
742 821 1013 874 prosequitur
1043 822 1093 863 de
1121 822 1274 873 altera,

249 892 402 931 scilicet
422 891 621 931 missione
641 891 810 942 visibili,
831 892 889 932 ibi
912 907 920 933 :
946 895 1004 934 Ei
1022 895 1160 945 primo
1181 905 1280 947 (19(1-

250 975 342 1004 mus
369 963 418 1005 de.
444 963 516 1005 illo
545 963 667 1005 modo
696 965 918 1006 missionis
946 966 1023 1017 qui
1042 966 1093 1017 fii
1122 966 1278 1008 visibi-

249 1035 360 1085 liter,
383 1037 476 1085 etc.,
500 1034 574 1075 ubi
594 1035 692 1075 dicit
719 1036 832 1088 quod
854 1037 998 1077 missio
1019 1040 1079 1077 est
1101 1037 1280 1079 visibilis

250 1107 458 1159 apparitio
482 1107 589 1147 facta
609 1107 654 1147 in
673 1108 870 1148 exteriori
898 1109 1023 1161 signo
1042 1141 1051 1157 ‚
1074 1121 1149 1162 per
1167 1111 1280 1163 quod

252 1181 510 1219 monstratur
530 1178 674 1219 missio
693 1180 884 1220 interior.

304 1250 505 1291 Similiter
534 1251 717 1291 secunda
746 1263 864 1304 pars,
895 1252 940 1292 111
966 1264 1052 1305 qua
1081 1252 1283 1305 Magister

252 1325 393 1363 movet
423 1322 731 1364 dubitationem
759 1336 857 1376 (111.ῖο
888 1324 1016 1365 habet
1051 1328 1195 1365 ortum
1228 1339 1281 1367 ex

252 1395 564 1448 comparatione
578 1395 790 1436 missionis
801 1395 896 1437 Filii
909 1399 949 1437 et
958 1396 1139 1449 Spiritus
1149 1398 1282 1439 sancti

254 1469 375 1517 (cum
393 1466 508 1507 enim
528 1466 710 1520 Spiritus
730 1470 901 1508 sanctus
920 1469 1114 1509 mittatur
1133 1469 1282 1511 visibi-

252 1538 346 1578 liter
364 1538 472 1579 sicut
499 1541 539 1578 et
558 1537 691 1578 Filius
706 1571 717 1590 ,
739 1540 919 1592 quaestio
945 1543 1007 1580 est
1037 1553 1168 1593 quare
1196 1554 1284 1583 11011

254 1608 404 1650 dicitur
431 1609 573 1650 minor
604 1609 728 1651 Patre
756 1614 803 1651 ut
824 1610 981 1665 Filius)
1003 1644 1012 1661 ,
1043 1612 1169 1653 habet
1199 1617 1284 1655 tres

255 1684 405 1733 partes.
428 1682 477 1723 In
498 1683 632 1735 prima
647 1685 824 1737 opponit
842 1687 883 1725 et
899 1685 1153 1726 determinat
1171 1688 1281 1740 quod

254 1753 434 1806 Spiritus
451 1757 622 1794 sanctus
646 1767 732 1795 non
758 1755 878 1796 debet
904 1756 984 1796 dici
1011 1769 1063 1797 ex
1084 1757 1283 1800 missione

255 1823 396 1863 minor
410 1824 516 1864 sicut
535 1824 680 1876 Filius,
699 1826 799 1879 quia
810 1826 994 1879 Spiritus
1010 1830 1179 1868 sanctus
1198 1842 1283 1870 non

254 1897 315 1935 est
343 1895 502 1936 unitus.
538 1896 751 1946 Secundo,
784 1898 1001 1939 occasione
1030 1899 1179 1953 hujus,
1210 1901 1285 1941 ad-

250 1966 396 2019 jungit
433 1967 645 2019 quoddam
683 1970 865 2010 verbum
903 1970 1002 2011 huic
1036 1984 1282 2025 annexum,

253 2037 406 2078 scilicet
426 2039 539 2091 quod
561 2039 692 2081 Filius
709 2041 872 2082 ratione
898 2042 1110 2083 missionis
1129 2044 1286 2086 dicitur

254 2109 395 2150 minor
422 2111 581 2163 seipso,
610 2112 668 2152 ibi
693 2127 702 2153 :
736 2113 983 2156 Notandum
1012 2120 1154 2158 (uitem
1174 2118 1287 2170 quod

255 2181 415 2232 Filius,
446 2183 679 2225 secundum
721 2185 835 2237 quod
878 2186 997 2229 homo
1031 2189 1170 2239 factus
1209 2194 1283 2233 esi.

255 2252 394 2294 Tertio
419 2254 539 2295 docet
558 2267 658 2296 sane
684 2256 920 2309 intelligere
948 2260 1163 2310 quoddam
1189 2274 1287 2302 ver-

257 2325 361 2365 bum
379 2326 557 2366 dubium
582 2328 694 2379 quod
725 2331 786 2368 est
814 2331 1014 2382 praesenti
1043 2333 1286 2374 considera-

256 2396 361 2436 tioni
381 2399 672 2450 conjunctum,
695 2400 809 2452 quod
829 2401 928 2441 dicit
948 2403 958 2423 ¹
978 2402 1178 2454 Hilarius,
1203 2406 1287 2446 sci-

255 2467 350 2508 licet
378 2469 490 2520 quod
521 2468 642 2510 Pater
668 2471 905 2512 secundum
931 2472 1195 2516 divinitatem
1226 2480 1288 2517 est

256 2540 392 2592 maior
417 2539 548 2592 Filio,
586 2541 718 2582 Filius
750 2544 985 2585 secundum
1022 2546 1285 2588 divinitatem

256 2623 342 2651 non
367 2614 428 2652 est
454 2613 593 2654 minor
608 2646 618 2665 ,
641 2614 698 2654 ibi
722 2628 730 2655 :
755 2616 956 2659 Hilarius
983 2622 1126 2661 autem
1149 2620 1286 2663 dicere

256 2682 444 2735 videtur,
461 2684 574 2737 quod
592 2685 714 2729 Pater
732 2687 805 2736 sit,
825 2690 902 2727 etc.

696 2810 787 2839 DUB.
818 2811 846 2840 Ι.

588 2889 673 2920 Nam
703 2889 744 2921 de
770 2889 871 2931 Filio,
892 2892 956 2922 etc.

315 2968 466 3010 Contra
486 2970 585 3020 hoc,
610 2972 723 3024 quod
741 2971 876 3013 Filius
894 2973 939 3013 in
957 2978 1168 3027 quantum
1188 2978 1287 3019 mis-

262 3052 357 3091 sus,
380 3041 512 3081 factus
537 3043 677 3084 minor
705 3044 784 3094 sit,
813 3045 872 3085 sic
891 3046 1089 3099 objicitur
1111 3062 1120 3088 ε
1145 3048 1290 3091 01111115

263 3115 381 3152 actus
416 3113 649 3154 secundum
688 3127 818 3168 quem
859 3116 1044 3169 aliquem
1083 3120 1292 3174 contingit

266 3183 355 3224 lieri
370 3183 594 3236 minorem,
611 3190 672 3227 est
684 3187 950 3240 indignitatis
971 3191 1028 3231 :si
1045 3203 1148 3244 ergo
1160 3192 1292 3234 Filius

265 3255 427 3296 ratione
447 3256 657 3297 missionis
677 3262 737 3299 est
753 3260 1002 3312 minoratus,
1025 3274 1128 3315 ergo
1149 3265 1291 3306 missio

269 3327 447 3379 pertinet
472 3328 522 3368 ad
544 3328 614 3369 Dei
636 3330 948 3382 indignitatem.
972 3333 1075 3375 Item
1096 3337 1290 3389 quando-

267 3411 448 3452 cumque
467 3400 622 3453 aliquis
641 3401 692 3441 de
717 3404 871 3454 aequali
897 3405 944 3445 fit
969 3406 1131 3456 minor,
1152 3412 1290 3449 muta-

266 3472 336 3509 tur
357 3485 364 3510 :
382 3471 453 3512 sed
467 3470 601 3513 Filius
619 3475 717 3513 ante
737 3473 981 3516 missionem
998 3482 1086 3518 erat
1102 3481 1289 3533 aequalis,

267 3543 306 3580 et
328 3542 451 3583 modo
471 3545 532 3584 est
554 3543 694 3586 minor
719 3557 727 3584 :
755 3556 874 3597 ergo,
893 3549 972 3587 etc.

1004 231 1416 275 SENTENTIARUM
1443 235 1541 275 LlB.
1574 236 1604 276 Ι.

1405 325 1526 378 Resp.
1560 325 1790 367 Dicendum
1816 330 1931 380 quod
1959 333 2157 383 quaedam
2179 335 2377 377 dicuntur

1349 394 1398 434 de
1431 394 1536 436 Filio
1566 397 1637 438 Dei
1673 411 1745 451 per
1782 401 2033 451 essentiam,
2070 405 2265 456 quaedam
2302 420 2376 460 per

1350 467 1567 519 unionem,
1584 482 1678 523 qua>
1693 474 1807 512 tanta
1821 472 1912 522 suit,
1932 477 1979 513 ut
1995 474 2149 516 faceret
2159 477 2376 519 hominem

1352 537 1506 588 Deum,
1533 544 1574 580 et
1600 541 1730 582 Deum
1757 543 1989 585 hominem.
2013 545 2296 588 Essenlialiter
2314 550 2377 589 lo-

1351 609 1519 661 quendo
1536 642 1546 660 ,
1569 612 1686 653 nullo
1717 614 1841 654 modo
1870 613 2003 655 Filius
2029 615 2101 655 Dei
2122 619 2181 656 est
2215 618 2374 669 ininor;

1351 679 1423 719 sed
1437 679 1515 721 hoc
1535 680 1694 722 dictum
1712 687 1773 724 est
1790 698 1864 737 per
1878 685 2097 737 unionem,
2120 688 2220 739 quia
2237 691 2380 729 onmia

1352 763 1447 803 (111εο
1483 751 1684 794 dicuntur
1718 755 1768 796 de
1805 756 1977 798 homine
2009 762 2186 811 possunt
2219 760 2299 800 dici
2331 761 2381 801 de

1353 821 1458 862 Filio
1479 822 1550 863 Dei
1572 838 1579 864 :
1609 828 1649 864 et
1668 825 1724 865 ita
1743 831 1854 879 patet
1877 830 1989 881 qnod
2011 830 2129 870 nulla
2151 842 2201 870 ex
2223 831 2303 871 hoc
2321 836 2381 872 est

1352 893 1609 946 indignitas,
1644 897 1760 938 nulla
1796 901 2053 940 mutabilitas
2083 901 2128 941 111
2162 904 2254 953 ejus
2287 916 2380 955 per-

1353 977 1457 1005 sona
1480 980 1488 1006 :
1523 969 1563 1006 et
1588 967 1645 1006 sic
1671 968 1850 1010 solvitur
1876 975 2109 1025 utrumque
2139 974 2350 1026 objectum
2368 1007 2377 1023 ,

1353 1037 1454 1089 quia
1484 1040 1665 1090 utraque
1691 1040 1793 1081 ratio
1818 1044 2004 1094 procedit
2028 1045 2237 1086 intellecto
2268 1047 2379 1098 quod

1353 1109 1589 1149 secundum
1621 1111 1814 1152 eamdem
1844 1117 2041 1156 naturam
2071 1118 2189 1158 fieret
2215 1118 2378 1168 minor,

1355 1181 1591 1221 secundum
1605 1194 1735 1235 quam
1750 1186 1923 1237 aequalis
1935 1190 2038 1237 erat,
2055 1191 2095 1229 et
2109 1189 2166 1229 ita
2176 1189 2383 1231 desineret

1355 1265 1444 1293 esse
1463 1254 1639 1306 aequalis
1662 1269 1670 1295 :
1694 1268 1810 1297 nunc
1834 1261 1978 1299 autem
2007 1259 2133 1301 simul
2164 1265 2224 1301 est
2243 1261 2383 1302 minor

1356 1326 1397 1364 et
1416 1324 1604 1376 aequalis.

1782 1401 1875 1429 DUB.
1904 1401 1947 1429 11.

1565 1471 1672 1503 Etiam
1690 1472 1801 1514 seipso
1820 1473 1932 1505 minor
1951 1473 2071 1505 dicitur
2087 1499 2094 1513 ,
2112 1477 2176 1506 etc.

1409 1548 1584 1590 Videtur
1600 1550 1710 1591 male
1723 1550 1874 1601 dicere,
1896 1551 1995 1603 quia
2014 1552 2151 1603 major
2167 1552 2385 1593 diversitas

1356 1620 1610 1674 importatur
1626 1634 1700 1675 per
1719 1622 1798 1662 hoc
1817 1622 1930 1675 quod
1943 1624 2005 1662 est
2017 1624 2153 1675 major
2167 1625 2208 1662 et
2226 1623 2380 1674 minor,

1358 1705 1487 1745 quam
1506 1705 1581 1745 per
1604 1693 1685 1734 hoc
1708 1693 1822 1746 quod
1840 1696 1903 1734 est
1929 1693 2038 1734 alius
2063 1696 2103 1734 et
2129 1693 2236 1734 alius
2252 1726 2262 1744 ,
2284 1695 2384 1746 quia

1359 1764 1496 1816 prima
1514 1777 1599 1805 non
1619 1765 1728 1806 cadit
1752 1765 1796 1805 iu
1826 1765 1972 1807 divina
2001 1768 2154 1806 natura
2169 1797 2179 1816 ,
2203 1766 2387 1806 secunda

1359 1835 1431 1876 sic.
1454 1835 1498 1876 Si
1515 1848 1618 1889 ergo
1638 1837 1729 1878 haec
1749 1841 1810 1877 est
1830 1849 1954 1879 vera:
1979 1852 1997 1875 (1
2014 1836 2147 1878 Filius
2167 1841 2228 1877 est
2246 1837 2385 1877 minor

1359 1919 1402 1948 se
1419 1940 1429 1957 ,
1464 1922 1483 1945 ›>
1517 1920 1621 1961 ergo
1652 1911 1694 1949 et
1724 1909 1816 1950 11ωο
1851 1921 1861 1949 :
1902 1924 1921 1948 (1
1950 1908 2084 1949 Filius
2117 1911 2178 1949 est
2211 1909 2320 1949 alius
2348 1912 2388 1949 et

1360 1979 1484 2032 alius,
1507 1994 1527 2018 n
1549 1983 1590 2022 et
1614 1981 1672 2021 ita
1689 1981 1786 2022 duae
1803 1993 1995 2033 personae
2020 1996 2027 2021 :
2048 1981 2161 2034 quod
2181 1993 2267 2021 non
2287 1993 2386 2022 con-

1359 2051 1534 2093 ceditur.

1414 2123 1538 2177 Resp.
1576 2124 1808 2166 Dicendum
1842 2125 1956 2178 quod
1988 2137 2140 2166 verum
2181 2128 2242 2166 est
2276 2127 2389 2179 quod

1361 2193 1443 2244 maj
1451 2204 1568 2232 orem
1581 2192 1866 2233 diversitatem
1877 2192 2023 2233 dicunt
2033 2195 2169 2245 major
2180 2197 2220 2233 et
2231 2194 2385 2243 minor,

1361 2264 1461 2316 quia
1482 2263 1767 2305 diversitatem
1780 2263 1950 2304 virtutis
1964 2267 2004 2304 et
2017 2267 2269 2305 naturarum
2293 2279 2301 2306 :
2319 2266 2390 2306 sed

1361 2334 1413 2375 ad
1439 2334 1724 2376 diversitatem
1745 2337 1926 2386 naturae,
1950 2336 2147 2387 quamvis
2165 2336 2216 2375 sit
2237 2338 2386 2387 maior,

1362 2418 1449 2446 non
1483 2406 1675 2459 sequitur
1713 2406 1934 2447 diversitas
1964 2406 2009 2446 111
2047 2419 2225 2460 persona
2241 2441 2250 2458 ,
2291 2410 2391 2460 quia

1362 2478 1505 2530 plures
1525 2480 1691 2518 naturae
1710 2480 1886 2531 possunt
1905 2490 1994 2519 esse
2008 2478 2052 2518 in
2071 2491 2158 2519 una
2178 2492 2355 2532 persona
2379 2495 2387 2517 2

1362 2550 1566 2603 quoniam
1610 2563 1715 2603 ergo
1750 2550 1796 2590 in
1833 2550 1994 2592 Christo
2031 2550 2140 2591 cadit
2175 2551 2391 2591 diversitas

1363 2626 1630 2673 naturarum,
1651 2625 1692 2663 et
1711 2622 1769 2663 ita
1787 2623 2013 2672 virtutum,
2032 2634 2118 2662 non
2137 2625 2280 2662 autem
2300 2634 2391 2674 per-

1363 2706 1586 2745 sonarum;
1616 2694 1709 2735 ideo
1738 2693 1890 2734 dicitur
1919 2694 2057 2746 major
2086 2698 2126 2734 et
2151 2693 2291 2734 minor
2322 2707 2390 2734 ra-

1364 2766 1477 2806 tione
1493 2766 1757 2807 diversarum
1772 2766 1997 2814 virtutum,
2020 2778 2106 2807 non
2124 2768 2266 2806 autem
2284 2765 2391 2806 alius

1364 2842 1405 2879 et
1420 2838 1548 2888 alius,
1568 2850 1666 2879 cum
1686 2850 1772 2879 non
1792 2838 1944 2879 haheat
1968 2838 2154 2880 diversas
2174 2849 2387 2890 personas.

1789 2961 1880 2989 DUB.
1912 2961 1970 2989 111.

1549 3038 1734 3070 Miuoratus
1759 3038 1975 3080 paulominus
1999 3038 2041 3070 ad
2062 3038 2210 3080 Angelis.

1420 3121 1593 3163 Videtur
1617 3134 1705 3162 esse
1731 3122 1906 3173 falsum3
1936 3122 2036 3175 quia
2055 3134 2182 3175 super
2209 3122 2312 3163 illud
2341 3123 2393 3164 ad

1368 3193 1565 3234 Hebraeos
1597 3196 1610 3217 2
1643 3206 1652 3233 ε
1690 3194 1798 3234 Eum
1827 3194 1904 3246 qui
1937 3192 2101 3235 modico
2144 3193 2393 3247 cib-anqelz’s

1367 3266 1604 3307 ‘minoratus
1634 3268 1720 3316 esi,
1750 3265 1848 3305 dicit
1873 3264 2014 3305 Glossa
2038 3277 2048 3304 z
2078 3280 2097 3302 «
2129 3264 2288 3306 Natura
2314 3266 2394 3306 hu-

1369 3348 1506 3376 mana}
1538 3336 1691 3376 mentis
1706 3367 1718 3385 ,
1740 3336 1909 3388 qualem
1934 3335 2122 3376 Christus
2144 3336 2390 3389 assumpsit,

1367 3421 1464 3462 (111εο
1490 3408 1606 3448 1111110
1634 3411 1801 3461 peccato
1826 3407 1961 3460 potuit
1991 3407 2239 3460 depravari,
2268 3421 2394 3461 super

1368 3492 1515 3520 omnes
1535 3481 1672 3532 maior
1691 3483 1765 3520 est.
1789 3494 1807 3516 ›>
1835 3478 1951 3529 item,
1982 3478 2102 3519 beata
2124 3477 2270 3531 Virgo,
2298 3491 2393 3531 quae

1412 3564 1421 3584 ¹
1454 3562 1575 3604 Hilar.‚
1594 3563 1632 3594 de
1654 3563 1772 3595 Trinit.
1794 3562 1852 3594 lib.
1874 3562 1930 3594 lx.
1948 3577 1986 3585 -
2000 3561 2140 3602 2Η(ε’ὁν.,
2160 3570 2198 3602 11,
2217 3564 2248 3594 9.
