2613 3990
176 2391 267 2419 Prima

152 2433 267 2460 conclu-

787 351 1038 395 DlSTINCT.
1066 349 1174 392 Vlll.
1206 348 1359 390 PART.
1391 348 1421 388 Ι.
1452 345 1572 386 ART.
1603 345 1633 385 Ι.
1666 343 1864 393 QUAEST.
1898 344 1948 382 II.

358 448 397 487 5.
420 446 524 487 Item
538 456 701 499 quaero,
717 442 818 497 quid
840 443 902 483 est
919 441 1072 492 dicere,
1094 439 1228 480 Deum
1242 451 1327 480 non

304 530 424 572 posse
454 516 631 569 cogitari
662 527 748 555 non
773 514 891 554 esse?
913 512 956 553 Si
976 512 1076 565 quia
1094 523 1179 551 non
1196 512 1330 564 potest

305 589 445 642 aliquo
469 588 593 629 modo
613 585 812 638 cogitari,
837 596 915 625 nec
942 595 1042 625 vere
1059 615 1069 632 ,
1100 595 1178 623 nec
1211 582 1324 633 false,

303 660 407 701 illud
436 662 497 700 est
527 657 746 699 manifeste
772 656 940 696 falsum.
963 655 1005 696 Si
1025 654 1124 707 quia
1141 666 1229 694 non
1248 666 1327 706 po-

301 734 381 772 test
401 741 523 781 vere,
545 728 735 769 similiter
759 739 837 768 nec
865 726 1007 767 anima
1021 758 1030 776 ,
1052 738 1131 766 nec
1155 725 1324 774 coelum,

301 805 342 844 et
361 804 512 843 caetera
529 799 793 853 hujusmodi.

356 877 395 914 6.
415 873 541 923 Item,
565 871 678 924 quod
708 869 916 922 contingit
935 869 1199 922 exprimere,
1222 880 1326 909 con-

300 945 427 997 tingit
460 946 500 984 et
529 943 715 996 cogitare
742 957 750 983 :
773 942 844 983 sed
864 941 1071 994 contingit
1090 940 1327 993 exprimere

302 1016 498 1057 divinum
530 1015 628 1056 Esse
653 1027 740 1056 non
771 1026 860 1055 esse
884 1026 1019 1065 :ergo
1051 1015 1092 1054 et
1122 1013 1323 1065 cogitare.

305 1087 424 1136 Quod
453 1086 696 1138 contingat,
715 1086 796 1127 hoc
821 1087 955 1139 patet,
975 1097 1072 1125 cum
1098 1085 1251 1125 dicitur
1282 1084 1325 1124 in

301 1157 464 1211 speciali
489 1172 497 1198 :
525 1173 543 1197 ε(
562 1157 672 1198 Deus
701 1169 790 1197 non
819 1160 904 1206 est3
931 1171 950 1194 n
971 1157 1073 1197 etin
1100 1156 1288 1209 generali
1314 1169 1324 1197 :

306 1244 325 1268 (1
343 1228 377 1269 N
383 1229 459 1270 ihil
477 1231 537 1270 651
554 1242 564 1280 ;
584 1244 603 1267 ))
623 1231 664 1269 61
682 1229 795 1282 quod
809 1232 960 1269 neutra
979 1229 1157 1269 istarum
1177 1229 1326 1269 inferat

300 1300 433 1342 Deum
453 1312 557 1351 esse,
575 1303 703 1353 patet,
723 1300 825 1353 quia
844 1300 1084 1353 oppositum
1098 1312 1185 1340 non
1201 1300 1327 1340 infert

299 1372 569 1426 oppositum;
602 1375 643 1413 et
677 1372 789 1426 quod
819 1372 926 1412 nihil
953 1372 1072 1425 ponit
1111 1374 1181 1422 (a),
1219 1372 1327 1412 nihil

300 1443 427 1484 infert
449 1458 458 1485 :
480 1442 679 1497 quaelihe't
698 1445 842 1484 autern
867 1443 1044 1484 istarum
1064 1444 1171 1484 nihil
1191 1443 1322 1497 ponit.

660 1598 960 1642 CONCLUSIO.

299 1706 409 1740 Deum
428 1713 497 1739 esse
517 1706 565 1740 est
585 1703 671 1740 adeo
685 1713 819 1748 verum,
841 1702 935 1748 quod
951 1713 1023 1738 non
1040 1704 1158 1748 potest
1174 1703 1328 1748 cogitari

725 1773 795 1797 non
817 1771 900 1797 esse.

354 1875 477 1929 Resp.
501 1875 554 1916 ad
571 1873 676 1927 Arg.
699 1873 930 1915 Dicendum
956 1873 1068 1926 quod
1088 1873 1247 1926 aliquid
1264 1885 1328 1914 co-

300 1948 438 2000 gitare
466 1959 553 1988 non
582 1958 696 1997 esse,
720 1949 780 1987 est
805 1945 1028 1999 dupliciter
1050 1960 1058 1986 z
1084 1948 1157 1985 aut
1189 1946 1233 1985 in
1259 1957 1326 1985 ra-

299 2019 412 2060 tione
431 2019 545 2068 falsi,
566 2018 675 2059 sicut
694 2018 835 2069 cogito
854 2018 904 2058 de
923 2017 1003 2058 hac
1026 2029 1035 2057 :
1065 2033 1082 2055 (‹
1102 2017 1239 2057 Homo
1268 2019 1329 2057 est

299 2091 471 2140 asinus3
511 2105 530 2128 ))
572 2092 612 2131 61
641 2090 722 2131 1106
759 2090 944 2142 cogitare
975 2089 1084 2129 nihil
1117 2089 1231 2129 aliud
1268 2091 1329 2129 est

299 2174 455 2216 quam,
487 2162 589 2215 quid
617 2164 679 2202 est
708 2162 823 2214 quod
854 2161 1029 2211 dicitur,
1062 2160 1325 2212 intelligere:

298 2235 378 2275 hoc
413 2234 537 2275 modo
569 2235 705 2287 potest
735 2233 912 2286 cogitari
943 2245 1030 2274 non
1059 2245 1146 2274 esse
1171 2233 1328 2275 veritas

299 2306 431 2347 divini
447 2305 560 2346 Esse.

352 2377 445 2418 Alio
465 2377 590 2418 modo
611 2379 672 2418 est
688 2376 875 2428 cogitare
894 2389 992 2417 cum
1011 2389 1199 2428 assensu,
1223 2377 1329 2418 sicut

299 2447 439 2500 cogito
464 2447 621 2501 aliquid
653 2459 740 2487 non
762 2459 866 2496 esse,
895 2450 936 2487 et
954 2448 1076 2489 credo
1094 2460 1180 2488 non
1200 2461 1287 2489 esse
1316 2463 1324 2489 :

300 2523 340 2559 et
361 2519 440 2560 hoc
460 2519 584 2560 modo
608 2518 767 2571 aliquid
788 2519 976 2571 cogitare
1002 2531 1089 2559 non
1110 2532 1198 2560 esse
1215 2520 1328 2572 quod

300 2592 390 2641 est,
421 2593 557 2644 potest
585 2590 734 2631 venire
763 2593 837 2630 aut
878 2603 932 2630 ex
968 2590 1133 2630 defectu
1170 2591 1329 2632 intelli-

300 2662 440 2715 gentis
463 2694 473 2711 ,
511 2664 586 2703 aut
619 2674 674 2702 ex
706 2661 869 2702 defectu
911 2662 1205 2714 intelligibilis.
1246 2663 1329 2703 De-

299 2732 431 2774 fectus
468 2736 611 2774 autem
642 2733 916 2785 intelligentis
955 2737 1016 2774 est
1056 2735 1218 2775 caecitas
1261 2736 1328 2776 vel

299 2794 568 2857 ignorantia,
606 2804 659 2844 ob
698 2816 855 2857 quam,
889 2805 991 2857 quia
1025 2805 1195 2857 ignorat
1220 2819 1326 2858 rem,

298 2876 394 2917 ideo
414 2877 571 2929 cogitat
588 2876 723 2929 ipsam
743 2888 829 2916 non
847 2888 949 2917 esse.
968 2876 1173 2917 Convenit
1186 2881 1330 2919 autem

299 2948 520 3001 dupliciter
549 2959 638 2988 esse
669 2947 969 3000 cogitationem
990 2949 1040 2989 de
1057 2949 1201 3002 aliquo
1218 2953 1327 3003 ente,

299 3019 493 3061 videlicet
523 3019 558 3059 si
587 3021 675 3068 est,
706 3022 746 3059 et
771 3019 873 3071 quid
894 3022 968 3060 est.
995 3019 1233 3062 Intellectus
1253 3035 1331 3063 au-

300 3093 386 3132 tem
416 3093 559 3132 noster
584 3090 724 3131 deficit
741 3090 786 3130 in
803 3091 1059 3143 cogitatione
1079 3092 1237 3134 divinae
1260 3107 1331 3135 ve-

301 3162 458 3212 ritatis,
481 3164 693 3215 quantum
724 3161 777 3202 ad
807 3162 1094 3214 cognitionem
1124 3165 1224 3217 quid
1245 3168 1328 3217 est3

301 3235 444 3274 tamen
461 3246 549 3274 non
565 3232 703 3273 deficit
722 3235 932 3286 quantum
963 3235 1015 3275 ad
1043 3236 1330 3288 cognitionem

304 3304 339 3344 si
357 3307 432 3346 est.
454 3304 572 3346 Unde
588 3303 739 3357 Hugo¹
764 3318 773 3345 :
799 3320 818 3343 (‹
842 3304 950 3346 Deus
968 3307 1021 3346 ab
1040 3307 1161 3348 initio
1178 3308 1238 3349 sic
1258 3321 1331 3350 co-

305 3374 538 3426 gnitionem
558 3388 680 3417 suam
702 3376 746 3416 in
766 3376 941 3417 homine
971 3380 1245 3431 temperavit,
1268 3384 1329 3431 111,

307 3444 412 3486 516111
430 3459 655 3500 nunquam
673 3480 682 3498 ,
705 3448 808 3501 quid
836 3451 967 3498 esset,
989 3453 1152 3502 poterat
1174 3452 1226 3491 ab
1258 3452 1333 3492 ho-

354 3559 361 3571 ·
377 3552 463 3592 Hug.
491 3553 532 3584 de
553 3554 589 3586 S.
607 3554 708 3594 Vict.,
728 3554 767 3585 cle
788 3554 950 3592 Sacrana,
977 3555 1034 3588 lib.
1055 3557 1091 3596 1,
1111 3566 1145 3597 p.
1165 3559 1230 3599 lll,
1258 3568 1330 3591 c.1.

307 3599 372 3621 —2
387 3600 549 3642 Anselm„
570 3601 664 3633 Cont.
683 3602 797 3643 z'nsz'p„
818 3601 853 3632 in
872 3601 1017 3643 princip.
1031 3621 1072 3627 —
1090 3604 1103 3626 3
1118 3606 1190 3638 I-loc
1213 3615 1332 3638 verum

353 3671 393 3711 (a)
414 3671 507 3703 Edit.
530 3672 606 3704 Ven.
633 3674 708 3707 1751
730 3673 818 3707 deest
833 3673 916 3706 nihil
936 3674 1044 3715 ponit.

2351 345 2426 381 149

1403 436 1518 477 mine
1560 432 1858 484 comprehendi
1887 446 1897 482 ;
1945 432 2003 471 ita
2036 443 2282 483 nunquam,
2327 430 2429 483 quia

1404 510 1523 556 esset,
1549 507 1710 559 poterat
1729 503 1935 556 ignorari.
1957 516 1975 539 n
1993 502 2099 552 Quia
2117 514 2219 553 ergo
2243 501 2428 542 intellec-

1402 582 1470 620 tus
1500 581 1642 619 noster
1677 587 1902 628 nunquam
1941 574 2079 614 deficit
2110 573 2155 612 in
2191 573 2428 625 cognitione

1403 651 1473 692 Dei
1496 650 1529 690 51
1551 652 1636 697 651,
1667 648 1759 688 ideo
1788 659 1864 687 nec
1897 647 2032 699 potest
2061 645 2261 697 ignorare
2288 644 2429 697 ipsum

1402 734 1514 772 esse,
1549 720 1741 760 similiter
1766 730 1853 759 non
1876 717 2061 769 cogitare
2081 728 2167 756 non
2187 727 2289 756 6556.
2323 714 2430 763 Quia

1402 804 1502 834 vero
1522 791 1662 832 deficit
1680 791 1724 830 in
1741 789 1983 842 cognitione
2005 787 2107 841 quid
2134 788 2210 835 est,
2233 786 2327 826 ideo
2346 787 2429 826 fre-

1402 865 1580 917 quenter
1599 862 1756 914 cogitat
1775 861 1909 901 Deum
1930 872 2018 901 esse
2037 858 2150 912 quod
2168 869 2256 897 non
2278 859 2352 907 est,
2373 857 2428 897 si-

1402 938 1473 977 cut
1507 934 1694 982 idolum,
1720 933 1789 975 vel
1823 944 1910 973 non
1942 943 2031 972 esse
2059 929 2172 983 quod
2203 931 2289 979 est,
2323 928 2430 969 sicut

1401 1007 1535 1049 Deum
1553 1018 1639 1047 non
1655 1007 1847 1058 Justum:
1868 1007 1908 1045 et
1925 1002 2026 1056 quia
2042 1002 2116 1055 qui
2129 1000 2285 1053 cogitat
2295 999 2429 1040 Deum

1401 1093 1488 1122 non
1509 1093 1596 1121 esse
1616 1079 1728 1132 quod
1748 1081 1810 1119 est
1827 1110 1837 1129 ,
1857 1079 1908 1118 ut
1925 1088 2011 1117 non
2028 1077 2210 1129 justum,
2232 1086 2307 1127 per
2327 1085 2428 1114 con-

1400 1225 1513 1265 tione
1534 1224 1719 1265 defectus
1746 1221 2008 1271 intellectus,
2030 1219 2138 1260 Deus
2156 1221 2290 1272 potest
2311 1217 2429 1270 cogi-

1400 1297 1480 1338 tari
1500 1309 1585 1337 non
1606 1307 1718 1345 esse,
1742 1294 1831 1335 sive
1863 1305 2032 1333 summa
2059 1291 2238 1339 veritaS,
2261 1302 2347 1330 non
2371 1292 2430 1330 ta-

1402 1381 1501 1409 men
1531 1367 1777 1420 simpliciter
1795 1398 1806 1417 ,
1837 1365 1925 1407 sive
1957 1362 2237 1417 generaliter,
2270 1361 2341 1402 sed
2377 1373 2431 1402 ex

1401 1440 1700 1493 consequenti,
1731 1438 1839 1479 sicut
1867 1437 1941 1490 qui
1971 1437 2101 1488 negat
2125 1433 2431 1475 beatitudinem

1401 1524 1489 1553 esse
1506 1512 1551 1552 in
1569 1511 1667 1560 Deo,
1687 1511 1817 1562 negat
1834 1521 1928 1549 eam
1945 1520 2050 1549 esse.
2070 1506 2158 1547 Hoc
2178 1508 2321 1547 autem
2342 1517 2431 1546 mo-

1401 1586 1454 1626 do
1476 1585 1710 1638 procedunt
1740 1583 1926 1624 rationes
1955 1582 2182 1635 probantes
2211 1580 2325 1634 quod
2352 1579 2431 1620 ali—-

1402 1657 1497 1710 quis
1525 1656 1759 1697 intellectus
1788 1655 1963 1707 cogitat,
1985 1654 2053 1696 vel
2072 1652 2249 1705 cogitari
2277 1653 2428 1705 potest,

1402 1729 1596 1770 divinum
1616 1727 1716 1768 Esse
1734 1739 1822 1767 non
1837 1738 1940 1767 esse.

1454 1801 1550 1842 Alio
1566 1800 1690 1841 modo
1708 1800 1844 1853 potest
1861 1796 2038 1851 cogitari
2055 1794 2216 1849 aliquid
2234 1806 2323 1835 non
2341 1805 2430 1836 esse

1401 1875 1572 1926 propter
1609 1872 1819 1913 defectum
1851 1883 1876 1911 a
1908 1871 2026 1923 parte
2059 1867 2359 1920 intelligibilis,
2390 1869 2430 1908 et

1402 1943 1649 1997 hujusmodi
1676 1943 1861 1984 defectus
1889 1943 2024 1995 potest
2051 1952 2139 1981 esse
2163 1938 2384 1992 dupliciter
2416 1951 2428 1979 ε

1402 2019 1476 2057 aut
1505 2016 1688 2056 defectus
1718 2013 1979 2068 praesentiae3
2015 2015 2089 2053 aut
2120 2011 2305 2052 defectus
2338 2010 2431 2052 evi-

1402 2088 1570 2129 dentiae.
1620 2087 1810 2128 Defectus
1840 2084 2098 2139 praesentiae,
2135 2084 2298 2136 utpote,
2330 2081 2431 2135 quia

1402 2172 1487 2200 non
1520 2171 1698 2212 semper,
1734 2158 1835 2211 quia
1866 2170 1954 2198 non
1988 2156 2168 2209 ubique3
2200 2157 2274 2195 6111
2304 2153 2428 2206 quia,

1402 2231 1600 2283 quamvis
1622 2242 1789 2284 semper
1815 2232 1856 2270 et
1880 2229 2058 2282 ubique,
2085 2239 2172 2268 non
2191 2226 2350 2279 ubique
2370 2227 2431 2266 to-

1402 2303 1553 2344 taliter.
1575 2303 1682 2353 Quia
1700 2314 1786 2343 non
1803 2313 1970 2354 semper
1998 2302 2082 2351 est,
2105 2298 2332 2352 aliquando
2353 2300 2428 2348 est,

1402 2375 1628 2428 aliquando
1645 2387 1732 2415 non
1750 2388 1758 2415 :
1776 2376 1816 2414 et
1828 2373 1921 2413 ideo
1939 2371 2167 2425 aliquando
2183 2382 2282 2412 vere
2296 2371 2432 2423 potest

1403 2447 1581 2499 cogitari
1599 2460 1685 2488 non
1713 2458 1816 2487 esse.
1839 2444 2042 2487 Similiter
2070 2444 2120 2485 de
2139 2456 2188 2484 eo
2212 2442 2323 2496 quod
2343 2454 2431 2482 non

1403 2522 1463 2559 est
1486 2520 1645 2572 ubique
1660 2552 1670 2569 ,
1693 2518 1792 2572 quia
1821 2517 1967 2558 eadem
1990 2516 2153 2557 ratione
2181 2526 2266 2568 qua
2296 2515 2431 2566 potest

1403 2591 1579 2642 cogItari
1607 2602 1694 2631 non
1731 2601 1819 2630 esse
1852 2588 1941 2639 hic,
1972 2589 2107 2641 potest
2136 2584 2312 2637 cogitari
2342 2596 2430 2625 non

1404 2674 1492 2702 esse
1516 2662 1630 2702 alibi.
1666 2661 1867 2702 Similiter
1895 2661 1946 2701 de
1977 2672 2026 2701 eo
2057 2658 2166 2712 quod
2194 2656 2429 2697 secundum

1403 2736 1566 2786 partem
1580 2733 1709 2785 adest,
1732 2733 1968 2775 secundum
1985 2734 2148 2785 partem
2167 2730 2294 2771 abest.
2321 2728 2429 2769 Deus

1404 2808 1547 2846 autem
1575 2808 1636 2846 est
1663 2817 1830 2858 semper
1850 2807 1890 2845 et
1908 2804 2070 2856 ubique
2084 2835 2094 2854 ,
2117 2805 2157 2843 et
2174 2804 2288 2842 101115
2314 2812 2427 2841 sem-

1404 2890 1479 2930 per
1510 2881 1550 2918 et
1593 2878 1756 2930 ubique
1790 2889 1800 2917 :
1833 2876 1926 2917 ideo
1960 2887 2049 2916 non
2080 2875 2216 2927 potest
2252 2873 2429 2926 cogitari

1404 2962 1490 2990 non
1507 2961 1609 2990 esse.
1632 2949 1750 2989 Hanc
1769 2948 1976 2989 rationem
1996 2945 2183 2998 assignat
2202 2945 2432 2987 Anselmus

1404 3021 1448 3061 in
1468 3021 1576 3062 libro
1596 3021 1753 3064 Contra
1774 3018 2078 3073 insipientem²
2102 3032 2110 3058 z
2137 3016 2267 3058 «Non
2294 3017 2432 3057 solum

1405 3096 1577 3145 propter
1602 3093 1810 3133 defectum
1828 3090 2081 3145 praesentiae,
2102 3092 2237 3143 potest
2253 3087 2433 3141 cogitari

1405 3165 1567 3219 aliquid
1586 3177 1674 3205 non
1702 3176 1814 3215 esse;
1849 3163 1921 3204 sed
1946 3162 2073 3204 etiam
2102 3164 2273 3215 propter
2296 3161 2434 3202 defec-

1406 3239 1499 3277 tum
1520 3236 1766 3285 evidentiae,
1798 3235 1897 3288 quia
1916 3246 2005 3275 non
2030 3237 2092 3275 est
2112 3233 2283 3275 evidens
2303 3232 2348 3272 in
2367 3243 2431 3282 se,

1406 3321 1484 3349 nec
1504 3311 1565 3349 est
1579 3308 1753 3350 evidens
1771 3308 1817 3348 in
1833 3307 2066 3361 probando.
2084 3306 2165 3347 Sed
2183 3304 2315 3346 divini
2334 3303 2435 3344 Esse

1406 3387 1561 3427 veritas
1577 3388 1639 3426 est
1651 3385 1826 3427 evidens
1843 3387 1884 3426 et
1899 3385 1945 3425 in
1961 3397 2019 3435 se,
2037 3386 2078 3425 et
2092 3383 2137 3424 in
2153 3380 2369 3436 probando
2386 3380 2400 3402 ³
2420 3393 2429 3420 ε

1405 3458 1450 3498 111
1477 3470 1520 3498 56
1535 3489 1544 3506 ,
1577 3457 1678 3510 quia
1700 3457 1807 3497 516111
1825 3456 2035 3510 principia
2065 3452 2360 3506 cognoscimus
2389 3451 2435 3491 in

1408 3543 1459 3571 est
1485 3540 1691 3580 concipienti
1718 3540 1885 3572 terminos
1911 3539 1972 3570 sub
1993 3537 2181 3570 rationibus
2206 3533 2371 3576 propriis,
2399 3534 2436 3564 ut

1408 3590 1498 3620 Deus
1513 3587 1605 3627 (Vid.
1620 3588 1727 3628 Scot.,
1741 3587 1818 3619 dist.
1832 3595 1870 3628 11,
1886 3597 1919 3628 q.
1935 3594 1977 3626 115
1996 3583 2167 3623 Richard.,
2183 3583 2259 3614 dist.
2276 3590 2327 3622 111,
2343 3588 2433 3622 q.11;

1407 3636 1542 3675 Thom.,
1565 3636 1599 3676 1,
1620 3646 1654 3677 q.
1669 3645 1713 3677 11,
1734 3639 1796 3667 art.
1814 3636 1875 3677 1);
1896 3644 1967 3667 non
1983 3636 2096 3666 autem
2116 3632 2144 3664 si
2162 3631 2299 3665 termini
2318 3628 2433 3663 conci-

1408 3684 1544 3725 piantur
1562 3693 1582 3716 a
1597 3684 1709 3725 nobis,
1732 3684 1817 3717 sicut
1836 3693 1941 3716 nunc.

2461 1088 2587 1115 Secunda

2462 1129 2576 1156 conclu-

1402 1164 1582 1206 sequens
1607 1151 1764 1203 cogitat
1788 1149 1929 1202 ipsum
1957 1160 2044 1189 non
2078 1159 2192 1198 esse;
2214 1146 2307 1187 ideo
2323 1177 2333 1197 ,
2355 1158 2428 1186 ra-
2466 1180 2518 1197 m,

2486 2678 2582 2704 Tertia

2464 2720 2576 2746 60116111-

2462 2761 2502 2787 sio
2527 2769 2589 2787 cum

2462 2802 2580 2830 ratione.
