2613 3990
896 261 1024 303 DIST.
1049 261 1189 303 XXVI.
1219 262 1338 305 ART.
1370 263 1401 304 I.
1433 262 1631 314 QUAEST.
1664 265 1696 307 l.

237 363 281 392 se
293 351 433 394 habet.
449 352 501 394 Et
515 353 660 395 incidit
671 353 715 394 in
731 353 963 406 peccatum,
976 351 1130 392 scilicet
1142 352 1258 405 figu—

234 435 327 466 ram
347 424 539 466 dictionis
551 437 606 466 ex
625 423 923 466 commixtione
938 422 1094 463 horum
1114 423 1257 464 modo-

234 510 359 546 rum,
390 497 500 537 sicut
533 496 579 536 in
609 494 812 536 creaturis
845 505 898 534 ex
928 494 1257 535 commutatione

233 569 674 622 praedicamentorum.
719 566 835 608 Sicut
867 565 1001 616 igitur
1030 565 1075 605 in
1105 566 1257 606 divinis

233 653 336 682 vera
352 643 413 681 est
430 640 610 682 essentia
622 670 636 689 ,
656 640 697 679 et
714 649 827 679 verae
854 639 953 677 sunt
972 649 1178 689 personae,
1199 637 1257 677 ita

233 725 347 754 verae
366 714 466 753 sunt
478 722 756 764 personarum
770 708 1059 762 proprietates.

286 787 324 823 1.
346 783 411 823 Ad
435 783 540 823 illud
564 782 676 834 quod
704 779 898 832 objicitur
915 779 959 819 in
979 780 1252 830 contrarium,

232 854 370 907 primo
392 855 442 895 de
473 853 629 893 Hilario
644 884 654 902 ,
677 851 901 892 dicendum
929 851 1042 904 quod
1064 851 1152 904 ipse
1169 864 1254 891 non

232 926 382 978 accipit
400 925 573 966 nomina
591 935 667 976 pro
680 922 780 975 ipsis
798 923 987 973 vocibus,
1006 923 1077 963 sed
1094 935 1170 975 pro
1186 923 1256 962 in-

235 997 494 1046 tellectibus,
520 995 608 1036 sive
640 994 885 1045 significatis
916 994 1150 1046 importatis
1180 1005 1254 1045 per

232 1065 303 1105 illa
322 1065 402 1106 tria
424 1064 612 1105 nomina.
637 1063 868 1116 lmportant
888 1063 1003 1103 enim
1021 1061 1254 1115 proprieta-

231 1139 306 1177 tes.
330 1135 435 1177 Nam
455 1136 587 1177 solum
602 1135 659 1175 ibi
679 1147 766 1175 non
786 1134 974 1175 excludit
989 1133 1254 1187 proprietatis

230 1207 473 1257 veritatem;
494 1208 566 1248 sed
586 1207 773 1247 excludit
790 1206 1075 1247 diversitatem
1087 1206 1250 1257 formae,

228 1278 297 1319 vel
314 1278 572 1326 substantiae,
595 1278 664 1318 vel
686 1281 864 1318 naturae.

287 1352 325 1389 2.
346 1349 411 1390 Ad
428 1349 533 1390 illud
553 1349 664 1402 quod
689 1349 884 1401 objicitur
901 1348 951 1389 de
980 1349 1250 1397 Damasceno,

231 1420 345 1473 quod
379 1420 580 1461 differunt
615 1420 751 1461 solum
788 1420 948 1461 ratione
974 1435 983 1470 ;
1027 1420 1251 1462 dicendum

230 1492 344 1544 quod
381 1492 549 1532 differre
582 1492 743 1532 ratione
782 1494 842 1531 est
872 1491 1088 1543 tripliciter
1126 1506 1134 1532 :
1166 1504 1252 1531 uno

230 1562 356 1603 modo
383 1575 407 1602 a
428 1565 546 1616 parte
570 1565 725 1603 nostrae
754 1561 1112 1615 apprehensionis,
1146 1563 1253 1603 sicut

227 1632 430 1673 differunt
458 1633 503 1673 in
522 1633 605 1674 Deo
623 1633 788 1673 bonitas
807 1635 847 1673 et
867 1633 1120 1684 magnitudo
1137 1648 1146 1682 3
1169 1633 1250 1674 alio

226 1703 351 1744 modo
379 1704 549 1745 differre
578 1704 740 1745 ratione
772 1707 833 1744 est
863 1704 1097 1745 secundum
1128 1705 1250 1745 diffe-

223 1775 406 1815 rentiam
437 1775 743 1826 attributionis,
779 1775 880 1828 quia
913 1775 1063 1827 aliquis
1098 1776 1250 1816 modus

223 1846 395 1899 ponitur
413 1847 521 1887 circa
539 1859 693 1896 unum,
714 1846 783 1887 vel
800 1847 1044 1887 attribuitur
1061 1847 1152 1896 uni,
1174 1846 1248 1900 qui

222 1930 308 1958 non
324 1918 570 1959 attribuitur
586 1919 720 1969 alteri,
736 1921 778 1959 et
794 1918 851 1959 sic
865 1918 1067 1959 differunt
1085 1919 1247 1960 ratione

220 1989 412 2040 essentia,
435 2002 614 2042 persona
640 1993 681 2031 et
704 1990 843 2041 notio;
867 1991 988 2031 tertio
1009 1991 1134 2032 modo
1166 1992 1247 2032 dif-

217 2061 326 2102 ferre
351 2061 514 2102 ratione
535 2064 596 2103 est
613 2061 782 2102 differre
803 2063 1037 2103 secundum
1065 2063 1246 2115 plurali-

220 2138 349 2176 tatem
367 2136 645 2177 distinctionis
664 2148 760 2189 quae
779 2148 865 2177 non
884 2136 1047 2177 inducit
1065 2137 1245 2178 diversi-

220 2210 350 2248 tatem
365 2208 410 2248 in
431 2208 624 2259 essentia,
645 2208 712 2249 vel
728 2209 774 2248 in
798 2211 965 2259 natura,
988 2212 1130 2249 tamen
1150 2212 1244 2250 tan-

220 2283 307 2320 tam
327 2280 488 2320 inducit
518 2280 823 2330 differentiam,
846 2280 958 2332 quod
990 2293 1125 2321 unum
1157 2294 1243 2322 non

221 2351 375 2392 dicitur
393 2351 444 2392 de
463 2351 594 2391 altero
613 2364 622 2391 :
646 2351 762 2391 etsie
790 2351 928 2391 differt
951 2351 1114 2392 ratione
1146 2365 1240 2404 per-

221 2435 324 2464 sona
348 2436 373 2463 a
390 2435 588 2476 persona,
611 2425 652 2464 et
669 2424 900 2476 proprietas
918 2436 943 2463 a
971 2424 1238 2476 proprietate.

219 2494 270 2534 Et
288 2494 426 2547 prima
451 2494 624 2547 quidem
643 2494 876 2535 differentia
904 2495 1139 2535 secundum
1167 2508 1240 2535 ra-

218 2565 377 2606 tionem
394 2568 455 2606 est
474 2565 666 2615 minima,
685 2565 787 2618 quia
802 2565 910 2605 nihil
929 2566 966 2606 ei
979 2566 1202 2618 respondet
1217 2579 1240 2607 a

217 2640 336 2690 parte
363 2637 454 2687 rei3
482 2637 551 2677 sed
572 2637 734 2677 ultimae
759 2637 994 2689 respondet..
1027 2636 1121 2678 Non
1146 2638 1240 2679 vult

218 2708 499 2749 Damascenus
527 2708 660 2760 igitur
677 2708 863 2749 dividere
881 2721 971 2749 rem
1002 2712 1147 2750 contra
1165 2722 1237 2750 ra-

213 2780 385 2831 tionem,
418 2780 499 2820 nisi
530 2780 765 2820 secundum
790 2780 901 2832 quod
936 2793 1002 2820 res
1034 2781 1238 2834 accipitur

211 2863 288 2904 pro
307 2856 460 2892 natura
479 2866 489 2901 3
511 2863 588 2892 nec
619 2851 747 2891 etiam
775 2851 833 2891 sic
861 2853 1035 2892 omnino
1070 2853 1233 2903 dividit,

211 2923 281 2964 sed
314 2923 434 2976 quasi
462 2936 487 2964 a
514 2923 735 2976 principali
765 2923 1021 2964 denominat.
1051 2924 1158 2965 Nam
1191 2926 1235 2966 in

211 2995 413 3036 creaturis
429 3007 516 3035 non
535 2995 676 3035 solum
696 2998 756 3034 est
785 2996 1070 3036 communitas
1102 2998 1235 3038 ratio-

209 3066 302 3117 nis,
324 3065 410 3107 imo
439 3065 566 3106 etiam
594 3065 799 3106 naturalis
839 3079 848 3106 :
880 3079 981 3106 nam
1009 3066 1156 3109 Petrus
1194 3073 1234 3110 et

212 3134 369 3176 Paulus
395 3148 483 3176 non
499 3138 667 3177 tantum
694 3137 739 3176 in
769 3137 931 3177 ratione
959 3139 1229 3191 conveniunt,

213 3208 286 3249 sed
303 3207 428 3248 etiam
444 3207 490 3247 in
507 3211 660 3253 natura
678 3208 907 3249 communi.

264 3281 304 3319 3.
333 3278 396 3319 Ad
411 3278 516 3320 illud
532 3280 643 3332 quod
660 3280 870 3332 objicitur,
887 3282 998 3333 quod
1019 3281 1110 3324 haec
1127 3283 1233 3324 tollit

212 3361 425 3390 summam
468 3351 779 3403 simplicitatem
795 3385 805 3403 ,
852 3352 1076 3394 dicendum
1120 3357 1232 3408 quod

212 3421 447 3462 differentia
464 3422 638 3463 rationis
657 3423 853 3475 quaedam
880 3424 1083 3466 fundatur
1105 3439 1232 3480 super

252 3528 264 3550 1
278 3527 429 3569 Aristot.,
460 3528 642 3570 Metaplzys.
670 3530 728 3562 lib.
748 3532 805 3563 Xll
819 3556 829 3572 ,
859 3534 948 3564 cont.
966 3535 1070 3565 112.-
1086 3536 1099 3556 Ξ
1114 3536 1207 3568 Idem
1219 3561 1229 3578 ,

210 3575 340 3616 Physic.
360 3574 418 3608 lib.
438 3576 483 3616 11,
505 3579 596 3609 cont.
610 3579 661 3610 25.

2276 274 2349 311 4021

1332 354 1434 406 quid
1455 354 1710 406 absolutum,
1732 355 1820 397 sive
1836 356 2124 407 substantiale,
2143 359 2231 400 sive
2251 360 2355 400 acci-

1331 423 1519 475 dentale3
1543 426 1739 478 quaedam
1765 429 1908 468 autem
1939 439 2065 480 super
2093 434 2350 483 respectum,

1330 495 1417 535 sive
1430 496 1604 537 modum
1623 510 1665 538 se
1684 498 1880 540 habendi.
1899 499 1950 540 Et
1961 499 2099 552 prima
2118 500 2353 543 differentia

1330 566 1507 607 omnino
1536 572 1747 621 repugnat
1765 570 2034 623 simplicitati,
2057 572 2098 611 et
2115 583 2200 612 non
2220 576 2353 624 potest

1329 650 1416 678 esse
1445 638 1491 678 in
1512 638 1619 689 Deo;
1654 641 1835 682 secunda
1861 654 1964 682 vero
1991 653 2080 682 non
2108 646 2318 695 repugnat
2341 659 2350 685 :

1328 721 1428 749 nam
1456 710 1651 751 videmus
1682 716 1920 765 respectum
1951 713 2136 766 aliquem
2164 713 2214 754 de
2240 727 2352 755 novo

1329 793 1416 821 esse
1444 782 1553 822 circa
1574 783 1753 836 aliquid,
1775 785 1846 825 illo
1876 785 1996 825 nullo
2016 785 2142 826 modo
2172 789 2349 827 mutato.

1327 851 1527 894 Videmus
1554 855 1681 895 etiam
1714 856 1874 908 aliquid
1905 856 2060 897 habere
2090 857 2232 909 plures
2266 870 2353 897 res-

1328 928 1486 975 pectus,
1509 925 1598 978 ipso
1619 927 1707 967 sine
1727 928 2030 979 compositione
2049 929 2267 969 existente.
2289 929 2354 969 Di-

1328 996 1509 1036 cendum
1528 997 1676 1049 igitur,
1694 999 1807 1050 quod
1821 999 2096 1051 proprietates
2115 1000 2353 1053 personales

1327 1069 1427 1106 sunt
1442 1068 1700 1120 respectivae,
1723 1082 1808 1110 non
1829 1071 2031 1111 absolutae
2057 1086 2065 1111 :
2088 1074 2129 1111 et
2146 1072 2238 1112 ideo
2253 1084 2353 1124 pos—

1327 1142 1424 1179 sunt
1444 1140 1610 1181 differre
1631 1142 1794 1182 ratione
1817 1146 2103 1195 respectuum,
2134 1145 2234 1196 quia
2255 1157 2350 1197 per-

1326 1198 1429 1251 sona
1457 1213 1724 1265 suppositum
1742 1246 1751 1262 ,
1782 1214 1871 1255 sive
1902 1215 2183 1268 hypostasim,
2213 1216 2311 1257 dicit
2339 1231 2347 1257 :

1326 1282 1395 1322 sed
1414 1283 1645 1335 proprietas
1661 1284 1759 1324 dicit
1778 1284 2073 1326 habitudinem
2087 1287 2138 1327 ad
2152 1287 2347 1327 alterum.

1378 1356 1419 1393 4.
1438 1353 1500 1394 Ex
1518 1354 1597 1395 hoc
1618 1357 1730 1408 patet
1751 1368 1930 1409 sequens
1953 1372 1961 1398 :
1985 1357 2085 1410 quia
2111 1358 2227 1398 enim
2253 1371 2351 1412 pro-

1326 1425 1520 1478 prietates
1537 1427 1776 1468 essentiales
1794 1432 1894 1469 sunt
1913 1429 2131 1481 absolutae,
2152 1443 2240 1470 non
2259 1443 2351 1483 pos-

1325 1500 1422 1536 sunt
1443 1497 1577 1538 dicere
1607 1498 1763 1539 realem
1782 1499 2061 1540 differentiam
2076 1532 2085 1550 ,
2108 1501 2186 1541 nisi
2208 1515 2350 1542 essen-

1324 1568 1465 1608 tialem
1495 1569 1677 1610 habeant.
1713 1586 1721 1611 z
1753 1571 1845 1612 ideo
1874 1572 1960 1612 solo
1993 1573 2118 1614 modo
2151 1573 2349 1627 loquendi

1324 1639 1538 1681 disserunt.
1563 1640 1655 1681 Non
1683 1642 1740 1682 sic
1769 1643 2043 1696 proprietates
2070 1646 2311 1697 personales
2336 1659 2346 1686 :

1323 1711 1436 1752 unde
1459 1714 1733 1765 proprietates
1758 1715 1997 1755 essentiales
2017 1717 2189 1757 omnino
2211 1721 2349 1758 trans-

1322 1785 1425 1823 eunt
1443 1783 1486 1823 in
1507 1785 1747 1833 essentiam,
1770 1786 1840 1826 sed
1861 1788 2100 1839 personales
2119 1801 2220 1829 non.

1376 1856 1413 1894 5.
1436 1855 1500 1896 Ad
1519 1856 1624 1896 illud
1652 1857 1765 1909 quod
1785 1858 1999 1910 objicitur,
2024 1861 2136 1912 quod
2171 1861 2349 1902 essentia

1321 1925 1457 1978 seipsa
1476 1927 1683 1979 refertur3
1707 1928 1932 1970 dicendum
1959 1931 2071 1983 quod
2088 1933 2265 1972 essentia
2284 1933 2347 1973 di-

1321 1998 1423 2038 vina
1445 2010 1530 2038 non
1549 2002 1683 2052 potest
1701 2000 1848 2040 referri
1867 2001 1949 2041 nisi
1969 2002 2020 2042 ad
2049 2002 2175 2042 aliam
2202 2015 2344 2045 essen—

1319 2068 1453 2109 tiam:
1481 2070 1531 2109 ad
1563 2070 1690 2110 aliam
1720 2074 1863 2112 autem
1894 2085 1980 2113 non
2006 2074 2208 2124 refertur,
2239 2089 2344 2128 quo-

1319 2140 1435 2180 niam
1454 2141 1603 2181 relatio
1623 2141 1720 2181 dicit
1745 2142 1953 2194 ordinem,
1973 2147 2013 2184 et
2032 2144 2342 2189 habitudinem.

1319 2210 1436 2252 Sicut
1461 2215 1603 2252 autem
1638 2213 1730 2253 vult
1759 2213 2040 2268 Philosophus
2058 2220 2085 2265 ¹,
2120 2216 2228 2258 Deus
2255 2231 2339 2259 non

1318 2283 1538 2324 ordinatur
1558 2284 1609 2324 ad
1638 2296 1720 2333 reS,
1742 2285 1814 2325 sed
1836 2298 1902 2325 res
1921 2286 1973 2326 ad
1994 2286 2134 2339 ipsum
2159 2303 2166 2329 :
2190 2292 2230 2329 et
2249 2290 2342 2331 ideo

1316 2354 1374 2394 ibi
1393 2367 1480 2395 non
1500 2358 1560 2395 est
1577 2355 1737 2407 relatio,
1754 2356 1836 2396 nisi
1854 2357 1941 2398 solo
1963 2359 2088 2400 modo
2108 2359 2308 2413 loquendi
2331 2377 2339 2403 z

1316 2426 1385 2466 sed
1408 2439 1507 2466 cum
1528 2439 1706 2479 persona
1736 2428 1787 2468 ad
1806 2441 2031 2481 personam
2056 2432 2260 2484 refertur,
2283 2434 2341 2473 ibi

1314 2509 1414 2538 vere
1433 2499 1494 2537 est
1522 2498 1624 2538 ordo
1644 2499 1842 2551 originis,
1866 2504 1906 2540 et
1933 2501 2027 2542 ideo
2047 2503 2268 2555 habitudo,
2303 2508 2343 2545 et

1314 2568 1406 2609 ideo
1425 2582 1525 2609 vera
1544 2570 1690 2610 relatio
1715 2585 1723 2611 :
1746 2573 1786 2611 et
1806 2571 1863 2611 sic
1883 2576 1996 2624 patet
2012 2574 2128 2614 illud.

1367 2644 1405 2680 6.
1428 2641 1491 2681 Ad
1513 2641 1616 2681 illud
1637 2642 1749 2694 quod
1771 2643 1981 2695 objicitur,
2012 2647 2125 2697 quod
2146 2652 2338 2690 creatura

1313 2713 1448 2764 seipsa
1491 2712 1670 2752 refertur
1694 2727 1704 2762 ;
1760 2713 1985 2755 dicendum
2024 2718 2136 2769 quod
2191 2720 2338 2761 referri

1312 2784 1447 2837 seipso
1476 2787 1611 2837 potest
1638 2785 1818 2837 intelligi
1848 2787 2066 2840 tripliciter
2094 2802 2103 2829 :
2131 2794 2205 2832 aut
2236 2795 2337 2845 quia

1311 2856 1420 2896 inter
1439 2855 1499 2895 rei
1518 2858 1755 2908 respectum
1784 2860 1825 2896 et
1853 2859 2077 2899 essentiam
2110 2873 2197 2901 non
2230 2864 2338 2904 cadit

1311 2927 1513 2977 medium,
1537 2927 1637 2979 quia
1659 2928 1748 2979 ipsa
1769 2929 1947 2969 essentia
1972 2932 2246 2975 essentialiter
2265 2936 2338 2976 de-

1309 2998 1462 3052 pendet
1482 3012 1489 3038 :
1517 3001 1557 3038 et
1585 2997 1643 3037 sic
1673 2999 1848 3050 quidem
1867 3001 2077 3052 reperitur
2100 3003 2145 3043 in
2166 3010 2333 3046 creatu-

1308 3071 1368 3111 ris
1388 3084 1396 3110 t
1421 3070 1479 3109 sic
1506 3069 1621 3109 enim
1640 3070 1820 3110 refertur
1841 3072 2017 3112 materia
2044 3073 2096 3114 ad
2123 3075 2303 3117 sormam
2321 3111 2330 3128 ,

1309 3146 1349 3184 et
1367 3144 1502 3182 forma
1521 3141 1572 3182 ad
1599 3142 1836 3183 materiam.
1869 3143 1987 3184 Unde
2013 3145 2112 3186 dicit
2140 3146 2332 3188 Philoso-

1307 3215 1455 3269 phus2,
1479 3214 1592 3267 quod
1616 3215 1816 3264 materia,
1840 3215 1921 3256 hoc
1945 3216 2086 3270 ipsum
2113 3220 2224 3272 quod
2247 3224 2330 3271 est,

1307 3286 1358 3327 ad
1376 3286 1556 3326 alterum
1574 3289 1634 3325 est
1657 3297 1666 3323 :
1695 3289 1837 3327 tamen
1859 3300 1937 3328 nec
1955 3291 2131 3331 materia
2151 3294 2211 3331 est
2230 3305 2332 3333 suus

1307 3359 1542 3410 respectus,
1585 3369 1662 3397 nec
1697 3357 1834 3398 forma
1871 3362 1932 3399 est
1962 3373 2064 3400 suus
2092 3366 2327 3414 respectus,

1307 3429 1407 3482 quia
1437 3440 1525 3468 non
1545 3428 1671 3469 habet
1690 3430 1980 3472 omnimodam
2003 3432 2328 3485 simplicitatem.

1306 3500 1399 3540 Alio
1419 3500 1544 3540 modo
1572 3503 1633 3541 est
1658 3502 1804 3542 referri
1833 3503 1990 3555 seipso,
2021 3504 2120 3556 quia
2149 3504 2257 3545 inter
2287 3507 2328 3546 id

1307 3572 1420 3625 quod
1450 3572 1649 3624 refertur,
1677 3577 1718 3615 et
1739 3587 1868 3616 suum
1901 3575 2220 3628 correlativum,
2242 3589 2330 3618 non
