2613 3990
138 711 221 745 Hesp.
238 710 272 735 ad

153 755 274 776 rationes

136 801 186 827 pro
195 796 273 827 parte

135 835 241 869 negantii
249 843 274 860 a.

291 183 368 224 ‘20⁷4

291 273 341 314 ad
361 272 528 313 Latinos
542 272 778 311 transierat.
798 270 895 310 Erat
911 269 1189 309 nihilominus
1209 270 1322 322 peri-

292 348 506 395 culosum,
530 346 650 399 quia,
683 345 794 397 quod
826 356 903 396 pro
936 347 1047 383 certo
1077 343 1322 383 habendum

294 421 406 468 erat,
427 418 666 471 periculum
695 419 785 456 erat
810 415 963 456 ducere
982 415 1027 455 in
1048 415 1227 455 dubium
1250 427 1259 454 ε
1283 419 1323 456 et

294 490 351 529 sic
375 492 488 542 patet
519 488 628 540 quod
663 487 825 527 frivolae
846 489 945 526 sunt
967 498 1117 527 eorum
1148 498 1321 526 accusa-

294 562 441 602 tiones.
473 561 535 601 Ad
564 559 749 600 rationes
781 562 944 609 autem,
978 557 1196 599 intellectis
1227 569 1323 610 quae

294 635 401 675 dicta
420 636 533 684 sunt,
560 632 677 672 facile
697 634 759 672 est
775 631 1041 684 respondere.

354 711 387 746 l.
410 706 473 746 Ad
493 705 594 745 illud
610 716 714 756 ergo
728 704 841 756 quod
861 703 1073 756 objicitur,
1093 701 1205 755 quod
1226 713 1326 754 pro-

296 778 425 819 cessio
449 778 510 817 est
533 776 585 816 ab
613 788 698 816 uno
718 776 759 815 in
783 776 937 825 alium3
969 774 1192 815 dicendum
1213 773 1326 826 quod

297 860 447 889 verum
469 850 530 888 est
549 847 599 887 de
618 847 882 900 processione
900 846 1037 896 locali,
1059 845 1129 886 sed
1154 857 1238 885 non
1264 847 1327 884 est

297 932 447 961 verum
479 919 530 960 de
566 919 830 972 processione
866 917 1044 967 causali,
1079 917 1188 956 sicut
1217 917 1327 956 infra

297 992 447 1031 melius
465 991 621 1043 patebit
645 1006 652 1031 :
679 1003 776 1031 cum
796 989 1021 1043 procedere
1051 988 1096 1028 in
1119 988 1253 1028 alium
1276 988 1328 1028 sit

296 1063 531 1115 dupliciter,
553 1066 626 1102 aut
646 1063 745 1115 quia
767 1062 812 1102 111
833 1062 966 1102 alium
986 1061 1118 1101 tendit
1132 1060 1238 1099 sicut
1259 1060 1328 1099 oh-

291 1137 469 1185 jectum,
486 1138 526 1175 et
545 1134 602 1174 sic
621 1134 802 1186 Spiritus
824 1135 993 1173 sanctus
1013 1135 1074 1172 est
1090 1144 1224 1182 amor,
1243 1143 1328 1184 quo

297 1207 428 1248 Filius
462 1209 576 1246 amat
611 1206 778 1246 Patrem
793 1238 803 1256 ,
838 1206 947 1245 sicut
978 1217 999 1245 e
1032 1216 1251 1245 converso.
1286 1202 1329 1243 Si

298 1283 438 1319 autem
464 1279 628 1319 dicatur
657 1277 715 1317 sic
736 1277 962 1330 procedere
993 1277 1038 1317 in
1059 1276 1264 1329 aliquem,
1283 1278 1331 1315 ut

299 1352 350 1392 ab
370 1363 419 1391 eo
432 1350 674 1403 recipiatur,
696 1349 871 1389 omnino
889 1349 1042 1389 stultus
1062 1352 1123 1388 est
1143 1348 1330 1388 intellec-

301 1429 379 1462 lns.
405 1421 471 1462 Est
491 1421 605 1461 enim
626 1421 777 1471 dicere,
793 1420 905 1473 quod
923 1432 1058 1469 amor,
1076 1419 1150 1472 qui
1162 1422 1223 1460 est
1237 1418 1331 1472 Spi-

301 1495 407 1534 ritus
426 1497 609 1544 sanctus,
628 1493 791 1533 oriatur
810 1506 834 1533 a
856 1491 991 1543 Patre,
1014 1495 1055 1533 et
1075 1492 1274 1532 subsistat
1288 1492 1333 1531 in

305 1566 421 1616 Filio,
442 1565 549 1606 sicut
570 1565 689 1605 rivus
707 1565 843 1605 oritur
864 1577 888 1604 a
904 1564 1032 1615 fonte,
1052 1567 1093 1604 et
1109 1563 1334 1616 requiescit

302 1639 344 1678 in
362 1638 456 1678 lacu
473 1637 697 1690 profundo.

355 1713 393 1750 2.
417 1710 481 1750 Ad
514 1709 617 1749 illud
649 1709 762 1761 quod
794 1708 994 1761 ohJ'icitur
1011 1708 1061 1748 de
1091 1706 1332 1760 spiratione,

301 1782 413 1835 quod
434 1781 633 1834 praecedit
653 1781 833 1821 verbum
850 1813 860 1831 ,
883 1780 1110 1821 dicendum
1131 1779 1243 1832 quod
1258 1791 1335 1819 ve—

302 1866 399 1894 rum
421 1857 481 1894 est
504 1854 553 1893 de
574 1853 772 1893 exteriori
800 1853 944 1900 verbo,
970 1855 1010 1892 et
1039 1863 1127 1892 non
1152 1851 1202 1892 de
1227 1851 1335 1891 inte-

303 1926 405 1967 riori
429 1938 438 1966 :
460 1928 500 1965 et
518 1925 612 1966 ideo
630 1937 718 1965 non
736 1927 798 1965 est
817 1924 969 1965 simile.

358 2003 396 2038 3.
419 1998 482 2038 Ad
498 1998 601 2038 illud
622 1997 735 2049 quod
754 1997 953 2049 objicitur
971 1997 1022 2037 de
1041 2008 1173 2046 nexu,
1195 1995 1338 2036 dicen-

304 2070 407 2110 dum
429 2068 541 2121 quod
559 2080 697 2108 nexus
717 2068 944 2108 nonhabet
964 2067 1172 2107 rationem
1191 2066 1336 2116 medii,

305 2142 375 2182 sed
396 2141 604 2181 rationem
627 2140 752 2191 tertii,
769 2152 1015 2192 quanquam
1038 2139 1170 2191 aliqui
1187 2138 1338 2179 volue-

304 2216 407 2254 runt
441 2213 579 2253 dicere
607 2213 720 2266 quod
749 2213 891 2253 locum
920 2214 1035 2252 tenet
1062 2214 1102 2251 et
1127 2211 1278 2261 medii,
1300 2214 1341 2251 et

306 2285 416 2326 tertii
441 2296 449 2323 :
471 2287 511 2325 et
527 2285 756 2325 voluerunt
774 2284 841 2324 isti
867 2284 1075 2323 sustinere
1095 2282 1340 2335 opinionem

307 2358 554 2398 Graecorum
570 2360 609 2397 et
622 2356 873 2397 Latinorum
891 2370 900 2405 ;
919 2358 960 2396 et
977 2355 1252 2406 distinguunt
1268 2354 1343 2395 du-

307 2431 459 2483 plicem
481 2429 657 2470 modum
677 2428 943 2481 procedendi,
961 2427 1116 2467 scilicet
1132 2426 1175 2465 in
1190 2426 1339 2476 alium,

308 2506 346 2543 et
367 2502 425 2541 sic
446 2501 632 2554 procedit
646 2513 670 2540 a
685 2500 820 2550 Patre,
836 2500 904 2540 vel
921 2499 973 2539 ab
989 2499 1085 2548 alio,
1105 2501 1145 2538 et
1168 2498 1225 2538 sic
1243 2510 1344 2550 pro-

309 2574 416 2614 cedit
434 2586 459 2613 a
481 2572 601 2613 Patre
618 2576 657 2613 et
674 2572 793 2612 Filio.
817 2571 897 2612 Sed
914 2571 1027 2611 istud
1041 2573 1102 2610 est
1116 2570 1344 2610 exsufflan-

309 2646 413 2686 dum
433 2645 573 2695 hodie,
595 2644 696 2697 quia
722 2656 809 2684 non
834 2644 961 2684 hahet
988 2643 1251 2683 intellectum
1273 2655 1344 2682 sa-

309 2730 437 2767 1ium3
459 2718 591 2757 immo
622 2716 798 2757 omnino
825 2716 973 2756 eodem
1007 2715 1133 2755 modo
1157 2714 1346 2767 procedit

311 2790 363 2830 al)
382 2793 589 2842 utroque,
613 2792 653 2829 et
680 2792 824 2828 tamen
841 2787 1066 2839 utriusque
1091 2798 1230 2826 nexus
1258 2789 1342 2832 est,

312 2861 417 2901 sicut
434 2861 608 2913 ponitur
624 2860 871 2912 exemplum
891 2859 941 2899 de
963 2859 1131 2900 duobus
1150 2858 1279 2910 lignis
1293 2870 1346 2898 ex

312 2933 466 2985 quihus
485 2933 728 2986 procederet
756 2944 840 2972 una
860 2931 1049 2971 flamma.

366 3008 403 3044 si.
427 3005 491 3045 Ad
508 3004 612 3044 illud
634 3004 748 3057 quod
773 3002 986 3056 objicitur,
1010 3002 1125 3055 quod
1143 3002 1196 3042 ab
1215 3001 1346 3042 altero

312 3072 582 3123 sufficienter,
611 3085 731 3125 ergo,
765 3075 862 3122 etc.;
892 3071 1119 3112 dicendum
1145 3070 1260 3123 quod
1286 3070 1346 3110 is-

312 3144 387 3185 tud
415 3156 567 3184 verum
595 3148 727 3193 esset,
770 3144 804 3184 si
852 3145 990 3184 essent
1029 3143 1196 3183 diversa
1229 3142 1349 3194 prin-

312 3212 423 3266 cipia
443 3211 624 3265 Spiritus
644 3213 801 3262 sancti;
835 3212 950 3265 quod
976 3223 1064 3252 non
1089 3213 1152 3251 est
1170 3222 1346 3261 verum,

313 3289 422 3327 sicut
440 3286 551 3326 infra
574 3286 585 3307 ¹
619 3286 789 3338 patebit.
822 3286 939 3327 Unde
954 3318 964 3336 ,
999 3284 1106 3326 sicut
1131 3297 1220 3325 non
1238 3285 1350 3325 valet

313 3359 394 3399 hoc
419 3360 756 3410 argumentum:
790 3373 809 3396 «
836 3357 958 3398 Pater
989 3359 1117 3406 creat,
1147 3358 1188 3396 et
1214 3355 1350 3396 Filius

359 3470 370 3491 ¹
386 3470 511 3508 Qucest.
532 3478 604 3510 seq.
619 3485 659 3491 -
675 3469 808 3506 Ποαηη
829 3476 890 3508 vu,
910 3469 959 3500 16.
975 3487 1014 3491 —
1031 3468 1163 3507 ³Joan.,
1182 3475 1226 3500 xv
1244 3469 1296 3499 26.
1309 3484 1347 3490 —

319 3518 452 3558 uJocm„
473 3524 550 3557 xvi,
570 3519 621 3549 15.

1053 179 1484 222 SENTENTIARUM.
1515 179 1613 220 LIB.
1642 179 1673 219 l.

1397 270 1603 319 similiter,
1629 271 1669 309 et
1689 267 1812 308 Pater
1831 268 1892 306 est
1912 266 2123 307 sufficiens
2140 267 2185 307 in
2206 266 2386 307 creando
2408 281 2418 306 t

1397 353 1501 392 ergo
1514 340 1648 380 Filius
1659 338 1894 392 superfluit,
1905 351 1923 374 »
1940 337 2039 389 quia
2050 341 2149 378 sunt
2160 350 2298 379 unum
2310 337 2425 390 prin-

1397 412 1555 464 cipium
1575 412 1619 451 in
1642 409 1841 458 creand03
1871 407 2062 449 similiter
2086 409 2339 450 solvendum
2363 410 2427 448 est

1399 483 1442 522 in
1462 483 1690 535 proposito.

1452 554 1515 595 Ad
1530 555 1633 596 illud
1644 557 1757 608 quod
1772 555 1982 609 objicitur,
1995 552 2109 606 quod
2119 564 2206 592 11011
2216 552 2426 604 reperitur
2451 560 2536 594 nesp·
2561 568 2586 606 ᾳ(

1399 625 1441 665 111
1461 624 1679 678 Scriptura
1696 642 1704 677 ;
1737 628 1961 669 dicendum
1981 624 2110 678 quod,
2132 623 2167 663 si
2193 623 2324 664 verba
2342 636 2429 664 non
2450 604 2590 677 tffpcsmssi-'fl

1400 698 1684 750 reperiantur,
1701 701 1911 753 reperitur
1928 700 2070 738 tamen
2085 707 2246 744 sensus,
2263 694 2371 735 sicut
2385 695 2430 735 in
2450 687 2592 761 gssss'i¹fa¹f⁰‘

1401 769 1634 820 oliJiciendo
1648 774 1928 811 monstratum
1943 772 2017 811 est.
2030 768 2190 809 Tamen
2203 778 2433 818 argumen-
2470 767 2591 835 kffgjfflffi

1401 842 1492 879 tum
1508 852 1595 880 non
1614 842 1740 891 valet,
1763 859 1780 881 1(
1795 842 1886 883 Non
1905 841 2113 895 reperitur
2133 839 2178 879 111
2199 837 2430 890 Scriptura,
2478 857 2574 876 corum

1402 923 1506 963 ergo
1526 924 1612 952 non
1632 916 1695 953 est
1721 926 1897 965 verum3
1919 928 1937 950 n
1962 912 2065 965 quia
2086 910 2314 963 Scripturae
2341 921 2434 949 mos
2468 900 2592 960 ῃῖζῖζω

1402 985 1464 1021 οεῖ
1503 983 1699 1034 quiedam
1736 987 1872 1024 tacere
1916 986 2087 1036 propter
2135 980 2434 1021 insinuandam
2471 976 2592 1045 {affl}

1403 1052 1701 1095 humilitatem.
1722 1055 1839 1096 Unde
1851 1056 2070 1105 Dominus,
2086 1054 2234 1094 volens
2247 1064 2323 1092 nos
2337 1064 2436 1092 eru-

1404 1124 1492 1164 dire
1513 1125 1564 1164 ad
1598 1126 1905 1177 humilitatem,
1928 1139 2054 1167 omne
2077 1125 2190 1178 quod
2221 1136 2348 1165 suum
2376 1126 2437 1164 est

1406 1195 1517 1235 Patri
1538 1197 1741 1248 attribuit,
1771 1199 1879 1239 sicut
1903 1199 1948 1238 in
1972 1198 2132 1239 Joanne
2153 1199 2166 1219 ²
2188 1212 2197 1238 ε
2221 1197 2316 1239 Mea
2337 1196 2438 1238 doc-

1405 1270 1523 1310 trina
1553 1280 1638 1311 11011
1665 1273 1724 1311 est
1749 1281 1857 1312 mea.
1884 1270 2082 1311 Similiter
2109 1269 2265 1310 dicitur
2288 1269 2300 1290 ³
2325 1283 2334 1308 ε
2358 1269 2438 1315 Qui

1406 1351 1432 1381 α
1454 1341 1572 1382 Patre
1585 1341 1797 1394 procedit,
1826 1342 2003 1394 loquens
2026 1341 2075 1381 de
2094 1340 2257 1393 Spiritu
2278 1344 2436 1390 sancto,

1406 1415 1605 1454 ettamen
1626 1413 1712 1466 ipse
1733 1413 1962 1466 subjungit
1976 1416 1989 1438 a
2010 1424 2017 1449 τ
2038 1413 2189 1454 Omnia
2207 1423 2300 1465 quoe
2316 1413 2440 1455 Pater

1407 1485 1557 1537 habet,
1578 1497 1670 1527 mea
1690 1490 1806 1528 sunt.
1836 1484 1885 1526 Et
1905 1485 1998 1526 ideo
2018 1487 2326 1536 argumentum
2354 1497 2440 1525 non

1407 1558 1534 1598 valet.

1462 1629 1523 1669 Ad
1553 1629 1658 1669 illud
1692 1630 1806 1681 quod
1838 1629 2034 1682 objicitur
2065 1629 2116 1669 de
2137 1628 2351 1679 Conciliis,
2377 1629 2440 1670 di-
2465 1647 2505 1674 Ex
2527 1646 2600 1673 eon-

1409 1702 1593 1742 cendum
1611 1702 1724 1754 quod
1739 1714 1817 1742 nec
1830 1701 1875 1742 in
1890 1701 2076 1742 conciliis
2094 1701 2175 1741 illis
2186 1703 2285 1741 sunt
2298 1701 2444 1742 omnia
2465 1688 2548 1715 ΕΜ·

1409 1773 1614 1825 instituta,
1637 1785 1735 1826 quae
1757 1775 1946 1826 spectant
1964 1773 2015 1814 ad
2036 1785 2194 1823 mores3
2220 1785 2298 1814 nec
2315 1773 2444 1813 etiam

1411 1845 1556 1886 omnia
1581 1845 1689 1886 dicta
1705 1878 1715 1896 ,
1743 1857 1840 1898 quae
1859 1845 1911 1886 ad
1932 1845 2060 1885 fidem
2082 1845 2316 1898 pertinent3
2337 1845 2447 1886 sicut

1410 1918 1455 1957 in
1474 1917 1676 1970 Syniholo
1691 1917 1803 1970 quod
1824 1920 2016 1957 cantatur
2034 1917 2079 1957 in
2096 1917 2235 1968 Missa,
2261 1917 2368 1957 nihil
2381 1918 2446 1958 di-

1412 1991 1521 2030 citur
1543 1991 1593 2031 de
1625 1990 1828 2031 descensu
1855 1990 1907 2031 ad
1927 1991 2096 2031 inferos.
2118 1989 2196 2032 Sed
2218 2003 2443 2044 nunquam

1411 2063 1535 2103 latuit
1551 2065 1715 2103 sanctos
1730 2062 1873 2103 Patres
1890 2063 2101 2115 processio
2117 2062 2298 2115 Spiritus
2313 2064 2445 2104 sancti

1413 2151 1438 2178 a
1456 2137 1580 2187 Filio,
1597 2140 1636 2178 et
1655 2138 1689 2177 si
1711 2149 1795 2177 non
1809 2137 1944 2188 latuit,
1959 2149 2091 2190 quare
2112 2150 2199 2178 non
2213 2137 2444 2177 dixerunt?

1415 2209 1544 2251 Credo
1579 2209 1692 2262 quod
1735 2221 1821 2249 non
1849 2209 1995 2260 latuit,
2030 2209 2137 2249 sicut
2173 2210 2449 2262 perantiquos

1415 2281 1675 2331 Graecorum,
1692 2293 1878 2334 quorum
1896 2280 2095 2332 Magister
2113 2281 2282 2321 adducit
2301 2283 2448 2321 aucto-

1414 2354 1581 2394 ritatem
1596 2354 1642 2393 in
1653 2354 1813 2404 littera,
1832 2354 1903 2394 sed
1917 2357 2062 2394 tamen
2081 2365 2166 2393 non
2184 2353 2263 2394 suit
2279 2365 2449 2406 expres-

1416 2438 1512 2466 sum
1527 2458 1537 2476 ,
1560 2426 1662 2478 quia
1680 2437 1767 2466 non
1792 2428 1880 2466 erat
1899 2437 2006 2478 opus
2027 2438 2037 2465 :
2060 2425 2204 2465 nullus
2236 2423 2348 2464 enim
2372 2435 2451 2462 ne-

1417 2498 1547 2550 gabat
1562 2530 1571 2548 ,
1612 2510 1689 2537 nec
1724 2510 1882 2549 negare
1918 2497 2099 2537 volebat.
2141 2496 2222 2537 Sed
2260 2493 2449 2534 haeretici

1417 2570 1553 2611 multa
1573 2582 1668 2623 quae
1687 2572 1806 2610 erant
1822 2569 2025 2622 implicita
2045 2568 2143 2608 fidei
2171 2570 2340 2617 nostrae,
2372 2577 2453 2605 sua

1417 2642 1737 2695 importunitate
1755 2641 2052 2694 compulerunt
2080 2639 2310 2692 explicare;
2334 2639 2375 2678 et
2393 2636 2452 2677 sic

1418 2717 1532 2767 patet
1545 2713 1664 2754 illud.

1474 2791 1491 2825 1
1523 2788 1562 2826 et
1582 2788 1620 2825 2.
1638 2785 1701 2826 Ad
1718 2785 1823 2825 illud
1841 2784 1956 2838 quod
1976 2783 2172 2834 objicitur
2190 2782 2241 2823 de
2262 2781 2448 2822 auctori—
2473 2802 2513 2830 E,
2536 2805 2594 2831 noc

1418 2860 1502 2897 tate
1516 2856 1703 2909 Dionysii
1718 2859 1758 2897 et
1773 2856 1980 2909 Gregorii,
1997 2855 2221 2896 dicendum
2237 2855 2348 2907 quod
2363 2866 2451 2894 non
2471 2845 2589 2872 t⁰s³¹³¹¹⁵·

1420 2931 1482 2970 est
1501 2928 1750 2969 omnimoda
1769 2927 2015 2976 similitudo,
2031 2927 2100 2967 sed
2116 2927 2252 2979 major
2266 2925 2453 2967 dissimi-

1419 3000 1568 3040 litudo.
1591 3000 1832 3040 Attenditur
1851 3002 1994 3040 autem
2021 2998 2252 3038 similitudo
2282 2998 2326 3038 in
2347 2998 2450 3046 hoc,

1421 3072 1576 3112 scilicet
1592 3074 1803 3124 quantum
1818 3072 1870 3112 ad
1884 3070 2191 3124 plenitudinem
2209 3069 2456 3111 fontalitatis

1420 3141 1467 3181 in
1478 3140 1614 3191 Patre,
1630 3144 1671 3181 et
1683 3141 1727 3180 in
1741 3140 1946 3181 divisione
1960 3150 2239 3191 personarum
2256 3150 2457 3179 emanan-

1421 3214 1530 3253 tium
1542 3214 1594 3252 ah
1605 3225 1669 3262 eo,
1681 3213 1771 3253 etin
1782 3212 2021 3264 receptione
2034 3210 2272 3251 influentiae
2284 3210 2328 3251 in
2343 3222 2457 3251 crea-

1422 3287 1544 3336 tura;
1576 3298 1663 3325 non
1687 3289 1832 3326 tamen
1857 3286 1919 3325 est
1943 3283 2190 3324 omnimoda
2218 3283 2452 3324 similitudo

1422 3359 1631 3410 quantum
1652 3357 1705 3397 ad
1725 3356 1901 3397 modum
1920 3355 2174 3405 emanandi3
2198 3358 2238 3395 et
2256 3355 2316 3395 sic
2341 3355 2455 3407 patet

1422 3429 1541 3469 illud.

1478 3502 1501 3540 3
1531 3502 1571 3540 et
1590 3500 1629 3540 4.
1657 3500 1721 3541 Ad
1737 3499 1841 3540 illud
1860 3498 1974 3551 quod
1993 3498 2193 3551 objicitur
2213 3498 2263 3539 de
2282 3498 2455 3539 Damas-
