2613 3990
189 860 258 888 Ado
281 876 291 881 -

310 257 388 296 334

309 344 462 384 divinis
489 345 682 398 personis
713 346 765 386 sit
799 345 1055 398 principium
1090 342 1303 384 materiale
1321 356 1331 393 ;

309 418 474 467 quarto,
491 419 637 457 utrum
654 417 697 457 in
711 416 863 457 divinis
875 417 926 456 sit
940 415 1174 457 differentia
1188 427 1336 455 secun-

309 485 412 526 dum
428 499 677 529 numerum.

671 632 908 682 QUAESTIO
940 633 972 674 Ι.

358 741 417 775 Αη
440 741 477 774 in
498 739 633 775 dit-inis
648 740 847 786 ponendum
868 743 916 776 sit
935 743 1049 776 totum
1070 739 1243 784 integrale
1263 739 1288 773 ¹.

365 842 481 892 Quod
510 843 564 883 sit
598 855 753 896 ponere
786 843 1033 884 totalitatem
1067 842 1335 894 integritatis,

313 914 478 955 videtur
498 927 571 967 per
591 916 884 967 Augustinum
900 914 913 934 ²
929 916 1080 969 primo,
1101 918 1141 955 et
1161 915 1340 954 liabetur

312 981 354 1020 in
379 980 532 1021 littera.
560 981 661 1022 Tota
689 982 865 1022 essentia
887 985 947 1022 θεῖ
968 982 1009 1021 in
1031 980 1210 1032 singulis
1240 992 1339 1032 per—

312 1052 426 1092 sonis
449 1067 457 1092 z
481 1065 584 1105 ergo
605 1056 679 1094 aut
700 1057 761 1094 est
781 1053 839 1093 ibi
869 1052 1098 1106 implicatio
1125 1050 1216 1091 salsi
1233 1082 1243 1101 ,
1267 1053 1341 1091 aut

313 1126 375 1164 est
404 1124 462 1163 ibi
489 1124 670 1165 totalitas
697 1140 706 1165 z
733 1125 804 1166 sed
832 1137 918 1165 non
946 1127 1006 1164 est
1027 1123 1083 1163 ibi
1110 1122 1339 1176 implicatio

311 1195 401 1235 salsi
426 1208 436 1235 ε
456 1208 559 1249 ergo
582 1199 642 1237 est
664 1197 721 1237 ibi
742 1197 937 1237 totalitas,

364 1271 403 1308 2.
427 1267 531 1309 ltem
547 1269 626 1309 hoe
642 1269 782 1321 ipsum
796 1268 1031 1310 ostenditur
1046 1267 1222 1317 ratione,
1240 1266 1341 1319 quia

311 1340 385 1380 ubi
405 1341 632 1393 quantitas,
654 1341 714 1380 ibi
731 1341 912 1381 totalitas
932 1343 972 1380 et
991 1339 1212 1391 integritas
1233 1353 1241 1378 :
1267 1338 1339 1378 sed

310 1411 354 1451 in
370 1411 526 1452 divinis
547 1415 609 1453 est
627 1413 838 1465 quantitas
851 1411 1021 1452 virtutis
1038 1424 1047 1451 :
1065 1423 1169 1463 ergo
1192 1410 1339 1451 saltem

312 1484 551 1525 seeundum
571 1485 686 1526 illam
701 1488 740 1526 et
754 1485 991 1538 integritas,

367 1558 405 1595 3.
428 1555 547 1607 Item,
570 1557 644 1597 ubi
661 1557 894 1610 pluralitas,
911 1557 968 1596 ibi
982 1556 1218 1608 integritas,
1239 1554 1341 1608 quia

312 1627 455 1668 omnis
479 1628 697 1681 pluralitas
722 1631 883 1669 constat
910 1641 963 1668 ex
984 1627 1221 1668 unitatibus
1241 1642 1249 1666 :
1270 1626 1341 1666 sed

311 1698 357 1739 in
373 1699 455 1740 Deo
470 1703 531 1741 est
550 1700 770 1753 pluralitas
785 1734 797 1751 ,
820 1700 920 1754 quia
946 1700 1110 1740 trinitas
1138 1711 1147 1737 :
1173 1711 1276 1751 ergo
1297 1698 1342 1738 in

310 1769 396 1812 Deo
412 1774 474 1811 est
491 1771 726 1825 integritas.

366 1840 411 1882 Si
433 1842 546 1883 dieas
569 1844 681 1896 quod
706 1843 777 1884 illa
795 1842 1013 1896 pluralitas
1034 1854 1119 1882 non
1148 1841 1342 1894 integra-

312 1915 398 1963 tur,
421 1913 521 1965 quia
542 1914 649 1954 nibil
679 1915 775 1968 plus
807 1917 868 1955 θεῖ
902 1914 947 1954 in
973 1914 1110 1954 tribus
1137 1898 1342 1966 quam-in

313 1996 419 2035 uno;
450 1989 595 2027 contra
617 2002 625 2027 :
649 1987 870 2028 sitantum
891 1989 952 2027 θεῖ
976 1986 1021 2026 in
1043 1985 1178 2026 tribus
1206 1998 1341 2038 quan-

314 2058 409 2096 tum
428 2059 489 2097 est
509 2057 553 2097 in
567 2071 669 2108 una,
701 2071 806 2110 ergo
825 2060 990 2098 tantum
1010 2057 1140 2098 credit
1162 2059 1203 2097 et
1220 2068 1343 2110 aeque

312 2127 434 2179 plene
463 2128 612 2181 credit,
649 2130 723 2182 qui
752 2129 882 2170 eredit
911 2141 1050 2169 unum
1082 2128 1221 2169 solum
1254 2140 1343 2168 esse

312 2199 577 2252 suppositum
593 2233 604 2251 ,
640 2200 748 2241 sieut
777 2201 852 2254 qui
871 2200 1000 2241 credit
1026 2203 1111 2240 tres
1140 2212 1227 2240 esse
1248 2212 1342 2253 per-

313 2281 437 2309 sonas
458 2284 467 2310 :
487 2270 559 2311 sed
577 2271 657 2312 hoo
676 2274 737 2312 θεῖ
755 2272 909 2312 falsum
931 2271 982 2325 (a)
1009 2286 1017 2312 2
1042 2283 1160 2324 ergo,
1183 2274 1260 2312 ete.

368 2344 407 2381 4.
430 2340 534 2382 Item
549 2374 559 2391 ,
582 2343 617 2383 si
644 2343 803 2396 aliquid
834 2346 895 2384 θεῖ
925 2343 1087 2396 aequale
1108 2343 1248 2395 alicui,
1272 2356 1342 2385 eo-

314 2412 411 2452 dem
451 2413 606 2465 addito,
643 2414 784 2455 adhuc
816 2415 896 2455 erit
928 2414 1093 2467 aequale
1116 2429 1125 2455 z
1147 2427 1274 2467 ergo,
1310 2416 1344 2455 si

320 2484 480 2538 aliquid
500 2488 561 2526 est
593 2489 730 2527 totum
756 2487 807 2527 ad
827 2486 985 2539 aliquid
1004 2518 1014 2536 ,
1037 2486 1185 2527 eodem
1204 2486 1344 2528 addito

318 2556 457 2597 adhue
489 2557 568 2598 erit
600 2561 738 2599 totum
777 2572 786 2598 :
821 2558 893 2599 sed
920 2561 1000 2599 tres
1032 2561 1093 2598 est
1123 2561 1261 2598 totum
1291 2558 1344 2598 ad

317 2641 457 2669 unum
483 2644 491 2670 :
512 2642 615 2682 ergo
640 2633 724 2670 tres
743 2642 935 2683 personae
956 2630 1008 2671 ad
1037 2642 1170 2671 unam
1201 2642 1343 2683 perso-

316 2713 433 2741 nam.

372 2774 411 2814 5.
432 2772 553 2824 Item,
573 2785 698 2815 omne
719 2773 830 2827 quod
850 2773 1103 2827 praedicatur
1119 2774 1169 2815 de
1192 2773 1345 2827 aliqui-

321 2845 402 2885 bus
419 2845 562 2897 simul,
579 2849 620 2886 et
641 2846 692 2887 de
713 2845 832 2886 nullo
853 2858 926 2899 per
946 2858 1012 2897 se,
1042 2849 1103 2887 est
1122 2849 1258 2887 totum
1277 2846 1346 2886 in-

321 2918 493 2967 tegrum
519 2916 572 2957 ad
606 2916 697 2967 illa;
717 2916 829 2957 istud
857 2919 1020 2957 constat
1043 2920 1084 2958 θῖ
1105 2930 1193 2958 non
1219 2918 1347 2959 habet

318 2986 564 3028 instantiam
584 3002 593 3028 ε
615 2988 687 3029 sed
714 2987 896 3029 Trinitas
924 2988 1177 3041 praedicatur
1196 2989 1246 3030 de
1266 2989 1346 3030 tri-

320 3058 399 3099 bus
432 3060 622 3112 personis
667 3060 819 3112 simul,
845 3063 886 3101 et
920 3060 970 3101 de
1008 3060 1125 3101 nulla
1152 3073 1228 3114 per
1269 3073 1341 3102 se:

315 3142 442 3182 ergo,
464 3134 542 3172 ete.

374 3197 416 3243 6.
440 3202 559 3253 Item,
580 3217 706 3247 omne
722 3206 835 3260 quod
856 3208 1101 3248 removetur
1121 3207 1342 3261 abaliquo,

321 3274 461 3316 differt
477 3277 529 3317 ab
547 3277 617 3318 illo
636 3291 806 3330 genere,
820 3279 887 3319 vel
900 3278 1050 3332 specie,
1066 3278 1132 3320 vel
1148 3292 1342 3331 numero,

317 3347 387 3388 vel
405 3350 466 3389 est
485 3351 622 3389 totum
643 3350 694 3390 ad
712 3350 818 3391 illud
836 3365 844 3391 :
867 3350 938 3391 sed
957 3349 1140 3391 Trinitas
1156 3363 1348 3393 remove-

359 3454 428 3495 ¹Cf.
457 3456 599 3495 scotus,
630 3456 663 3486 in
687 3456 883 3497 [tepor-talis,
907 3457 917 3488 1
938 3460 1043 3497 Sent„
1060 3457 1136 3490 dist.
1150 3466 1224 3499 xix,
1243 3469 1276 3500 q.
1297 3467 1344 3499 1¹3

320 3502 434 3544 AEgid.
447 3503 584 3543 Rom.,1
605 3503 710 3542 Sent.,
725 3503 802 3535 dist.
818 3511 890 3544 XIX,
901 3505 1008 3545 princ.
1021 3507 1052 3547 2,
1068 3515 1100 3546 q.
1114 3513 1157 3547 113
1172 3506 1346 3547 Richard.,

357 3574 402 3615 (α)
425 3574 505 3607 Caet.
528 3573 609 3607 edit.
631 3576 692 3607 est.

1061 251 1473 306 SENTENTJARUM
1503 253 1600 295 LlB.
1636 254 1667 295 Ι.

1413 347 1482 384 tar
1501 358 1525 385 a
1547 345 1683 396 Patre,
1705 344 1805 398 quia
1824 343 1946 385 Pater
1964 357 2051 386 non
2071 349 2131 387 est
2147 346 2342 401 Trinitas,
2365 361 2443 390 nec

1411 414 1548 455 differt
1585 428 1742 468 genere
1764 448 1774 467 ,
1808 415 1875 456 vel
1914 416 2050 468 specie
2073 449 2083 466 ,
2123 417 2191 458 vel
2228 431 2410 461 numero
2431 434 2439 461 :

1412 497 1530 537 ergo,
1553 490 1630 527 etc.

1467 556 1618 597 Contra
1638 570 1712 610 por
1734 557 2011 598 Ambrosium
2031 558 2077 598 in
2093 558 2200 599 libro
2218 559 2269 601 de
2296 561 2442 605 Trini-

1414 630 1498 668 ῐαῑθ
1515 630 1528 651 ³
1550 642 1558 667 :
1584 644 1602 666 α
1624 628 1671 668 ln
1688 629 1844 669 (livinis
1860 629 2023 669 nullam
2043 631 2243 682 ponimus
2259 632 2443 673 totalita-

1413 700 1513 746 tem,
1547 700 1647 751 quia
1671 712 1757 741 non
1785 703 1847 741 est.
1867 700 1926 740 ibi
1944 701 2171 753 quantitas,
2193 714 2270 742 nec
2290 715 2443 744 nume-

1413 781 1526 809 rum.
1544 784 1563 805 »

1468 840 1588 891 Item,
1629 842 1791 884 ratione
1823 837 2005 893 videtur,
2045 843 2148 896 quia
2179 856 2305 885 omne
2335 845 2445 886 inte—

1414 924 1545 964 grum
1566 915 1627 952 θεῖ
1643 915 1923 967 compositum
1938 927 1990 955 ex
2009 914 2199 967 partibus
2219 929 2227 955 :
2248 915 2319 955 sed
2339 915 2446 956 Dens

1414 986 1476 1023 est
1506 996 1674 1025 summe
1705 985 1884 1038 simplex
1906 1000 1915 1024 ;
1947 998 2052 1038 ergo
2081 985 2125 1025 in
2148 984 2230 1026 Deo
2250 986 2366 1027 nulla
2385 989 2446 1027 est

1414 1055 1610 1106 totalitas,
1631 1069 1708 1097 nec
1727 1056 1948 1109 integritas
1968 1072 1976 1098 :
1997 1069 2116 1109 ergo,
2141 1059 2218 1097 etc.

1468 1127 1587 1178 Item,
1611 1128 1751 1167 omnis
1771 1141 1867 1181 pars
1886 1129 1964 1169 sub
1984 1129 2144 1169 ratione
2170 1128 2300 1181 partis
2319 1128 2447 1169 habet

1414 1210 1503 1239 esse
1537 1198 1832 1251 imperfectum
1865 1202 2058 1251 respectu
2092 1199 2244 1249 totiuS,
2274 1199 2375 1251 quia
2393 1211 2446 1239 ex

1414 1270 1628 1323 aliquibus
1649 1270 1823 1311 omnino
1851 1271 2043 1324 perfectis
2061 1283 2147 1311 non
2167 1270 2343 1311 resultat
2361 1272 2447 1310 ter-

1414 1342 1522 1382 tium
1547 1356 1554 1382 :
1578 1354 1698 1393 ergo,
1719 1353 1818 1382 eum
1838 1341 1883 1382 in
1910 1341 2065 1382 divinis
2083 1342 2191 1382 nihil
2221 1341 2447 1395 imperfec-

1413 1413 1540 1453 tionis
1559 1413 1613 1453 sit
1634 1413 1893 1466 ponendum,
1924 1425 2012 1454 non
2031 1415 2093 1453 est
2115 1413 2174 1453 ibi
2193 1425 2290 1466 pars
2310 1427 2319 1453 ε
2342 1424 2447 1465 ergo

1415 1497 1440 1525 a
1458 1484 1646 1526 relativis
1662 1497 1740 1525 nee
1756 1487 1912 1525 totum.

1470 1556 1589 1607 Item,
1612 1569 1739 1597 omne
1770 1559 1905 1597 totum
1939 1558 2002 1596 est
2032 1556 2171 1608 maJus
2200 1568 2277 1596 sua
2295 1558 2444 1609 parte:

1415 1628 1486 1669 sed
1501 1628 1574 1668 ubi
1587 1628 1791 1678 infinitas,
1807 1627 1865 1667 ibi
1881 1639 1969 1668 non
1986 1630 2048 1668 est
2061 1628 2202 1680 majus
2214 1629 2256 1667 et
2274 1627 2416 1668 minus
2436 1639 2446 1666 :

1416 1712 1519 1752 ergo
1539 1712 1616 1740 nec
1643 1699 1825 1740 totalitas
1845 1711 1855 1739 :
1884 1698 1954 1739 sed
1986 1699 2030 1738 in
2050 1698 2208 1739 divinis
2228 1701 2290 1739 est
2308 1698 2450 1739 infini-

1416 1774 1504 1812 tas:
1527 1783 1645 1824 ergo,
1667 1774 1745 1812 etc.

1472 1844 1591 1892 Item,
1620 1855 1748 1883 omne
1772 1845 1910 1883 totum
1943 1844 2005 1882 est
2032 1841 2255 1882 resolubile
2284 1841 2353 1883 vel
2380 1853 2447 1882 se-

1416 1916 1606 1956 eundum
1637 1927 1744 1965 rem,
1777 1914 1846 1955 vel
1882 1913 2120 1954 seeundum
2153 1913 2444 1954 intellectum:

1417 1991 1458 2028 et
1487 1999 1615 2028 omne
1646 1986 1872 2027 resolubile
1900 1988 1961 2026 est
1989 1985 2290 2038 corruptibile:
2325 1997 2445 2037 ergo,

1417 2071 1516 2100 cum
1543 2059 1589 2098 in
1618 2057 1701 2098 Deo
1729 2057 1834 2097 nihil
1865 2057 1917 2097 sit
1947 2056 2234 2110 corruptibile,
2263 2069 2350 2098 non
2369 2056 2448 2097 erit

1417 2130 1657 2178 resolubile,
1678 2131 1719 2170 et
1738 2128 1796 2169 ita
1815 2141 1892 2169 nee
1911 2130 2064 2169 totum.

1763 2295 2111 2338 CONCLUSIO.

1419 2403 1529 2437 Ratio
1551 2401 1682 2442 totius,
1701 2402 1812 2447 prout
1846 2399 1935 2434 dicit
1961 2399 2160 2444 perfectum
2182 2400 2289 2444 atque
2308 2397 2453 2434 absolu-

1468 2464 1541 2497 tum
1558 2488 1567 2503 ,
1593 2462 1776 2507 reperitur
1794 2461 1833 2494 in
1853 2461 1944 2502 Deo;
1964 2468 2036 2494 non
2063 2460 2182 2493 autem
2207 2461 2248 2493 ut
2271 2457 2362 2494 dicit
2382 2468 2454 2493 res-

1461 2524 1605 2568 pectum
1624 2520 1674 2555 ad
1693 2522 1832 2567 partes,
1851 2519 1907 2555 vel
1921 2519 2223 2565 compositionem.

1472 2638 1595 2692 Resp.
1629 2638 1682 2678 ad
1712 2637 1819 2689 Arg.
1852 2635 2007 2676 Totum
2035 2634 2125 2675 sive
2155 2633 2336 2675 totaliter
2364 2646 2452 2674 uno

1419 2711 1544 2752 modo
1562 2710 1715 2750 (licitur
1733 2708 1938 2759 absolute,
1963 2708 2004 2748 et
2026 2706 2084 2746 sio
2101 2707 2239 2746 totum
2259 2704 2372 2746 idem
2391 2708 2453 2746 θεῖ

1419 2782 1533 2836 quod
1558 2781 1817 2835 perfectum3
1856 2779 1938 2820 alio
1970 2777 2095 2819 modo
2129 2776 2282 2818 dieitur
2311 2779 2451 2817 totum

1418 2866 1494 2907 per
1513 2851 1874 2906 comparationem
1893 2850 1946 2892 ad
1964 2852 2141 2903 partem,
2163 2847 2278 2888 etsie
2296 2848 2451 2889 dicitur

1418 2927 1556 2966 totum
1585 2923 1699 2977 quod
1731 2923 1859 2964 habet
1887 2925 2051 2976 partem
2079 2923 2120 2962 et.
2147 2922 2327 2974 partem,
2362 2919 2452 2960 sive

1418 2999 1573 3050 partes.
1595 2994 1738 3036 Primo
1758 2994 1883 3036 modo
1907 2995 2015 3035 bene
2042 2994 2104 3034 est
2130 3003 2286 3045 ponere
2310 2990 2449 3032 totali-

1419 3070 1549 3108 tatem
1569 3067 1614 3107 in
1643 3066 1750 3117 Deo;
1771 3065 1953 3107 secundo
1971 3077 2075 3115 non,
2099 3075 2178 3104 nec
2208 3063 2337 3104 etiam
2357 3074 2451 3116 par-

1418 3138 1637 3179 tialitatem
1657 3150 1667 3178 :
1688 3150 1777 3179 non
1798 3137 2062 3185 totalitatem,
2082 3135 2182 3188 quia
2199 3134 2336 3176 aufert
2353 3134 2451 3174 sim-

1419 3210 1670 3264 plicitatem;
1719 3221 1805 3250 non
1844 3207 2162 3262 partialitatem,
2203 3206 2305 3260 quia
2344 3205 2452 3246 tollit

1419 3281 1672 3335 perfectum3
1707 3283 1923 3331 neutrum,
1956 3278 2056 3332 quia
2089 3278 2197 3320 tollit
2227 3276 2450 3330 aequalita-

1420 3356 1506 3394 tem
1526 3365 1756 3394 summam.

1421 3437 1431 3468 Ι
1451 3436 1554 3474 Seni„
1571 3436 1651 3468 (list.
1671 3445 1752 3477 xix,
1773 3445 1815 3477 q.
1836 3443 1859 3476 1,
1880 3437 1932 3466 art
1950 3435 1987 3475 33
2011 3433 2128 3475 Stepli.
2148 3433 2288 3475 Brulef„
2307 3434 2318 3466 1
2343 3434 2448 3470 Sent„

1421 3484 1497 3516 dist.
1515 3492 1588 3524 xix,
1610 3494 1643 3525 q.
1665 3492 1709 3525 113
1732 3485 1849 3516 Petrus
1864 3483 1906 3514 de
1919 3483 2110 3522 Tar-antas.³
2129 3482 2140 3513 l
2162 3482 2268 3523 Sem„
2285 3481 2362 3513 dist.
2375 3487 2448 3521 xlx,

1420 3541 1453 3574 q.
1487 3540 1547 3565 vn.
1572 3551 1614 3555 —
1636 3533 1762 3573 ²Aug.,
1784 3531 1824 3563 de
1861 3531 1967 3571 Tria„
1987 3530 2047 3562 lib.
2071 3530 2141 3570 Vl,
2162 3539 2193 3562 e.
2217 3538 2253 3572 x,
2272 3538 2308 3562 n.
2336 3531 2386 3561 12.
2407 3545 2448 3555 --

1421 3580 1435 3602 ³
1450 3580 1621 3623 Ambros„
1641 3580 1681 3612 de
1699 3579 1795 3620 Fide,
1816 3578 1873 3610 lib.
1895 3579 1928 3619 Ι,
1950 3588 1980 3610 c.
1998 3586 2044 3620 ΙΙ,
2064 3579 2166 3613 n.19.

2465 578 2604 606 Fundam.
