2613 3990
122 1065 233 1093 Funda-

92 1111 184 1133 menta

254 263 333 301 336

251 348 617 398 communicabile,
631 349 711 390 alio
723 347 1119 389 incommunicabile
1134 360 1143 386 ε
1159 358 1277 398 crgo,

252 435 350 464 cum
368 422 718 463 communicabile
739 421 787 461 sit
806 421 964 461 ratione
990 422 1081 473 ejus
1103 431 1187 472 quo
1201 421 1276 469 est,

250 493 649 535 incommunicabile
667 493 826 532 ratione
841 493 933 543 cjiis
950 491 1064 544 quod
1084 493 1158 540 est,
1175 501 1278 541 ergo

251 578 335 619 quo
359 569 419 607 θεῖ
439 569 477 606 ct
498 565 610 619 quod
631 567 691 605 est
710 564 753 603 in
775 563 928 604 divinis
945 566 1049 603 sunt
1069 575 1142 615 per
1164 562 1280 602 diffe-

250 638 457 678 rentiam:
477 637 547 677 sed
567 636 639 676 ubi
660 636 751 675 haec
770 638 868 675 sunt
887 646 961 686 per
980 633 1275 681 ditl'erentiam,

250 708 308 748 ibi
331 712 390 749 est
410 707 662 757 universale,
693 709 733 747 θῖ
754 705 1031 759 particulare:
1057 716 1175 755 ergo,
1199 707 1276 745 etc.

306 784 344 822 5.
372 782 489 831 item,
520 783 678 833 quanto
707 778 863 831 aliquid
889 778 1134 830 simplicius,
1163 779 1279 817 tanto

252 851 560 893 universalius:
583 850 653 890 sed
675 849 818 890 divina
841 849 1019 890 essentia
1042 851 1101 889 est
1122 848 1281 901 simpli-

254 924 444 964 cissima:
467 935 570 974 ergo
598 922 655 962 ibi
677 924 739 962 est
764 920 952 961 maxima
975 919 1078 960 ratio
1105 920 1281 961 univcr-

256 995 369 1035 salis.

307 1066 484 1107 Contra:
509 1065 700 1105 Boetius¹
726 1064 824 1105 dicit
853 1064 966 1118 quod
989 1076 1066 1105 nec
1091 1066 1150 1105 est
1180 1064 1281 1104 uni-

252 1137 428 1187 versale,
450 1150 527 1177 nec
546 1136 811 1190 particulare.

305 1209 430 1258 Item,
464 1209 544 1249 hoc
576 1209 717 1262 ipsum
752 1208 921 1249 videtur
962 1208 1123 1248 ratione
1137 1240 1146 1258 ,
1183 1206 1284 1260 quia

254 1280 513 1333 ubicumque
532 1283 593 1321 est
612 1280 865 1331 universale,
889 1280 946 1320 ibi
967 1283 1027 1320 est
1041 1292 1128 1320 una
1149 1280 1283 1319 forma

251 1352 595 1405 multiplicabilis,
617 1351 684 1392 vel
700 1351 1003 1404 multiplicata3
1025 1351 1069 1390 in
1084 1364 1133 1391 cu
1135 1352 1208 1403 jus
1223 1350 1284 1391 rei

249 1424 439 1477 signum,
462 1436 588 1465 omne
606 1423 720 1477 quod
739 1423 952 1475 significat
967 1422 1280 1471 universaliter,

250 1499 384 1549 potest
416 1495 511 1536 addi
549 1495 666 1536 omni
697 1494 986 1536 universali²z
1019 1494 1091 1535 sed
1122 1494 1168 1534 in
1202 1494 1284 1534 Deo

250 1579 337 1608 non
357 1570 418 1609 est
438 1581 525 1609 una
546 1569 694 1617 forma,
714 1568 781 1608 vel
804 1571 959 1608 natura
982 1566 1284 1620 multiplicabi-

249 1638 314 1689 lis,
335 1651 412 1679 nec
432 1640 722 1693 multiplicata,
740 1652 817 1679 nec
838 1639 987 1692 recipit
1000 1638 1176 1690 signum
1196 1637 1285 1677 11111-

253 1711 430 1763 versale,
452 1715 500 1752 ut
516 1712 679 1752 dicatur
697 1711 835 1752 omnis
855 1710 963 1750 Deus
984 1724 992 1750 ;
1013 1722 1132 1762 ergo,
1152 1712 1229 1750 etc.

307 1783 429 1834 ltem,
463 1783 537 1824 ubi
568 1787 629 1824 est
657 1782 922 1836 particulare,
958 1782 1014 1821 ibi
1042 1785 1103 1822 est
1132 1782 1282 1831 forma,

252 1854 320 1895 vel
346 1857 514 1904 natura,
542 1858 589 1895 ut
618 1854 687 1894 hic
714 1857 754 1894 et
780 1866 921 1894 nunc:
949 1853 1018 1893 sed
1045 1852 1189 1893 divina
1214 1866 1287 1894 na-

252 1929 363 1976 tura,
392 1925 481 1966 sive
508 1925 552 1965 in
581 1938 638 1976 se,
671 1926 758 1966 sive
785 1925 829 1965 in
859 1924 1170 1978 hypostasibus,
1199 1937 1286 1965 non

252 2001 313 2038 θεῖ
329 1997 401 2038 hic
421 2001 462 2038 et
477 2010 608 2047 nunc,
631 1997 701 2038 sed
725 2009 890 2050 semper
911 2000 950 2037 et
968 1996 1128 2049 ubique
1149 2011 1157 2037 :
1181 2008 1286 2048 ergo

252 2081 330 2110 11θο
356 2069 400 2109 111
424 2081 483 2118 εθ,
506 2081 583 2110 11θο
602 2069 648 2109 111
676 2068 976 2122 hypostasibus
996 2070 1056 2108 θεῖ
1075 2067 1133 2107 ibi
1153 2067 1286 2120 parti-

252 2142 408 2183 culare.

306 2214 432 2266 Item,
461 2215 534 2255 ubi
567 2218 628 2256 θεῖ
658 2214 913 2268 particulare
947 2217 987 2255 et
1020 2213 1283 2263 universale,

253 2287 491 2328 universale
527 2291 589 2328 θεῖ
616 2287 849 2341 simplicius
878 2286 1152 2340 particulari:
1181 2297 1285 2338 ergo

255 2370 353 2398 cum
371 2359 415 2399 in
435 2359 517 2400 Deo
532 2372 620 2400 non
636 2359 688 2400 sit
706 2359 935 2413 simplicior
949 2357 1141 2407 essentia,
1156 2370 1286 2410 quam

255 2443 448 2483 persona,
483 2431 582 2483 quia
612 2432 656 2471 in
684 2444 866 2485 persona
895 2430 1065 2471 nullum
1096 2432 1156 2470 est
1183 2429 1288 2469 acci-

255 2503 377 2553 dens,
425 2503 594 2544 nullum
643 2503 900 2557 principium
945 2502 1283 2554 constitutivum,

255 2587 372 2627 ergo,
395 2578 472 2616 etc.

309 2647 428 2699 Item,
451 2648 591 2688 omnis
605 2651 772 2700 natura,
793 2648 838 2688 in
858 2660 943 2701 qua
963 2649 1025 2688 est
1044 2646 1287 2688 universale

254 2721 295 2759 et
323 2719 595 2772 particulare,
626 2722 688 2762 est
711 2720 757 2760 in
787 2732 945 2772 genere
975 2718 1282 2759 determinato:

254 2793 294 2830 et
310 2791 451 2831 omnis
469 2791 562 2831 talis
580 2794 641 2832 est
658 2791 835 2832 limitata
853 2806 861 2832 :
890 2803 993 2844 ergo
1020 2802 1118 2832 cum
1144 2790 1288 2832 divina

254 2864 407 2903 natura
428 2862 480 2903 sit
499 2862 680 2915 infinita,
699 2866 825 2916 patet,
848 2866 925 2904 etc.

594 3029 938 3073 CONCLUSlo.

261 3137 469 3173 t'nit-ersale
497 3139 552 3174 rel
579 3140 806 3186 particulare
833 3150 905 3175 71οη
934 3139 1032 3176 cadit
1057 3142 1097 3176 in
1124 3139 1287 3182 divinis,

302 3199 389 3244 quia
409 3209 480 3234 uon
496 3201 550 3234 cst
565 3199 706 3235 additio
727 3199 775 3235 ad
792 3202 994 3243 inaceriam,
1017 3210 1078 3236 nec
1098 3201 1226 3236 tractae
1243 3198 1291 3234 ad

297 3260 459 3304 partem.

309 3365 433 3420 Resp.
455 3366 507 3407 ad
531 3367 637 3419 Arg.
654 3367 1033 3421 Adprzedictorum
1051 3367 1290 3421 intelligen-

257 3437 360 3478 tiam
379 3440 441 3479 θεῖ
465 3438 725 3491 notandum,
749 3440 862 3492 quod
886 3452 984 3481 cum
1011 3439 1116 3480 fides
1146 3441 1291 3480 nostra

256 3511 388 3561 ponat
405 3507 654 3550 Trinitatem
672 3511 712 3550 et
732 3508 943 3551 Unitatem
965 3511 1008 3551 in
1029 3510 1199 3561 divinis,
1219 3522 1291 3551 ne-

302 3591 440 3633 1ssoet.,
454 3592 493 3624 (le
515 3593 679 3626 Τι·ι’11ίῐ.-
699 3594 712 3614 2
726 3593 841 3636 Arist„
860 3593 898 3625 ‘le
919 3594 1076 3636 Izzlcrpr„
1097 3595 1185 3636 lim,
1208 3604 1237 3628 0.
1254 3602 1285 3626 v.

1019 255 1560 306 SIcNTENTIARUMLIB.
1594 257 1624 297 I.

1354 347 1533 387 cessario
1565 346 1686 399 ponit
1716 346 2057 388 convenientiam
2081 350 2122 389 et
2149 348 2379 390 distinctio-

1355 429 1470 457 nem.
1493 417 1543 458 Et
1569 418 1670 470 quia
1700 417 1995 458 convenientia
2022 430 2110 459 non
2135 421 2196 459 θεῖ
2224 419 2304 460 nisi
2334 420 2378 461 in

1353 489 1695 529 communicabili
1728 489 1923 542 pluribus
1956 492 1996 530 et
2026 491 2264 542 communi,
2295 492 2380 532 dis-

1354 559 1499 600 tinctio
1524 563 1664 601 autem
1687 573 1772 601 non
1805 563 1866 601 est
1894 561 1973 601 nisi
1996 561 2040 601 in
2061 561 2231 614 proprio
2254 564 2294 602 et
2315 562 2381 603 in-

1353 632 1722 681 communicabili,
1744 632 1977 673 necessario
2006 632 2051 672 in
2077 632 2233 673 divinis
2260 633 2382 685 poni-

1352 704 1422 742 tur
1444 703 1551 743 ratio
1573 704 1814 744 communis
1833 707 1873 744 et
1894 704 2070 757 proprii,
2092 704 2382 745 communica-

1353 773 1448 813 bilis
1469 776 1508 814 et
1526 774 1954 816 incommunicabilis.
1974 775 2054 815 Sed
2070 787 2167 815 cum
2183 775 2227 815 in
2245 774 2326 816 Deo
2344 778 2385 815 ct

1352 844 1396 884 in
1415 846 1619 886 creaturis
1639 846 1691 886 sit
1712 834 1923 887 distinctio
1944 846 2260 899 suppositorum
2275 879 2285 897 ,
2305 846 2382 886 ali-

1355 919 1418 957 ter
1441 920 1501 957 cst
1526 917 1570 957 in
1593 917 1676 958 Deo
1704 931 1832 971 quam
1856 918 1901 958 in
1927 917 2146 958 creaturis.
2170 916 2386 957 Distinctio

1360 989 1473 1028 0111111
1489 989 1806 1042 suppositorum
1824 991 1960 1042 major
1975 992 2049 1039 est,
2066 1001 2196 1042 quam
2214 988 2381 1030 distinc-

1354 1060 1412 1101 tio
1450 1060 1730 1101 accidentalis.
1769 1060 1886 1102 Unde
1920 1061 2117 1114 quamvis
2154 1061 2389 1101 innotescat

1355 1144 1430 1185 per
1451 1132 1696 1182 accidentia,
1710 1135 1854 1173 tamen
1874 1145 1960 1173 non
1978 1133 2025 1173 fit
2045 1145 2119 1186 per
2137 1131 2384 1173 accidentia.

1356 1203 1657 1244 Accidentibus
1706 1203 1822 1244 enim
1859 1202 2189 1256 circumscriptis
2210 1234 2219 1253 ,
2252 1202 2391 1243 adhuc

1357 1277 1419 1315 est
1458 1275 1698 1328 intelligere
1741 1276 1959 1329 supposita
1995 1276 2186 1328 differre3
2222 1278 2262 1317 et
2291 1287 2390 1316 cum

1357 1359 1446 1388 11011
1466 1348 1539 1387 fiat
1557 1360 1632 1401 per
1649 1347 1881 1389 accidentia
1900 1349 2215 1401 consequentia,
2228 1349 2393 1401 oportet

1358 1419 1471 1472 quod
1492 1420 1566 1459 fiat
1590 1420 1642 1460 ab
1664 1420 1831 1472 origine
1851 1419 1920 1461 vel
1940 1420 2139 1472 originali
2164 1418 2389 1473 principio.

1357 1491 1422 1531 Ab
1442 1491 1608 1544 origine
1631 1494 1706 1543 est,
1727 1492 1898 1545 quando
1917 1504 2056 1532 unum
2086 1491 2226 1532 differt
2254 1492 2306 1532 ab
2326 1491 2391 1532 al-

1359 1566 1474 1614 tero,
1497 1563 1599 1616 quia
1628 1566 1798 1604 emanat
1827 1563 1879 1604 ab
1913 1575 1990 1614 eo;
2022 1563 2134 1604 idem
2155 1563 2269 1604 enirn
2294 1576 2318 1604 a
2348 1575 2391 1604 εθ

1359 1647 1557 1675 emanare
1586 1647 1673 1676 non
1701 1637 1836 1688 potest
1857 1647 1867 1675 :
1888 1635 1983 1675 talis
2001 1634 2213 1676 distinctio
2232 1646 2392 1688 suppo-

1359 1707 1538 1747 sitorum
1556 1709 1616 1747 est
1635 1706 1680 1746 in
1701 1706 1784 1747 Deo
1803 1738 1813 1756 ,
1837 1707 1910 1748 sed
1936 1706 2016 1747 1100
2042 1718 2131 1746 11011
2149 1708 2285 1759 potest
2304 1718 2393 1747 esse

1360 1777 1403 1818 in
1423 1781 1630 1827 creatura,
1651 1778 1806 1818 scilicet
1822 1777 2033 1819 distinctio
2054 1777 2195 1818 solum
2214 1790 2290 1831 per
2307 1778 2393 1819 ori-

1360 1850 1507 1902 ginem
1530 1864 1538 1890 :
1562 1862 1662 1890 nam
1681 1849 1799 1890 nulla
1817 1852 2011 1889 creatura
2031 1851 2168 1902 potest
2188 1848 2307 1890 alteri
2328 1851 2391 1890 to·

1360 1925 1447 1962 tam
1476 1934 1599 1962 suam
1632 1921 1856 1962 essentiam
1886 1921 1999 1962 dare.
2026 1920 2069 1962 Si
2086 1932 2189 1973 ergo
2207 1921 2277 1961 dat
2295 1933 2392 1974 par-

1361 2001 1462 2047 tem,
1484 2010 1653 2038 necesse
1673 2000 1735 2038 est
1754 1998 1868 2051 quod
1887 1997 1969 2038 alia
1994 1996 2232 2038 differentia
2255 1995 2308 2036 sit
2335 1995 2394 2036 ibi

1362 2082 1491 2123 quam
1527 2069 1706 2122 originis
1733 2082 1742 2110 :
1774 2072 1814 2111 et
1849 2069 1943 2110 ideo
1977 2071 2038 2109 est
2073 2066 2312 2108 differentia
2341 2066 2394 2107 ab

1361 2141 1561 2193 originali
1599 2141 1825 2195 principio.
1876 2140 1976 2181 Haec
2025 2142 2170 2180 autem
2209 2150 2297 2179 non
2333 2140 2395 2179 est

1359 2213 1497 2254 forma
1516 2214 1562 2253 in
1589 2226 1647 2265 se,
1673 2213 1774 2267 quia
1798 2213 1898 2254 dicit
1917 2210 2290 2261 coinmunicabile3
2312 2221 2392 2250 nec

1360 2286 1538 2326 materia
1558 2285 1603 2326 in
1621 2298 1679 2335 se,
1705 2285 1805 2338 quia
1821 2284 1920 2325 dicit
1939 2283 2042 2337 quid
2063 2282 2358 2324 indistinctum
2380 2294 2389 2320 :

1361 2370 1466 2410 ergo
1490 2358 1570 2398 1100
1602 2357 1698 2398 facit
1715 2358 1852 2398 forma
1870 2359 1918 2397 ut
1937 2355 2169 2398 adveniens
2186 2353 2391 2395 materiae.

1363 2429 1470 2479 Quia
1498 2430 1613 2470 enim
1644 2429 1874 2470 adveniens
1904 2427 2093 2468 materiae
2118 2426 2270 2479 accipit
2295 2438 2393 2479 par-

1361 2506 1447 2542 tem
1463 2534 1473 2553 ,
1495 2513 1585 2542 non
1610 2499 1831 2541 materiam
1849 2532 1859 2551 ,
1887 2499 1987 2539 hinc
2018 2501 2079 2539 est
2115 2498 2229 2551 quod
2258 2497 2394 2551 ipsam

1362 2574 1612 2626 distinguit,
1634 2575 1676 2614 et
1694 2572 1831 2625 ipsam
1860 2570 2177 2623 distinguendo,
2202 2569 2330 2611 trahit
2349 2570 2394 2611 in

1362 2649 1550 2700 partem,
1584 2648 1625 2686 et
1644 2645 1865 2695 limitatur,
1899 2646 1940 2684 et
1966 2644 2013 2684 fit
2032 2643 2101 2683 hic
2120 2645 2161 2684 et
2177 2654 2294 2683 nunc
2310 2675 2320 2694 ,
2353 2645 2395 2684 et

1362 2730 1500 2759 unum
1538 2728 1720 2758 numero
1736 2748 1747 2767 ,
1788 2717 1829 2756 et
1874 2714 2142 2768 particulare.
2183 2714 2393 2764 Quoniam

1363 2802 1467 2841 ergo
1486 2788 1531 2828 in
1553 2787 1709 2830 divinis
1728 2799 1816 2827 non
1832 2788 1893 2827 est
1911 2786 2066 2827 additio
2084 2785 2136 2827 ad
2153 2785 2389 2837 materiam,

1362 2872 1441 2900 nec
1459 2859 1606 2900 tractio
1630 2859 1682 2900 ad
1711 2861 1891 2912 partem,
1915 2858 2010 2898 ideo
2030 2869 2117 2899 non
2144 2857 2253 2898 cadit
2271 2857 2316 2898 in
2333 2858 2393 2899 di-

1363 2932 1476 2974 vinis
1496 2931 1752 2982 universale,
1772 2930 1840 2971 vel
1859 2928 2126 2983 particulare,
2142 2928 2251 2969 sicut
2260 2931 2395 2970 osten-

1364 3004 1471 3045 dunt
1490 3004 1673 3045 rationes
1693 3003 1840 3044 adhoc
1862 3002 2047 3043 inductae
2064 3000 2110 3041 in
2128 3000 2394 3054 opponendo.

1420 3080 1458 3117 1.
1481 3076 1546 3117 Ad
1569 3076 1674 3117 illud
1694 3087 1798 3128 ergo
1824 3074 1938 3127 quod
1962 3074 2100 3127 primo
2129 3073 2327 3127 objicitur
2346 3073 2398 3114 de

1365 3148 1638 3199 Damascene,
1660 3147 1887 3188 dicendum
1907 3144 2019 3198 quod
2039 3144 2272 3199 improprie
2291 3144 2397 3185 dici-

1364 3223 1435 3261 tur
1454 3219 1708 3273 particulare
1728 3230 1805 3272 pro
1826 3216 2234 3257 incommunicabili.

1419 3295 1459 3333 2,
1482 3291 1546 3332 Ad
1565 3291 1667 3333 illud
1698 3290 1813 3345 quod
1842 3288 2061 3342 objicitur,
2084 3289 2198 3342 quod
2217 3288 2397 3331 univer-

1365 3364 1451 3406 sale
1467 3366 1529 3405 est
1546 3363 1658 3417 quod
1679 3362 1934 3417 praedicatur
1949 3360 2000 3402 de
2016 3360 2235 3414 pluribus3
2256 3361 2398 3403 dicen-

1366 3437 1470 3478 dum
1502 3435 1617 3489 quod
1650 3435 1731 3477 ista
1763 3436 1824 3476 est
1856 3433 1963 3475 ratio
2000 3432 2396 3475 communicabilis:

1366 3507 1618 3550 universalis
1653 3509 1798 3549 autem
1834 3517 1920 3547 non
1952 3507 2014 3546 est
2049 3505 2132 3546 nisi
2164 3504 2400 3547 secundum

1367 3581 1480 3634 quod
1508 3580 1675 3623 realiter
1704 3577 1957 3631 intelligitur
1995 3577 2321 3631 multiplicatum
2354 3576 2398 3617 in
