2613 3990
109 767 182 795 Ado
207 781 217 785 -

896 252 1024 294 DIST.
1054 250 1198 292 XVIII.
1228 249 1348 291 ART.
1380 250 1410 290 Ι.
1443 250 1638 299 QUAEST.
1668 251 1698 291 Ι.

238 347 417 387 nationis
431 348 492 386 est
504 357 578 398 per
589 344 793 398 Spiritum
810 345 1001 383 sanctum
1019 355 1028 382 ι
1045 352 1163 392 ergo,
1179 342 1256 379 etc.

291 418 395 458 Item
408 450 417 468 ,
440 430 566 458 omne
583 417 764 465 donum,
786 415 831 454 in
851 416 1060 466 quantum
1080 412 1256 460 donum,

237 502 291 530 ex
305 501 447 529 amore
460 489 598 539 datur,
615 487 802 539 alioquin
816 497 901 525 non
915 484 1037 524 habet
1053 483 1258 523 rationem

238 562 335 602 doni
355 575 363 601 t
387 562 456 601 sed
476 560 656 613 Spiritus
674 560 844 598 sanctus
856 559 916 596 est
935 567 1056 595 amor
1071 553 1204 594 Patris
1221 555 1260 593 et

238 631 332 672 Filii
350 665 360 683 ,
380 636 428 673 ut
445 632 544 673 dicit
565 629 834 682 Augustinus
858 633 891 678 1,
918 630 958 668 et
986 626 1181 667 habitum
1200 629 1260 667 est

238 715 366 756 supra
388 718 397 744 z
419 715 538 755 ergo,
557 705 633 743 etc.

293 774 444 814 Contra
466 788 474 813 :
509 776 547 812 1.
570 771 648 812 Per
677 770 885 810 Isidorum
908 773 950 809 2:
976 784 995 807 «
1016 766 1158 808 Multis
1189 767 1260 807 in-

239 844 379 897 dignis
408 843 562 896 Spiritu
594 843 737 882 sancto
766 840 920 881 dantur
945 839 1054 880 dona
1078 838 1260 891 Spiritus

238 915 369 956 sancti
385 927 394 955 :
411 929 430 952 »
451 925 554 966 ergo
568 911 777 964 contingit
792 911 872 951 alia
886 911 996 952 dona
1012 910 1159 951 donari
1171 910 1260 950 sine

237 987 318 1027 hoc
339 1001 347 1027 z
369 998 472 1038 ergo
489 997 576 1025 non
595 986 656 1025 est
673 983 834 1024 donum
846 983 890 1022 in
913 995 997 1035 quo
1016 982 1160 1023 omnia
1179 981 1260 1022 alia

237 1058 462 1098 donantur.

291 1132 330 1169 2.
353 1128 456 1168 Item
476 1127 618 1180 aliqua
636 1128 736 1167 sunt
752 1127 861 1168 dona
871 1137 968 1179 quae
985 1124 1261 1178 approprian-

237 1203 308 1240 tur
333 1199 462 1250 Filio,
494 1201 647 1251 utputa
679 1201 778 1239 sunt
804 1198 875 1238 illa
899 1209 997 1250 quae
1025 1196 1179 1237 dantur
1209 1196 1261 1236 ad

236 1271 557 1312 illustrationem
571 1271 806 1311 intellectus
822 1283 832 1311 t
851 1282 968 1322 ergo,
987 1269 1021 1309 si
1031 1269 1259 1322 loquamur

235 1343 514 1396 appropriate,
528 1342 626 1383 talia
645 1342 696 1395 (a)
721 1343 830 1383 dona
849 1342 1059 1382 donantur
1073 1340 1118 1380 in
1133 1340 1256 1391 Filio,

236 1414 324 1455 sive
344 1427 418 1467 per
436 1414 606 1464 Filium,
628 1426 716 1455 non
735 1413 843 1455 dono
864 1412 977 1466 quod
1000 1415 1060 1453 θεῖ
1081 1411 1261 1465 Spiritus

235 1489 420 1526 sanctus.

290 1558 328 1598 3.
340 1557 459 1607 Item,
470 1557 599 1598 Filius
607 1557 730 1598 datus
738 1559 799 1596 θεῖ
814 1555 949 1603 nobis,
960 1567 1035 1607 per
1054 1553 1204 1594 Isaiam
1218 1556 1231 1578 ³
1249 1567 1257 1593 :

238 1629 446 1671 Parvulus
461 1632 591 1671 natus
609 1632 667 1670 est
694 1627 838 1676 nobis,
868 1626 1010 1668 Filius
1042 1625 1171 1667 datus
1200 1629 1260 1667 est

237 1702 358 1743 nubis
372 1716 386 1742 .·
401 1714 519 1753 ergo,
539 1701 573 1741 si
593 1701 716 1741 datur
734 1712 807 1754 per
826 1699 1031 1752 Spiritum
1048 1699 1259 1747 sanctum,

239 1773 406 1813 videtur
430 1772 543 1824 quod
563 1771 744 1825 Spiritus
764 1773 933 1811 sanctus
953 1769 1139 1821 aliquam
1157 1780 1261 1808 auc-

238 1845 448 1886 toritatem
468 1876 478 1894 ,
512 1844 580 1886 vel
610 1843 877 1884 influentiam
919 1842 1072 1882 habeat
1109 1841 1155 1880 in
1188 1840 1262 1880 Fi—

238 1917 344 1957 lium
375 1931 384 1957 ε
418 1917 500 1957 hoc
535 1919 679 1956 autem
714 1917 776 1955 est
810 1914 962 1954 falsum
995 1926 1004 1953 ε
1038 1925 1142 1966 ergo
1175 1925 1262 1953 non

238 1988 381 2028 omnia
395 1987 479 2028 alia
491 1987 602 2028 dona
612 1987 824 2027 donantur
835 1997 909 2038 per
923 1984 1130 2038 Spiritum
1145 1996 1262 2025 sanc-

238 2062 344 2100 tum.

290 2132 329 2170 4.
363 2129 468 2170 Item
491 2129 572 2170 hoc
605 2128 838 2169 ostenditur
866 2139 940 2180 per
968 2126 1226 2179 impossibile
1251 2140 1258 2166 :

238 2201 334 2242 Esto
350 2201 464 2254 quod
483 2201 759 2253 intelligatur,
780 2211 853 2252 per
872 2199 1142 2252 impossibile,
1166 2198 1263 2251 Spi—

238 2274 368 2314 ritum
385 2276 578 2313 sanctum
596 2285 683 2313 non
701 2284 805 2320 esse,
828 2271 966 2311 adhuc
984 2270 1105 2311 Pater
1124 2273 1165 2311 et
1192 2269 1264 2310 Fi-

237 2343 322 2384 lius
343 2344 644 2396 intelliguntur
661 2346 710 2384 ut
726 2343 932 2391 liberales,
948 2342 1137 2394 alioquin
1156 2341 1265 2381 inest

239 2415 300 2456 eis
316 2415 541 2456 liberalitas
561 2428 585 2456 a
613 2415 771 2468 Spiritu
789 2417 932 2454 sancto
945 2445 955 2460 ,
976 2413 1088 2465 quod
1109 2412 1262 2453 falsum

238 2491 328 2528 est:
352 2499 472 2539 ergo,
490 2486 525 2527 si
542 2486 841 2538 intelliguntur
868 2484 1074 2535 liberales,
1099 2496 1202 2536 ergo
1225 2486 1265 2524 θῖ

239 2559 476 2600 donatores.

294 2630 414 2681 Item,
446 2630 481 2670 si
514 2629 694 2682 Spiritus
721 2630 889 2669 sanctus
924 2630 986 2669 est
1019 2627 1180 2668 donum
1218 2627 1264 2667 in

239 2714 323 2755 quo
342 2701 424 2742 alia
442 2701 669 2750 donantur,
691 2711 794 2752 ergo
814 2699 914 2740 doni
933 2702 995 2740 est
1014 2699 1176 2740 donum
1190 2730 1199 2748 ‚
1222 2701 1263 2739 et

240 2773 477 2814 donationis
492 2775 554 2813 est
571 2772 742 2813 donatio
765 2783 775 2811 ε
797 2775 837 2812 θῖ
859 2771 894 2812 si
912 2771 992 2812 hoc
1009 2803 1018 2821 ‚
1043 2775 1185 2812 motus
1205 2775 1266 2812 est

242 2847 396 2895 motus,
415 2847 456 2885 et
471 2844 685 2885 relationis
701 2843 867 2894 relati03
882 2846 923 2884 et
935 2843 1015 2884 hoc
1029 2843 1154 2884 habet
1170 2842 1266 2883 Phi-

240 2915 439 2969 losophus
459 2919 562 2969 l‘pro
580 2915 916 2966 inconvenienti3
937 2927 1035 2955 cum
1056 2914 1170 2956 enim
1193 2915 1268 2955 de-

242 2988 426 3039 pendens
438 2999 525 3028 non
540 2987 670 3040 possit
682 2986 863 3027 alterum
875 2986 1171 3037 determinare,
1188 2986 1269 3027 erit

241 3059 299 3098 ibi
317 3071 536 3112 processus
553 3060 599 3100 in
617 3058 849 3100 infinitum.

581 3187 926 3232 CONCLUSIO.

243 3284 402 3332 Spiritus
427 3288 568 3321 sanctus
595 3289 642 3321 est
667 3286 797 3321 donum
825 3297 891 3332 quo
911 3290 1032 3323 omnia
1053 3289 1146 3324 dona
1164 3290 1266 3325 nobis

291 3344 470 3380 donantur
493 3347 658 3389 gratuita
681 3356 747 3392 per
775 3348 1090 3384 concomitantiam
1104 3376 1115 3394 ‚
1138 3352 1171 3385 et
1200 3360 1266 3395 quo

291 3406 413 3440 omnia
442 3404 535 3439 dona
570 3406 636 3440 Dei
667 3405 847 3441 donantur
876 3416 943 3452 per
979 3410 1270 3455 ememplarz'tatis

292 3475 448 3501 causam.

299 3560 420 3613 Resp.
449 3559 502 3600 ad
523 3559 628 3611 Arg.
654 3559 888 3601 Dicendum
907 3562 1021 3613 quod
1035 3594 1045 3611 ‚
1080 3575 1178 3604 cum
1199 3566 1269 3606 di-

2276 257 2351 294 307

1331 340 1440 380 citur
1451 340 1564 392 quod
1575 339 1754 392 Spiritus
1770 341 1936 379 sanctus
1951 342 2011 380 est
2024 340 2183 381 donum
2198 354 2282 395 quo
2300 343 2309 396 ιζ
2313 344 2347 395 b)

1333 411 1476 451 onmia
1505 410 1586 450 alia
1610 411 1836 458 donantur,
1871 410 2080 451 ablativus
2114 412 2190 452 iste
2218 417 2354 466 potest

1333 483 1462 533 accipi
1482 482 1703 534 dupliciter
1730 495 1739 522 ε
1761 482 1828 522 vel
1847 481 1905 522 ita
1933 482 2046 534 quod
2071 482 2178 522 dicat
2203 496 2356 526 conco-

1334 554 1592 603 mitantiam3
1616 554 1684 595 vel
1704 555 1761 594 sic
1788 554 1899 606 quod
1920 554 2028 594 dicat
2052 555 2352 597 causalitatem.

1334 625 1376 665 Si
1406 625 1514 665 dicat
1552 625 1941 676 concomitantiam,
1970 625 2027 666 sic
2059 625 2352 678 intelligendo,

1333 695 1626 736 universaliter
1639 695 1792 736 falsum
1807 698 1881 745 est,
1896 695 1996 748 quia
2009 698 2070 736 est
2081 708 2229 736 sensus
2240 697 2354 749 quod

1333 757 1459 807 detur
1481 779 1580 807 cum
1608 767 1806 807 omnibus
1837 767 1960 807 donis
1984 782 1992 808 :
2019 767 2215 820 quaedam
2241 768 2356 808 enim

1334 841 1432 879 sunt
1469 838 1578 879 dona
1611 850 1707 890 quae
1736 850 1900 891 semper
1935 841 2034 879 sunt
2064 852 2161 880 cum
2199 839 2359 892 Spiritu

1334 913 1491 959 sancto,
1521 913 1569 950 ut
1600 910 1779 950 charitas
1814 913 1855 950 et
1892 911 2095 963 sapientia
2108 923 2120 962 ;
2159 912 2356 964 quaedam

1335 994 1432 1034 quae
1452 994 1677 1034 nunquam
1697 984 1795 1022 sunt
1822 994 1920 1022 cum
1940 982 2100 1035 Spiritu
2125 986 2289 1034 sancto,
2313 987 2360 1025 ut

1334 1054 1460 1095 timor
1479 1054 1660 1104 servilis3
1687 1054 1883 1106 quaedam
1898 1066 1994 1107 quae
2014 1055 2239 1108 aliquando
2261 1058 2358 1096 sunt

1335 1138 1432 1167 cum
1453 1126 1612 1180 Spiritu
1630 1129 1788 1175 sancto,
1813 1126 2039 1179 aliquando
2058 1127 2161 1178 sine,
2179 1130 2226 1168 ut
2239 1127 2355 1179 fides,

1334 1198 1568 1250 prophetia,
1581 1200 1621 1238 et
1637 1198 1898 1251 hujusmodi.
1911 1198 1954 1239 Si
1968 1202 2111 1240 autem
2128 1199 2358 1252 particula-

1334 1269 1705 1322 riterintelligatur
1720 1270 1770 1310 de
1779 1270 1900 1310 donis
1911 1273 2085 1323 gratum
2093 1271 2356 1321 facientibus,

1335 1339 1393 1380 sic
1411 1352 1512 1381 vera
1528 1344 1602 1391 est,
1625 1344 1666 1381 et
1684 1354 1770 1382 non
1789 1341 1917 1382 habet
1936 1341 2195 1383 instantiam.
2220 1342 2360 1384 Potest

1334 1411 1489 1452 iterum
1509 1412 1718 1453 ablativus
1748 1413 1976 1465 importare
1995 1413 2296 1466 causalitatem,
2320 1417 2360 1455 et

1334 1481 1414 1522 hoc
1430 1482 1671 1535 tripliciter:
1691 1483 1759 1524 vel
1777 1484 1836 1524 ita
1854 1484 1968 1536 quod
1989 1484 2098 1525 dicat
2116 1485 2359 1538 simpliciter

1336 1554 1636 1605 causalitatem,
1654 1558 1692 1595 et
1710 1555 1755 1595 in
1773 1555 1853 1596 hoc
1883 1568 1969 1596 non
1987 1556 2265 1609 distinguitur
2283 1571 2361 1599 nec

1336 1637 1360 1665 a
1381 1623 1515 1675 Patre,
1535 1637 1614 1665 nec
1634 1637 1658 1665 a
1677 1624 1804 1676 Filio,
1831 1625 1932 1677 quia
1957 1626 2103 1666 omnia
2126 1627 2237 1668 dona
2263 1631 2362 1669 sunt

1336 1710 1360 1737 a
1379 1696 1514 1746 Patre,
1537 1699 1577 1737 et
1593 1709 1618 1737 a
1637 1696 1743 1737 Filio
1759 1729 1769 1747 ,
1802 1698 1842 1737 et
1871 1710 1895 1737 a
1924 1696 2082 1751 Spiritu
2106 1702 2274 1751 sancto;
2294 1701 2362 1741 vel

1334 1768 1393 1808 ita
1406 1770 1452 1808 ut
1465 1768 1575 1808 dicat
1587 1767 1890 1817 causalItatem,
1908 1771 1947 1809 et
1963 1770 2357 1822 subauctoritatem,

1336 1845 1377 1882 et
1392 1843 1435 1882 in
1445 1843 1526 1884 hoc
1544 1843 1820 1895 distinguitur
1833 1856 1858 1884 a
1872 1843 2007 1896 Patre,
2023 1846 2093 1886 sed
2104 1858 2190 1887 non
2200 1859 2225 1887 a
2239 1846 2360 1898 Filio,

1337 1915 1436 1968 quia
1457 1915 1592 1965 Pater,
1625 1917 1666 1955 et
1684 1927 1759 1967 per
1792 1914 1962 1963 Filium,
1994 1920 2034 1957 et
2053 1929 2127 1969 per
2158 1917 2362 1971 Spiritum

1337 1990 1545 2038 sanctum,
1566 1987 1714 2037 donat;
1733 1988 1800 2028 vel
1818 1987 1877 2028 ita
1894 1991 1941 2028 ut
1955 1989 2063 2030 dicat
2076 1991 2362 2032 causalitatem

1338 2062 1379 2099 et
1397 2059 1771 2100 subauctoritatem
1785 2062 1826 2100 et
1842 2061 2220 2113 exemplarItatem,
2243 2066 2283 2103 et
2301 2064 2360 2104 sic

1338 2131 1504 2184 proprie
1522 2130 1698 2183 Spiritui
1717 2135 1859 2172 sancto
1888 2133 2085 2173 convenit
2107 2148 2116 2174 ι
2140 2134 2227 2187 ipse
2246 2136 2360 2176 enim

1337 2202 1524 2254 procedit
1547 2214 1620 2254 per
1651 2202 1827 2242 modum
1860 2203 1985 2255 primi
2018 2203 2137 2255 doni,
2167 2205 2224 2246 ita
2246 2206 2360 2259 quod

1338 2273 1477 2313 omnis
1503 2273 1671 2314 donatio
1700 2277 1812 2314 recta
1841 2277 1881 2314 et
1907 2275 2095 2326 gratuita
2125 2279 2217 2329 post
2248 2277 2363 2318 illam

1338 2347 1413 2395 est,
1433 2347 1473 2385 et
1504 2345 1557 2384 ab
1586 2345 1657 2385 illa
1693 2345 1840 2398 accipit
1870 2346 2077 2387 rationem
2111 2347 2361 2389 donationis.

1339 2416 1662 2457 Concedendum
1677 2420 1737 2457 est
1751 2428 1854 2468 ergo
1868 2418 1981 2470 quod
2002 2417 2182 2471 Spiritus
2196 2423 2364 2460 sanctus

1339 2492 1400 2529 est
1433 2489 1594 2529 donum
1626 2501 1711 2542 quo
1748 2489 1891 2530 omnia
1927 2490 2058 2541 dona,
2090 2491 2243 2533 scilicet
2268 2504 2365 2544 gra-

1338 2560 1458 2611 tuita,
1480 2561 1692 2602 donantur
1714 2573 1787 2612 per
1806 2563 2195 2614 concomitantiam,
2220 2567 2260 2604 et
2281 2577 2364 2617 quo

1340 2633 1483 2674 omnia
1501 2633 1571 2674 Dei
1591 2634 1700 2674 dona
1713 2633 1925 2675 donantur
1944 2647 2018 2688 per
2035 2635 2367 2688 exemplaritatis

1340 2717 1526 2745 causam.

1397 2778 1433 2817 1.
1458 2776 1521 2817 Ad
1542 2776 1644 2817 illud
1673 2776 1787 2829 quod
1819 2777 2016 2829 objicitur
2040 2778 2179 2830 primo
2209 2779 2259 2820 de
2291 2779 2365 2820 Isi-

1340 2854 1458 2905 doro,
1476 2855 1565 2907 Jam
1585 2856 1698 2907 patet
1714 2854 1931 2907 responsio
1948 2886 1957 2905 ,
1978 2854 2091 2907 quod
2112 2856 2201 2909 ipse
2225 2856 2367 2910 loqui-

1340 2928 1410 2966 tur
1429 2925 1479 2966 de
1497 2925 1619 2966 bonis
1637 2925 1787 2978 gratiae
1801 2926 1933 2977 gratis
1948 2925 2070 2976 datae,
2088 2939 2177 2968 non
2193 2931 2368 2981 gratum

1340 2997 1542 3037 facientis.

1395 3070 1435 3107 2.
1461 3067 1524 3108 Ad
1542 3067 1646 3107 illud
1677 3067 1792 3119 quod
1811 3066 2008 3119 objicitur
2034 3070 2233 3121 secundo,
2255 3073 2369 3125 quod

1343 3137 1537 3190 quaedam
1549 3137 1657 3178 dona
1668 3137 1995 3190 appropriantur
2007 3138 2132 3191 Filio;
2145 3142 2368 3183 dicendum

1343 3209 1456 3261 quod
1478 3209 1529 3249 de
1554 3209 1674 3249 donis
1701 3211 1762 3249 est
1785 3208 1904 3262 loqui
1927 3210 2173 3264 dupliciter,
2201 3217 2274 3254 aut
2299 3226 2368 3254 ra-

1342 3281 1457 3322 tione
1473 3282 1508 3334 ej
1516 3294 1567 3322 us
1586 3281 1698 3334 quod
1719 3281 1885 3331 subest,
1912 3287 1988 3324 aut
2006 3285 2085 3325 sub
2107 3286 2269 3326 ratione
2289 3287 2368 3327 (lo-

1389 3376 1514 3417 1Αιις.,
1535 3375 1573 3406 cle
1601 3375 1704 3415 Trin„
1726 3375 1784 3406 lib.
1803 3377 1865 3417 VI,
1889 3386 1920 3408 c.
1938 3385 1972 3419 V,
1992 3387 2026 3410 n.
2045 3381 2075 3411 7.
2091 3397 2130 3403 —
2152 3381 2165 3402 2
2179 3381 2312 3422 Isidor.,
2331 3381 2371 3413 de

1345 3423 1480 3455 Summo
1501 3423 1606 3461 Bono,
1633 3423 1692 3454 lib.
1714 3423 1748 3464 Ι,
1769 3433 1799 3455 c.
1822 3432 1916 3466 xvn,
1937 3425 2002 3467 §a
2022 3442 2061 3449 —
2083 3427 2097 3449 ³
2117 3428 2196 3469 Isa„
2222 3436 2269 3469 lx,
2286 3431 2316 3462 6.
2331 3446 2371 3454 -

1344 3470 1484 3511 ιΑΓίεῖ.,
1501 3469 1632 3511 Phys-ic.
1648 3470 1706 3502 lib.
1724 3471 1815 3512 VIII,
1831 3474 1924 3504 cont.
1947 3474 1978 3505 9.

1388 3530 1431 3571 (α)
1447 3529 1545 3583 Ἐάίἰ.
1571 3530 1648 3561 Ven.
1672 3530 1748 3562 1751
1769 3530 1866 3562 habet
1887 3532 1964 3564 alia.
1978 3550 2018 3555 —-
2039 3532 2084 3573 (b)
2106 3534 2186 3566 Caet.
2207 3534 2286 3567 edit.
2308 3536 2370 3568 do-

1344 3587 1428 3610 num
1444 3587 1481 3610 m
1492 3586 1572 3618 quo.
