2613 3990
818 238 1067 283 DISTINCT.
1097 236 1201 277 XIX.
1233 235 1386 278 PART.
1416 235 1465 276 II.
1498 233 1616 275 ART.
1649 233 1678 273 Ι.

191 335 425 384 credibilia,
446 333 528 374 nisi
546 333 781 374 intellectus
812 331 893 372 fide
924 329 1157 370 illustretur
1176 327 1217 367 et

191 407 442 460 captivetur.

612 485 701 513 ΕΗΒ.
734 483 777 510 11.

188 561 306 603 Aliqua
317 561 450 594 differre
464 571 606 593 numero
624 570 698 602 quaa
712 560 746 591 in
759 556 1026 597 enumeratione,
1041 555 1110 586 sive
1125 563 1214 586 com-

394 610 580 651 putatione,
601 618 670 640 non
689 607 752 639 sibi
772 605 1012 647 adjunguntur.

238 692 414 734 Videtur
445 692 554 733 male
585 691 722 732 dicere
736 721 746 740 ,
769 688 869 741 quia
896 686 957 727 illi
987 688 1212 738 computa-

185 764 290 805 tioni
307 766 380 805 aut
399 764 623 817 respondet
641 761 801 815 aliquid
827 760 872 799 in
890 771 951 807 re,
983 761 1057 798 aut
1072 757 1178 797 nihil
1201 771 1209 797 :

185 834 220 873 si
237 834 396 887 aliquid
408 834 642 887 respondet,
665 844 769 884 ergo
795 843 881 871 non
904 829 1042 870 differt
1057 841 1082 869 a
1100 840 1211 881 prce-

185 905 346 946 cedenti
369 905 621 955 differentia3
645 904 679 944 si
698 902 806 943 nihil
828 901 1076 954 respondet,
1107 911 1212 951 ergo

185 976 392 1017 distinctio
411 977 499 1017 sive
512 974 769 1029 computatio
789 976 932 1015 nostra
951 984 1076 1026 super
1105 971 1212 1011 nihil

185 1049 226 1087 et
238 1059 399 1088 vanum
414 1047 589 1087 fundata
610 1048 687 1087 est.

238 1117 358 1172 Resp.
384 1118 613 1159 Dicendum
638 1117 752 1171 quod
783 1114 1088 1169 computationi
1114 1125 1213 1154 nos-

185 1191 277 1238 trae,
300 1202 397 1231 cum
417 1189 621 1230 dicimus:
655 1205 673 1228 «
694 1189 826 1238 Unus,
848 1189 946 1239 du0,
969 1190 1068 1237 tres,
1088 1201 1107 1223 ›)
1135 1185 1214 1226 ali-

185 1261 285 1314 quid
304 1261 543 1315 respondet.
575 1260 656 1302 Sed
675 1260 780 1301 illud
807 1272 894 1300 non
913 1262 974 1300 est
994 1258 1213 1299 diversitas

185 1333 437 1383 numeralis,
467 1333 540 1374 sed
570 1332 779 1373 distinctio
810 1330 1041 1384 personalis
1069 1343 1078 1370 :
1101 1330 1214 1371 unde

183 1403 229 1444 in
247 1403 401 1446 divinis
417 1416 504 1445 non
516 1403 674 1445 dicitur
691 1416 780 1444 esse
796 1415 1018 1452 numerus,
1038 1414 1116 1442 nec
1139 1401 1215 1441 dif-

184 1474 361 1516 ferentia
377 1476 614 1516 secundum
636 1487 867 1516 numerum
879 1507 888 1525 ,
905 1473 985 1514 nisi
1005 1473 1184 1513 addatur
1202 1487 1210 1513 ε

192 1561 210 1585 α
223 1547 459 1588 secundum
472 1559 705 1588 numerum
720 1557 1014 1599 personarum,
1033 1559 1051 1581 ›)
1069 1544 1142 1597 qui
1156 1543 1215 1583 di-

186 1618 242 1658 cit
260 1617 575 1659 distinctionem
591 1619 635 1658 in
649 1617 960 1671 hypostasibus,
979 1615 1123 1657 nonin
1143 1627 1216 1655 na-

186 1691 283 1730 tura
308 1702 318 1730 :
338 1690 446 1740 ideo,
469 1690 666 1743 quamvis
682 1690 874 1731 dicantur
891 1692 975 1728 tres
993 1699 1184 1741 personae
1201 1718 1211 1736 ,

187 1763 332 1802 tamen
351 1774 438 1803 non
457 1764 518 1803 est
533 1762 591 1802 ibi
610 1762 833 1812 ternarius,
856 1760 927 1802 sed
946 1759 1141 1800 Trinitas.

609 1901 700 1930 DUB.
731 1901 792 1929 111.

189 1978 272 2010 Cum
290 1980 381 2011 Deus
395 1978 524 2011 dicatur
538 1979 658 2020 trinus,
669 1988 740 2011 non
754 1982 869 2011 tamen
885 1979 985 2010 dehet
999 1978 1065 2010 dici
1081 1977 1213 2018 triplex,

241 2060 417 2103 Videtur
435 2062 572 2104 dicere
593 2066 738 2104 contra
756 2062 859 2103 illud
877 2062 990 2115 qnod
1009 2061 1186 2103 dicitur¹
1203 2077 1211 2103 :

192 2133 380 2186 Spiritus
399 2134 628 2186 sapientise
651 2138 713 2177 esc
729 2134 956 2187 multiplex
980 2146 989 2174 ε
1009 2146 1112 2186 ergo
1135 2134 1216 2175 du·-

188 2203 285 2257 plex
301 2205 369 2247 vel
394 2205 661 2259 quadruplex
685 2220 693 2246 :
716 2217 835 2258 ergo,
857 2208 935 2246 ete.

244 2275 364 2326 Item,
401 2276 585 2317 Isidorus
621 2277 722 2317 dicit
750 2281 763 2302 ²
790 2277 905 2330 quod
940 2276 1124 2318 Trinitas
1155 2278 1217 2318 est

190 2347 413 2400 multiplex
432 2350 473 2388 et
489 2348 780 2389 numerabilis.

242 2418 348 2459 Item
363 2419 526 2460 ratione
542 2419 726 2469 videtur,
745 2419 846 2473 quia
861 2432 1028 2473 pannus
1041 2433 1156 2460 unus
1172 2420 1215 2460 in

190 2491 424 2532 substantia
440 2492 678 2544 duplicatus
697 2492 854 2545 duplex
879 2492 1046 2543 dicitur,
1080 2492 1216 2545 tripli-

191 2565 308 2604 catus
324 2563 476 2617 triplex
500 2579 508 2604 :
525 2576 629 2616 ergo
643 2596 653 2615 ,
676 2564 709 2604 si
729 2577 815 2605 una
835 2567 896 2605 est
917 2565 1151 2604 substantia
1171 2564 1216 2605 in

189 2635 325 2676 tribus
343 2635 655 2689 hypostasibus,
677 2636 846 2678 videtur
861 2636 1063 2690 triplicari
1079 2636 1124 2676 in
1138 2635 1212 2687 eis,

189 2709 230 2747 et
245 2707 399 2760 triplex
414 2707 510 2748 dici.

242 2776 365 2831 Resp.
388 2778 619 2821 Dicendum
638 2780 753 2833 quod
771 2779 980 2820 distinctio
1009 2791 1216 2832 persona-

189 2862 289 2890 rum
318 2863 406 2892 non
433 2854 569 2905 potest
600 2853 831 2905 significari
855 2865 931 2906 per
957 2852 1216 2893 additionem

189 2921 361 2962 termini
383 2924 660 2965 numerabilis
692 2924 744 2964 ad
777 2924 858 2964 hoc
887 2936 1044 2965 nomen
1080 2924 1213 2974 Deus,

193 2992 272 3033 nisi
289 2993 421 3046 hujus
441 2995 625 3035 nominis
654 2996 795 3037 trinus
810 3026 819 3044 ,
847 2995 962 3047 quod
981 2995 1218 3048 specialiter

192 3063 244 3103 ad
262 3063 343 3104 hoc
359 3064 584 3107 inventum
603 3069 683 3118 est,
706 3068 752 3107 ut
772 3066 980 3117 significet
997 3066 1218 3118 pluralita-

192 3136 280 3174 tem
300 3135 345 3175 in
369 3138 596 3190 suppositis
619 3150 717 3178 cum
743 3137 905 3178 unitate
931 3137 1094 3178 formae.
1112 3137 1219 3187 Quia

195 3222 299 3263 ergo
313 3210 394 3251 hoc
409 3221 568 3250 nomen
596 3209 754 3261 triplex
785 3208 883 3249 dicit
908 3207 1218 3249 distinctionem

195 3280 438 3334 simpliciter
458 3280 504 3320 in
521 3281 702 3321 termino
717 3280 785 3321 cui
801 3279 983 3329 additur,
999 3280 1068 3321 vel
1082 3292 1222 3333 quan-

195 3355 290 3394 tum
311 3352 364 3393 ad
383 3353 587 3403 formam,
607 3352 675 3393 vel
710 3354 918 3405 quantum
945 3350 997 3391 ad
1031 3351 1220 3404 partium

196 3423 614 3477 multiplicationem3
637 3427 678 3464 et
688 3424 787 3477 quia
814 3424 860 3463 in
884 3422 967 3464 Deo
994 3435 1082 3464 non
1112 3423 1222 3464 cadit

197 3495 502 3549 multiplicatio,
524 3508 601 3536 nec
619 3499 830 3549 quantum
854 3494 906 3536 ad
928 3494 1123 3545 formam,
1146 3506 1224 3535 nec

243 3579 253 3601 ¹
269 3579 362 3621 Sap„
381 3586 448 3620 vu,
466 3555 702 3621 22.—21sid.,
722 3578 882 3620 Etymol„
910 3578 965 3610 lib.
981 3578 1061 3619 vn,
1076 3587 1149 3618 cap.
1172 3585 1220 3611 ιν.

2234 237 2310 277 333

1292 327 1503 378 quantum
1522 323 1574 363 ad
1590 324 1746 375 partes,
1777 320 1869 362 ideo
1898 322 2015 363 nullo
2037 324 2161 365 modo
2177 328 2312 378 potest

1291 396 1373 436 dici
1394 395 1561 448 triplex.

1345 467 1462 517 Quod
1482 477 1584 517 ergo
1611 464 1819 517 objicitur,
1846 464 1959 517 quod
1983 464 2136 506 dicitur
2163 467 2312 507 multi-

1290 538 1408 591 plex,
1433 536 1658 578 dicendum
1679 535 1790 588 quod
1814 535 1925 576 istud
1944 538 2006 576 est
2028 536 2186 577 dictum
2208 550 2309 578 cau-

1290 610 1445 658 saliter,
1470 607 1570 661 quia
1600 610 1660 647 est
1691 619 1816 648 causa
1855 607 2108 658 multorum,
2136 611 2177 649 et
2207 609 2309 661 quia

1289 681 1508 721 variorum
1548 679 1759 719 donorum
1791 678 2035 719 effectivum
2062 681 2122 719 est
2156 679 2311 732 princi-

1289 752 1423 804 pium,
1442 751 1489 790 in
1511 750 1666 803 quibus
1685 752 1745 790 est
1763 762 1863 790 vera
1882 749 2104 791 diversitas
2123 764 2131 790 ε
2148 762 2234 791 non
2252 751 2312 792 sic

1288 823 1334 862 in
1355 821 1556 876 personis.
1591 820 1639 861 Et
1660 821 1775 873 quod
1802 821 1901 861 dicit
1926 821 2130 871 isidorus,
2154 822 2313 875 impro-

1288 894 1377 947 prie
1416 894 1574 934 dictum
1607 894 1691 943 est,
1727 894 1767 933 et
1798 893 2098 945 exponendum
2124 896 2199 934 est.
2247 893 2312 934 Ad

1287 965 1404 1016 illud,
1428 965 1541 1018 quod
1558 964 1670 1005 idem
1698 976 1865 1016 pannus
1885 964 2037 1005 dicitur
2060 964 2286 1018 multiplex
2300 996 2310 1016 ,

1288 1036 1510 1077 dicendum
1530 1036 1640 1089 quod
1656 1047 1808 1076 verum
1823 1037 1902 1087 est3
1919 1036 1989 1076 sed
2003 1039 2146 1077 tamen
2158 1048 2313 1077 secun-

1288 1108 1391 1148 dum
1412 1108 1514 1148 alias
1529 1110 1569 1148 et
1587 1106 1688 1147 alias
1709 1110 1868 1159 partes:
1888 1110 1928 1148 et
1944 1107 2043 1160 quia
2059 1108 2103 1147 in
2123 1107 2206 1149 Deo
2220 1120 2309 1149 non

1289 1182 1350 1220 est
1372 1179 1514 1220 alietas
1531 1179 1717 1232 partium
1735 1191 1813 1220 nec
1831 1179 1992 1230 formae,
2013 1179 2106 1220 ideo
2125 1192 2211 1220 non
2232 1191 2310 1232 po-

1288 1254 1366 1292 test
1381 1252 1462 1293 dici
1480 1251 1649 1305 tripleX.

1710 1390 1799 1418 DUB.
1832 1390 1890 1418 IV.

1580 1468 1616 1498 In
1636 1467 1736 1498 rebus
1753 1467 1843 1498 enim
1862 1466 2047 1507 corporeis.

1341 1551 1518 1592 Videtur
1536 1551 1645 1591 male
1665 1550 1802 1592 dicere
1821 1550 1934 1603 quod
1952 1550 1996 1590 in
2014 1550 2142 1590 rebus
2158 1562 2312 1603 corpo-

1289 1623 1370 1663 reis
1396 1622 1490 1676 plus
1518 1622 1602 1662 sint
1626 1621 1722 1662 duae
1751 1634 1880 1674 quam
1912 1634 1999 1662 una
2030 1633 2115 1672 res,
2143 1621 2313 1663 videtur

1289 1695 1404 1736 enim
1419 1695 1630 1745 instantia,
1653 1695 1755 1747 quia
1773 1694 1886 1746 ignis
1907 1706 2004 1734 cum
2025 1694 2136 1734 ferro
2150 1706 2236 1734 non
2254 1696 2316 1734 est

1290 1767 1390 1820 quid
1411 1768 1549 1819 majus
1580 1779 1711 1819 quam
1736 1767 1898 1807 serrum
1925 1778 2000 1818 per
2019 1778 2084 1817 se,
2115 1765 2205 1807 sive
2235 1764 2315 1805 lux

1290 1852 1388 1879 cuin
1413 1851 1522 1880 aere.
1545 1838 1588 1879 Si
1604 1838 1716 1879 dicas
1744 1837 1857 1890 quod
1875 1850 1962 1878 non
1992 1840 2091 1878 sunt
2111 1849 2287 1890 corpora
2304 1868 2314 1886 ,

1289 1912 1486 1965 objicitur
1499 1911 1613 1965 quod
1632 1923 1784 1964 corpus
1804 1910 2088 1962 glorificatum
2107 1909 2235 1950 simul
2250 1912 2312 1950 est

1290 1997 1389 2025 cum
1401 1997 1484 2025 non
1489 1984 1737 2036 glorificato,
1754 1985 1794 2023 et
1808 1985 1974 2023 tantum
1984 1982 2125 2023 locum
2137 1994 2239 2023 occu
2244 1984 2315 2035 pat

1288 2069 1373 2097 non
1383 2056 1666 2109 glorificatum
1676 2067 1749 2108 per
1760 2067 1818 2106 se,
1829 2057 2039 2107 quantum
2049 2066 2147 2095 cum
2160 2054 2316 2106 glorio-

1290 2142 1335 2170 so
1353 2143 1362 2170 :
1382 2141 1485 2181 ergo
1499 2141 1585 2169 non
1597 2130 1696 2169 sunt
1705 2129 1861 2180 majUS,
1882 2126 1983 2180 quia
2001 2138 2151 2180 corpus
2168 2127 2308 2180 majUs

1291 2202 1499 2254 maiorem
1534 2202 1713 2253 occupat
1730 2199 1889 2240 Iocum.

1343 2273 1465 2326 Resp.
1488 2272 1720 2313 Dicendum
1743 2270 1855 2324 quod
1878 2269 2145 2322 Augustinus
2171 2269 2315 2322 loqui-

1290 2347 1360 2385 tur
1379 2345 1428 2386 de
1447 2344 1574 2385 rebus
1593 2342 1803 2396 corporeis
1825 2354 2008 2395 quarum
2028 2341 2228 2394 quaelibet
2253 2342 2314 2382 est

1291 2428 1444 2469 corpus
1467 2431 1475 2457 :
1499 2416 1571 2456 sed
1589 2415 1703 2467 ignis
1719 2414 1764 2454 in
1781 2414 1905 2462 ferro,
1924 2413 2001 2453 lux
2022 2413 2068 2452 in
2087 2425 2202 2463 aere,
2226 2424 2316 2453 non

1292 2492 1354 2529 est
1373 2500 1538 2541 corpus,
1555 2487 1626 2528 sed
1645 2486 1877 2540 proprIetas
1891 2485 2090 2538 corporis.
2108 2484 2316 2525 Praeterea

1289 2560 1526 2601 notandum
1546 2558 1659 2612 quod
1682 2557 1951 2610 Augustinus
1969 2569 2057 2597 non
2076 2555 2225 2609 accipit
2253 2555 2316 2595 ibi

1291 2631 1432 2684 ⁷¹12chch
1450 2631 1689 2680 extensive,
1712 2630 1784 2670 sed
1803 2629 1951 2682 accipit
1975 2629 2072 2681 plus
2101 2629 2313 2681 quantum

1291 2704 1343 2744 ad
1361 2704 1582 2746 veritatem
1600 2702 1833 2743 existentiae
1855 2734 1865 2752 ,
1887 2700 1954 2741 vel
1974 2699 2178 2740 essentiae.
2211 2697 2316 2738 Cum

1291 2776 1407 2817 enim
1445 2788 1531 2816 non
1569 2775 1621 2815 sit
1652 2786 1820 2815 summa
1859 2772 2016 2814 veritas
2058 2771 2102 2811 in
2130 2769 2319 2823 qualibet

1291 2860 1351 2899 re,
1380 2847 1475 2901 plus
1505 2850 1566 2888 est
1600 2847 1650 2887 de
1674 2846 1850 2888 veritate
1875 2841 2108 2885 existentiae
2139 2841 2184 2881 in
2215 2841 2320 2882 dua-

1291 2919 1370 2959 bus
1387 2919 1514 2959 rebus
1529 2931 1658 2971 quam
1671 2917 1717 2957 in
1736 2929 1843 2967 una,
1866 2913 2060 2968 quamvis
2075 2924 2162 2953 non
2187 2912 2240 2952 sit
2258 2911 2318 2951 ihi

1291 2991 1388 3044 plus
1407 2990 1457 3031 de
1476 2990 1696 3031 latitudine
1713 2987 1920 3030 distantiae
1937 3018 1946 3035 ,
1975 2985 2063 3026 sive
2088 2983 2319 3025 extensivae

1292 3061 1614 3114 magnitudinis,
1627 3061 1695 3102 vel
1707 3057 1945 3113 capacitatis
1955 3056 2220 3107 contentivae,
2236 3057 2316 3096 etc.

1606 3211 1928 3258 ARTICULUS
1959 3210 1994 3254 I.

1349 3349 1412 3390 Ad
1449 3345 1772 3399 intelligentiam
1805 3345 1938 3398 huJus
1973 3343 2104 3398 partis
2138 3343 2321 3395 quatuor

1298 3421 1549 3474 quaeruntur
1583 3430 1593 3458 :
1627 3417 1780 3470 primo,
1820 3419 1968 3457 utrum
2005 3415 2049 3455 in
2085 3412 2238 3456 divinis
2267 3412 2320 3454 sit

1297 3503 1453 3546 ponere
1471 3492 1608 3531 totum
1630 3487 1858 3540 integrale3
1880 3486 2079 3537 secundo,
2101 3486 2246 3525 utrum
2267 3483 2322 3524 sit

1298 3575 1454 3617 ponere
1481 3563 1619 3602 totum
1646 3559 1906 3610 universale3
1932 3557 2075 3608 tertio,
2105 3557 2251 3596 utrum
2276 3554 2322 3596 in
