2613 3990
401 462 504 494 PART.
524 469 563 493 11.
586 459 759 501 Expositio
776 460 897 491 textus.

400 509 483 540 ΛΒΤ.
512 517 535 540 1.
559 509 684 546 Quaest.
717 510 744 539 1.
772 507 821 538 An
852 506 886 537 in
910 505 1031 537 divinis
1054 506 1249 546 ponendum
1276 507 1317 539 sit

441 558 548 586 totum
567 554 741 595 integrale.

401 603 525 640 Quaest.
552 605 582 634 2.
605 604 653 634 An
676 601 777 633 etiam
795 600 829 631 in
849 599 970 631 divinis
993 600 1100 631 totum
1127 600 1316 633 universale

439 651 634 690 ponendum
653 649 705 681 sit.

399 697 523 735 Quaest.
545 699 575 728 3.
603 699 653 728 An
680 696 712 727 in
737 695 859 726 divinis
882 694 1033 735 personis
1059 696 1256 735 ponendum
1275 696 1316 728 sit

438 745 640 786 principium
660 743 861 775 universale.

398 792 522 830 Quaest.
541 794 570 824 4.
591 794 642 824 An
656 792 688 822 in
707 791 827 822 divinis
844 789 1031 822 differentia
1046 792 1232 823 secundum
1250 801 1316 824 nu-

438 849 570 872 merum
586 840 743 881 ponenda
762 839 815 870 sit.

398 888 494 920 D1sT.
515 896 570 919 xx.

398 935 570 975 Expositio
596 936 720 966 textus.

397 982 480 1013 ART.
500 990 525 1014 1.
544 983 670 1020 Quaest.
690 984 719 1012 1.
739 981 790 1012 An
808 979 842 1011 in
856 980 976 1012 divinis
995 981 1182 1021 adaequatio
1198 984 1314 1022 poten-

437 1029 491 1061 tiae
516 1029 627 1070 quoad
655 1027 864 1069 possibilium
896 1028 1128 1059 extensionem
1156 1030 1315 1069 ponenda

435 1076 488 1107 sit.

395 1124 517 1162 Quaest.
535 1125 565 1155 2.
581 1123 633 1154 An
645 1122 680 1153 in
695 1122 816 1154 divinis
835 1122 1006 1163 aequalitas
1025 1123 1135 1163 quoad
1151 1124 1312 1163 potentiae

435 1170 658 1203 intensionem
679 1171 835 1211 ponenda
853 1170 905 1202 sit.

394 1219 476 1251 ΛΒΤ.
491 1226 530 1250 11.
552 1218 676 1256 Quaest.
692 1223 723 1250 1.
739 1219 788 1249 An
801 1218 888 1249 inter
906 1218 1037 1250 divinas
1051 1228 1213 1259 personas
1227 1220 1311 1252 ordo

434 1265 476 1297 sit
495 1266 683 1306 ponendus.

394 1313 517 1351 Quaest.
535 1314 565 1344 2.
582 1314 633 1344 An
651 1313 686 1344 in
706 1313 828 1345 divinis
848 1313 889 1344 sit
907 1313 990 1344 ordo
1006 1315 1146 1344 naturae.

393 1361 490 1392 D1sr.
511 1367 583 1391 xxi.

392 1408 474 1439 ART.
502 1406 534 1439 1.‘
548 1407 671 1445 Quaest.
690 1409 722 1439 1.
750 1411 801 1438 An
819 1417 899 1439 vere
927 1408 1057 1439 dicatur
1079 1417 1086 1440 :
1105 1408 1203 1440 Solus
1223 1409 1312 1440 Deus

436 1457 485 1485 est
503 1455 612 1486 Pater.

393 1502 516 1540 Quaest.
532 1504 562 1533 2.
579 1503 629 1533 An
645 1501 746 1532 dictio
761 1502 929 1533 exclusiva
943 1511 1021 1533 vere
1036 1502 1113 1533 addi
1126 1503 1232 1542 possit
1245 1505 1310 1535 ter-

432 1549 524 1581 mino
545 1548 751 1580 substantiali
771 1559 789 1580 a
803 1554 896 1589 parte
916 1550 1099 1590 praedieati.

393 1597 474 1628 ΑΒΤ.
496 1605 536 1628 11.
561 1597 685 1634 Quaest.
703 1598 732 1626 1.
752 1597 802 1628 An
816 1597 917 1628 dictio
934 1597 1103 1628 exclusiva
1123 1597 1219 1628 Solus
1231 1607 1310 1629 vere

433 1644 572 1675 addatur
598 1644 743 1675 termino
768 1644 937 1684 personali
956 1647 1110 1685 respectu
1139 1645 1310 1684 praedicati

431 1691 572 1732 proprii.
639 1725 642 1728 ⁴

393 1739 517 1777 Quaest.
535 1740 564 1770 2.
583 1741 634 1770 An
647 1738 749 1770 dictio
769 1738 939 1770 exclusiva
955 1738 1052 1770 Solus
1069 1748 1150 1770 vere
1169 1739 1310 1771 addatur

432 1786 576 1818 termino
593 1786 761 1827 personali
779 1789 935 1826 respectu
959 1786 1131 1827 praedicati
1155 1796 1308 1819 commu-

431 1833 496 1865 nis.

392 1881 487 1912 DIST.
508 1888 597 1912 xxn.

391 1927 563 1969 Expositio
589 1929 710 1959 textus.

390 1976 517 2013 Queest.
538 1976 568 2006 1.
589 1976 640 2006 An
657 1976 746 2006 Deus
761 1974 975 2006 nominabilis
994 1975 1046 2008 sit.

391 2023 515 2061 Quaest.
542 2024 574 2054 2.
605 2025 656 2054 An
682 2023 772 2054 Deus
797 2022 920 2054 habeat
944 2031 1049 2054 uuum
1079 2031 1226 2063 nomen,
1255 2023 1307 2054 vel

430 2069 538 2108 plura.

390 2115 516 2153 Quaest.
545 2116 575 2147 3.
600 2117 652 2148 An
676 2116 792 2147 omnia
814 2116 928 2148 divina
951 2116 1090 2148 nomina
1113 2117 1307 2148 translativa

429 2161 505 2194 sint.

388 2209 515 2247 Quaest.
544 2212 574 2241 4.
604 2211 654 2241 An
680 2210 820 2241 nomina
848 2209 936 2241 dieta
964 2210 1004 2241 de
1028 2211 1099 2242 Deo
1120 2211 1306 2242 secundum

428 2256 649 2287 substantiam
664 2256 829 2288 dicantur.

387 2303 482 2333 Disr.
502 2310 606 2334 xxm.

386 2350 558 2390 Expositio
578 2351 700 2381 textus.

385 2397 466 2428 ΛΒΤ.
487 2405 514 2429 1.
540 2397 666 2434 Quaest.
694 2399 722 2429 1.
745 2398 796 2428 An
813 2406 939 2429 nomen
958 2406 1113 2437 personae
1132 2398 1174 2430 ad
1193 2399 1305 2431 divina

424 2444 599 2476 transferri
617 2445 749 2476 debeat.

384 2491 508 2530 Quaest.
533 2495 562 2524 2.
586 2493 637 2523 Α1]
662 2492 697 2523 11]
722 2492 841 2523 divinis
860 2491 999 2524 nomine
1025 2492 1219 2525 substantiae
1234 2517 1244 2533 ,
1271 2496 1304 2525 et

424 2539 648 2571 subsistentiae
668 2539 831 2571 utendum
850 2539 903 2570 sit.

383 2586 508 2624 Quaest.
529 2587 559 2619 3.
589 2588 641 2619 An
663 2587 699 2618 in
719 2586 841 2618 divinis
864 2587 1003 2619 nomine
1028 2588 1182 2620 essentiae
1201 2591 1302 2621 uten-

423 2634 504 2665 dum
523 2634 577 2665 sit.

382 2681 464 2714 ART.
485 2689 526 2713 11.
555 2682 680 2720 Quaest.
700 2684 732 2713 1.
752 2683 804 2713 An
821 2690 950 2713 nomen
977 2682 1171 2715 substantiae
1190 2683 1224 2715 in
1250 2684 1300 2716 di-

422 2728 510 2761 vinis
527 2732 735 2762 numeretur.

381 2776 507 2815 Quaest.
526 2779 558 2809 2.
585 2778 636 2808 An
653 2786 780 2809 nomen
802 2776 954 2808 essentiae
977 2776 1012 2808 in
1033 2776 1154 2808 divinis
1182 2787 1298 2811 nume-

420 2826 526 2856 retur.

380 2871 505 2910 Quaest.
524 2872 555 2903 3.
573 2872 625 2904 An
643 2871 804 2904 catholice
825 2871 937 2904 dicere
959 2871 1072 2913 plures
1089 2873 1178 2905 Deos
1193 2875 1297 2914 possi-

418 2928 507 2951 mus.

378 2967 475 2999 D1sr.
492 2973 590 2999 xxrv.

377 3014 551 3054 Expositio
574 3016 698 3046 textus.

377 3062 460 3093 ART.
481 3070 506 3094 1.
528 3062 652 3100 Quaest.
672 3065 702 3094 1.
719 3063 770 3094 An
785 3071 913 3094 nomen
928 3062 1005 3101 hoc,
1026 3063 1123 3104 Unus,
1137 3064 1294 3106 positive,

417 3109 470 3140 vel
490 3109 655 3149 privative
672 3110 801 3141 dicatur
820 3110 854 3141 in
868 3109 1002 3142 divinis.

377 3154 502 3193 Quaest.
533 3159 565 3188 2.
592 3158 645 3188 An
685 3158 771 3188 Unus
801 3156 835 3188 in
865 3156 985 3188 divinis
1026 3158 1212 3190 secundum
1241 3159 1316 3191 sub-

417 3203 586 3244 stantiam,
602 3203 656 3235 vel
675 3204 861 3236 seeundum
878 3204 1075 3236 relationem
1091 3205 1232 3237 dicatur.

376 3250 456 3281 ART-
473 3258 514 3283 ΙΙ.
535 3251 660 3289 Quaest.
681 3254 711 3284 1.
733 3253 784 3283 An
798 3252 937 3283 nomina
953 3262 1038 3293 pure
1056 3254 1241 3285 numeralia
1259 3255 1293 3286 in

416 3297 537 3330 divinis
551 3299 693 3339 positive
710 3299 765 3331 vel
782 3299 944 3340 privative
965 3300 1128 3332 dicantur.

375 3343 499 3381 Quaest.
520 3345 552 3376 2.
573 3346 625 3377 An
642 3346 723 3378 item
743 3346 883 3378 nomina
901 3347 1086 3379 numeralia
1112 3348 1145 3379 in
1171 3348 1293 3380 divinis

415 3392 601 3423 secundum
627 3393 859 3433 substantiam,
882 3394 936 3426 vel
957 3395 1145 3426 secundum
1161 3396 1292 3428 relatio·

413 3446 493 3469 nem
510 3434 676 3473 dicantur.

374 3485 455 3516 ΛΒΤ.
476 3493 533 3517 111.
554 3487 676 3524 Quaest.
706 3491 736 3520 1.
755 3489 806 3520 An
823 3488 965 3521 nomina
981 3490 1168 3522 numeralia
1184 3491 1290 3523 unita-

412 3533 482 3563 tem
500 3533 694 3574 importent.

373 3577 497 3616 Quaest.
517 3582 548 3612 2.
575 3584 627 3614 An
649 3583 757 3615 unitas
779 3583 959 3624 importata
974 3592 1035 3624 per
1056 3584 1121 3616 hoc
1140 3594 1286 3627 nomen,

415 3625 576 3666 Trinitas,
606 3629 661 3661 vel
691 3630 832 3670 Trinus,
857 3631 1012 3663 essentiae
1041 3631 1096 3663 vel
1125 3633 1290 3674 suppositi

411 3673 521 3705 unitas
539 3675 592 3708 sit.

1371 371 1544 414 INDEX.

1358 461 1417 492 332

1359 556 1417 587 334

1358 650 1416 680 335

1358 746 1416 776 337

1358 842 1416 871 339

1358 889 1413 918 341

1357 936 1415 966 343

1352 1695 1411 1725 357

1353 1837 1412 1866 359

1353 1883 1408 1914 361

1352 1931 1411 1961 362

1352 1977 1410 2008 364

1351 2071 1409 2102 366

1349 2166 1407 2197 368

1349 2261 1408 2291 369

1348 2308 1407 2338 372

1348 2356 1406 2386 375

1346 2449 1405 2479 377

1345 2544 1403 2576 378

1345 2639 1403 2670 379

1343 2733 1399 2766 381

1341 2829 1399 2860 383

1340 2924 1399 2955 384

1338 2972 1397 3002 385

1339 3020 1398 3051 387

1337 3115 1396 3146 388

1336 3209 1394 3239 390

1335 3446 1392 3477 393

1333 3541 1392 3573 395

1331 3683 1391 3714 396

1495 463 1588 494 DrsT.
1606 471 1687 496 xxv,

1493 510 1663 550 Expositio
1683 513 1807 544 textus.

1491 558 1571 589 ΛΒΤ.
1594 566 1617 589 1.
1640 559 1764 596 Qufest.
1787 562 1816 591 1.
1837 561 1886 591 An
1909 570 2035 592 nomen
2053 562 2203 601 Persona,
2221 563 2406 595 secundum

1531 605 1769 646 substantiam,
1790 607 1843 638 vel
1868 609 2052 640 seeundum
2078 609 2274 641 relationem
2300 610 2333 641 in
2354 610 2407 641 di-

1531 652 1616 683 vinis
1633 654 1772 685 dicatur.

1491 699 1614 736 Qufest.
1631 702 1661 731 2.
1685 702 1733 732 An
1752 711 1897 742 persona
1916 702 1957 734 sit
1981 703 2151 735 rationalis
2169 706 2297 737 naturae
2322 705 2405 737 indi-

1530 747 1640 779 viduae
1660 749 1855 781 substantia.

1490 794 1571 825 ART.
1591 804 1631 826 11.
1660 796 1783 832 Quaest.
1803 799 1834 827 1.
1863 798 1914 828 An
1934 806 2061 829 nomen
2086 800 2226 830 Persona
2249 799 2291 831 sit
2313 809 2408 831 com-

1531 851 1632 874 mune
1648 844 1803 883 personis
1820 844 1986 877 increatis.

1490 890 1612 927 Quaest⁴
1641 893 1670 921 2.
1699 892 1750 922 An
1770 901 1915 931 persona
1935 892 2078 924 univoce
2100 893 2229 925 dicatur
2256 894 2296 926 de
2318 903 2410 926 crea-

1529 937 1582 976 tis,
1603 940 1635 969 et
1653 938 1809 970 increatis
1829 940 1994 980 personis.

1489 985 1583 1016 0131.
1604 994 1699 1017 XXVI.

1491 1033 1660 1072 Expositio
1687 1036 1811 1065 textus.

1490 1079 1571 1110 ART.
1597 1088 1619 1111 1.
1651 1081 1776 1118 Quaest.
1806 1086 1835 1112 1.
1867 1083 1917 1113 An
1945 1082 1979 1113 in
2004 1082 2125 1114 divinis
2149 1083 2315 1124 ponendae
2341 1082 2408 1115 sint

1528 1127 1749 1166 proprietates
1769 1129 1974 1168 personales.

1489 1174 1613 1211 Quaest.
1628 1177 1658 1206 2.
1676 1175 1762 1212 Quid
1778 1176 1843 1207 sint
1859 1176 1891 1207 in
1913 1176 2034 1208 divinis
2049 1178 2274 1219 proprietates
2292 1186 2407 1218 perso-

1528 1221 1634 1252 nales.

1488 1268 1612 1305 Quaest.
1633 1271 1662 1300 3.
1685 1271 1734 1300 An
1753 1272 1847 1301 actus
1862 1271 2090 1311 personalium
2110 1272 2352 1312 proprietatum
2366 1271 2407 1303 sit

1527 1316 1725 1357 hypostases
1752 1317 1974 1360 distinguere,
2006 1319 2060 1350 vel
2090 1319 2260 1351 distinctas
2291 1322 2404 1351 osten-

1529 1363 1619 1395 dere.

1488 1410 1610 1448 Quaest.
1632 1413 1662 1442 4.
1692 1412 1780 1450 Quot
1804 1413 1870 1444 sint
1897 1413 2120 1454 proprietates
2147 1413 2339 1455 personales
2366 1413 2401 1445 in

1528 1458 1659 1489 divinis.

1488 1506 1582 1537 DisT.
1605 1513 1716 1538 xxvii.

1488 1554 1590 1584 PART.
1613 1561 1637 1584 1.
1660 1553 1832 1593 Expositio
1850 1556 1972 1586 textus.

1486 1600 1609 1637 Quaest.
1632 1601 1659 1629 1.
1689 1604 1739 1631 ΑΗ
1759 1610 1831 1631 esse
1850 1602 2000 1642 Patrem,
2027 1605 2059 1634 et
2082 1611 2241 1643 generare
2255 1626 2264 1642 ,
2284 1611 2352 1634 una
2371 1604 2403 1633 et

1528 1648 1646 1678 eadem
1664 1647 1758 1679 notio
1777 1649 1831 1680 sit.

1487 1695 1610 1732 Quaest.
1631 1696 1661 1725 2.
1681 1696 1731 1726 An
1754 1697 1924 1736 generatio
1942 1697 1983 1728 sit
2000 1697 2086 1729 ratio
2109 1697 2328 1738 paternitatis,
2350 1697 2403 1729 vel

1527 1751 1543 1772 e
1565 1751 1744 1773 converso.

1486 1790 1609 1827 Quaest.
1630 1791 1660 1821 3.
1679 1791 1730 1820 An
1750 1789 1938 1822 divinarum
1959 1791 2201 1832 proprietatum
2230 1793 2272 1824 sit
2294 1792 2404 1833 aliqua

1526 1836 1720 1868 abstractio.

1485 1884 1609 1921 Quaest.
1626 1886 1654 1914 4.
1678 1885 1726 1914 An
1740 1883 1840 1916 liceat
1854 1885 2020 1917 contrarie
2041 1886 2173 1927 opinari
2191 1887 2231 1918 de
2250 1886 2400 1918 notioni-

1523 1931 1598 1962 bus.

1485 1979 1587 2010 PART.
1610 1987 1649 2010 11.
1672 1979 1843 2019 Expositio
1868 1981 1991 2012 textus.

1484 2026 1608 2063 Qucest.
1631 2029 1659 2058 1.
1682 2028 1731 2057 An
1757 2026 1897 2057 Verbum
1920 2027 1954 2058 in
1986 2027 2109 2060 divinis
2140 2028 2269 2061 dicatur
2289 2038 2399 2060 essen-

1524 2073 1657 2114 tialiter,
1678 2074 1732 2104 vel
1752 2074 1978 2107 notionaliter.

1483 2120 1608 2158 Qurest.
1626 2122 1655 2152 2.
1678 2122 1728 2152 An
1745 2121 1883 2153 nomine
1902 2122 1998 2154 Verbi
2013 2122 2214 2164 importetur
2229 2126 2401 2163 respectus

1523 2168 1566 2198 ad
1583 2170 1766 2200 creaturas.

1482 2215 1606 2252 Quaest.
1628 2217 1659 2246 3.
1682 2217 1731 2247 An
1758 2216 1851 2256 prius
1875 2217 1933 2258 sit,
1954 2218 2141 2250 secuudum
2162 2218 2329 2249 rationem
2347 2218 2398 2249 in-

1521 2262 1704 2303 telligendi,
1720 2264 1881 2301 Verbum,
1899 2274 1943 2295 an
1962 2265 2136 2306 sapientia,
2155 2265 2224 2296 sive
2240 2265 2371 2296 notitia.

1481 2309 1605 2348 Quaest.
1624 2312 1655 2342 4.
1677 2312 1727 2342 An
1751 2320 1877 2343 nomen
1902 2312 1998 2344 Verbi
2025 2315 2115 2344 recte
2136 2313 2178 2344 sit
2201 2312 2399 2344 translatum

1521 2360 1563 2390 ad
1580 2360 1707 2392 divina.

1479 2407 1574 2438 DrsT.
1593 2415 1718 2438 xxvm.

1481 2454 1650 2494 Expositio
1671 2456 1794 2486 textus.

1479 2501 1605 2538 Quaest.
1632 2502 1658 2533 1.
1683 2503 1733 2533 An
1752 2502 1933 2542 lnqenitus,
1953 2503 2023 2534 sive
2043 2503 2252 2536 Innascz‘bz'lis
2278 2512 2398 2536 secun-

1519 2548 1598 2579 dum
1619 2549 1840 2581 substantiam
1857 2550 1910 2581 vel
1930 2550 2130 2582 relationem
2147 2552 2287 2583 dicatur.

1478 2595 1601 2633 Quaest.
1629 2598 1658 2628 2.
1685 2597 1736 2627 An
1756 2596 1998 2629 innascibilitas
2017 2598 2171 2630 eamdem
2198 2598 2397 2631 relationem

1517 2643 1605 2674 dicat
1624 2653 1725 2684 quam
1746 2644 1941 2683 paternitas.

1476 2690 1599 2728 Quaest.
1622 2692 1651 2722 3.
1674 2692 1725 2722 An
1744 2691 1983 2724 innascibilitas
2002 2693 2057 2724 vel
2074 2693 2256 2734 paternitas
2280 2693 2388 2725 Patris

1514 2740 1701 2780 proprietas
1718 2740 1773 2771 vel
1792 2740 1910 2772 relatio
1931 2741 1984 2772 sit.

1474 2786 1598 2823 Quaest.
1616 2788 1645 2817 4.
1666 2788 1714 2818 An
1734 2787 2045 2828 improcessibilitas
2058 2789 2144 2821 sicut
2155 2789 2396 2822 innascibilitas

1513 2834 1690 2865 notionem
1709 2834 1798 2866 dicat
1816 2835 1850 2867 in
1870 2836 1983 2867 Patre.

1474 2882 1571 2912 DIST.
1588 2889 1688 2913 xxix.

1473 2928 1644 2968 Expositio
1662 2931 1785 2961 textus.

1472 2978 1554 3007 ART.
1579 2984 1604 3008 1.
1626 2976 1749 3014 Quaest.
1773 2980 1802 3009 1.
1832 2980 1884 3009 An
1910 2987 2038 3010 nomen
2061 2978 2145 3018 hoe,
2173 2979 2402 3020 Principium,

1511 3024 1750 3066 personaliter,
1778 3025 1833 3057 vel
1857 3026 2073 3058 notionaliter
2092 3026 2200 3068 accipi
2225 3027 2331 3067 possit
2359 3028 2394 3059 in

1512 3071 1646 3103 divinis.

1471 3117 1595 3155 Quaest.
1616 3120 1645 3149 2.
1662 3119 1713 3150 An
1729 3119 1794 3151 hoc
1811 3128 1952 3160 nomen,
1970 3120 2186 3160 Principium,
2209 3121 2392 3152 essentiali-

1510 3166 1580 3205 ter,
1600 3166 1654 3197 vel
1686 3167 1904 3199 notionaliter
1919 3170 2122 3209 sumptum,
2142 3168 2285 3200 univoce
2298 3193 2309 3209 ,
2337 3168 2391 3200 vel

1509 3212 1683 3253 aequivoce
1704 3213 1846 3245 dicatur.

1468 3259 1551 3290 ART.
1572 3267 1612 3291 11.
1630 3261 1755 3298 Quaest.
1774 3264 1803 3292 1.
1820 3262 1871 3292 An
1889 3263 1987 3293 Pater
2003 3264 2036 3294 et
2055 3263 2157 3294 Filius
2173 3271 2280 3294 unum
2297 3262 2389 3303 prin-

1511 3305 1636 3346 cipium
1656 3307 1798 3347 Spiritus
1816 3309 1923 3340 sancti
1942 3309 2007 3341 dici
2026 3310 2167 3350 possint.

1468 3353 1592 3391 Quaest.
1615 3356 1645 3385 2.
1663 3356 1714 3386 An
1730 3355 1782 3387 hae
1795 3356 2044 3397 propositiones
2063 3357 2128 3388 sint
2141 3357 2357 3389 admittendas
2378 3368 2386 3389 ε

1508 3402 1607 3432 Pater
1621 3403 1654 3433 et
1670 3402 1771 3434 Filius
1789 3407 1866 3435 sunt
1884 3413 1971 3436 unus
1990 3405 2134 3445 spirator
2141 3414 2150 3444 3
2171 3405 2268 3436 Pater
2284 3407 2317 3436 et
2333 3405 2387 3437 Fi-

1505 3447 1569 3479 lius
1583 3452 1659 3480 sunt
1674 3449 1764 3481 idem
1780 3451 1980 3492 principium
1997 3451 2138 3492 Spiritus
2153 3452 2277 3492 sancti;
2289 3453 2387 3485 Pater

1507 3498 1541 3526 et
1553 3495 1653 3527 Filius
1673 3500 1750 3529 sunt
1767 3497 1970 3539 principium
1991 3498 2133 3539 Spiritus
2152 3498 2270 3530 sancti.

1465 3543 1565 3575 D1sr.
1584 3552 1669 3577 xxx.

1465 3591 1636 3631 Expositio
1662 3594 1788 3624 textus.

1464 3637 1588 3675 Quaest.
1611 3642 1641 3671 1.
1655 3641 1705 3672 An
1723 3641 1765 3673 de
1783 3642 1854 3674 Deo
1869 3650 1998 3674 nomen
2013 3641 2152 3684 aliquod
2171 3651 2213 3675 ex
2231 3644 2386 3684 tempore

1505 3685 1648 3718 dicatur.

2437 381 2513 420 555

2451 471 2512 501 397

2452 518 2508 548 401

2448 660 2509 690 403

2450 755 2509 785 406

2452 849 2510 879 409

2451 943 2507 973 411

2449 990 2509 1021 412

2451 1038 2508 1068 416

2450 1132 2508 1162 419

2449 1226 2508 1256 422

2450 1367 2507 1398 423

2449 1463 2507 1493 426

2448 1510 2506 1540 428

2447 1557 2505 1587 431

2448 1651 2506 1681 432

2447 1745 2504 1776 434

2447 1840 2504 1871 437

2444 1935 2503 1966 439

2443 1983 2500 2013 440

2444 2077 2502 2108 442

2445 2172 2503 2202 444

2443 2266 2501 2297 447

2442 2363 2502 2394 449

2442 2411 2499 2442 451

2442 2458 2501 2488 454

2441 2552 2499 2583 457

2439 2647 2498 2678 460

2438 2743 2494 2774 461

2437 2838 2496 2869 463

2438 2886 2496 2917 464

2438 2934 2497 2965 467

2437 3075 2494 3106 469

2433 3216 2489 3248 471

2433 3311 2490 3343 473

2428 3501 2487 3532 475

2429 3549 2488 3580 477

2429 3597 2489 3627 479

2427 3691 2484 3722 481
