2570 3986
893 245 1310 288 SENTEN'MARL'M
1338 243 1627 286 EXPOSITIO.
2267 244 2320 283 ⁶25

252 340 372 394 Resp.
399 339 629 381 Dicendum
660 350 669 378 :
707 337 775 377 Est
808 335 926 388 loqui
959 334 1010 375 de
1044 334 1221 375 veritate

196 411 453 465 simpliciter,
476 411 543 451 vel
560 410 610 451 de
624 408 797 450 veritate
823 409 1032 460 quantum
1050 406 1102 446 ad
1121 406 1217 454 hoc,

196 483 286 524 sive
305 483 350 523 in
364 482 546 536 speciali.
562 481 702 522 Primo
718 479 841 519 modo
855 478 1009 519 veritas
1024 480 1084 518 est
1102 477 1222 517 inex-

195 554 452 607 pugnabilis,
476 556 516 594 et
540 552 632 592 ideo
652 550 865 604 praevalet,
889 550 999 590 etsic
1018 549 1221 601 intelligi-

196 627 268 666 tur
285 625 388 666 illud
408 624 570 667 Esdroe.
589 622 659 663 Est
672 622 829 663 iterum
844 621 961 674 loqui
982 620 1032 662 de
1049 620 1224 661 veritate

196 696 380 738 secundo
402 695 526 737 modo
549 707 559 734 :
583 694 641 734 sic
661 693 868 745 contingit
882 704 977 733 eam
998 704 1074 745 per
1094 692 1221 732 ratio-

196 781 272 810 nes
299 765 579 822 phantasticas
607 764 868 814 obumbrari,
889 766 929 804 et
950 776 1025 816 per
1045 766 1222 804 conten-

196 840 356 881 tionem
385 836 645 891 impugnari.
675 835 792 877 Unde
817 835 1068 877 Ambrosius
1089 840 1117 886 ¹,
1145 848 1222 875 su—

197 924 272 965 per
284 910 387 952 illud
405 909 589 950 verbum
606 907 812 960 Apostoli,
834 907 1128 958 Contentione,
1153 907 1222 948 di—

197 982 254 1023 cit
270 996 278 1023 :
295 997 314 1021 (ι
328 980 543 1022 contentio
558 982 619 1020 est
632 979 900 1032 impugnatio
918 979 1104 1021 veritatis
1124 991 1219 1020 cum

198 1052 448 1096 confidentia
464 1052 673 1094 clamoris.
696 1065 715 1088 1)

595 1174 686 1202 DUB.
717 1173 809 1202 VIII.

285 1255 335 1287 Ex
353 1251 555 1286 testimoniis
571 1252 722 1285 veritatis
742 1252 776 1284 in
793 1254 960 1285 {eternum
981 1253 1137 1285 fundatis.

250 1340 401 1382 Contra
414 1344 428 1366 2
445 1352 455 1381 ε
481 1340 666 1382 Scieniia
682 1338 923 1383 destruetur
937 1355 951 1382 .·
966 1353 1069 1393 ergo
1083 1343 1123 1383 et
1144 1344 1222 1383 tes-

194 1411 384 1453 timonia.
510 1418 513 1420 ’

249 1483 370 1538 Resp.
401 1484 521 1534 Quod
554 1485 795 1527 testimonia
830 1485 1017 1526 veritatis
1048 1488 1148 1526 sunt
1177 1486 1221 1526 in

195 1558 401 1597 aeternum
419 1556 611 1608 fundata,
628 1557 734 1598 sicut
749 1557 901 1598 dicitur
921 1557 964 1597 in
986 1556 1151 1598 Psalmo
1172 1556 1183 1578 ³
1209 1571 1218 1597 ε

193 1628 325 1671 Initio
342 1630 520 1682 cognovi
533 1629 583 1670 cle
604 1629 860 1671 testimoniis
878 1630 979 1679 tuis,
1005 1632 1082 1669 etc.
1102 1628 1222 1677 Quod

194 1700 406 1753 objicitur,
416 1701 528 1754 quod
539 1701 710 1742 scientia
722 1701 979 1751 destruetur,
992 1701 1221 1742 dicendum

193 1772 306 1825 quod
333 1785 484 1814 verum
514 1775 575 1813 est
605 1775 816 1825 quantum
845 1773 897 1813 ad
932 1773 1107 1813 modum
1143 1773 1221 1814 do-

194 1843 329 1894 cendi,
361 1845 402 1884 et
420 1843 729 1893 considerandi,
755 1844 825 1885 sed
839 1856 926 1885 non
945 1847 1154 1896 quantum
1170 1845 1219 1886 ad

195 1915 436 1967 cognitum,
462 1917 504 1956 et
533 1915 741 1957 rationem
775 1917 1069 1967 cognoscendi.
1103 1915 1221 1957 Psal-

193 1999 289 2028 mus
307 1987 347 2028 ⁴²:
368 1987 419 2028 In
439 1990 656 2039 aeternzcm,
679 1988 868 2039 Domine,
881 1992 1104 2040 permanet
1125 2000 1221 2032 ver-

193 2057 287 2100 bum
305 2063 440 2111 tuum,
457 2062 536 2101 etc.

452 2181 695 2208 DIVISIONIS
729 2184 964 2209 CLAUSFLA.

459 2264 494 2294 ln
512 2272 578 2304 quo
600 2263 766 2305 majorum
788 2263 956 2304 exempla.

248 2349 344 2391 Haec
360 2351 421 2391 est
437 2361 535 2403 pars
552 2349 704 2390 ultima
723 2349 766 2390 in
786 2362 871 2403 qua
884 2350 1004 2403 ponit
1020 2350 1221 2403 Magister

193 2421 376 2463 rationes
393 2423 612 2462 moventes
627 2421 852 2476 discipulos
870 2422 919 2463 ad
941 2422 1216 2464 audiendum.

193 2491 245 2535 Et
261 2492 464 2535 dividitur
481 2492 575 2534 haec
593 2505 691 2547 pars
709 2493 753 2533 in
772 2496 954 2546 quatuor
973 2497 1127 2547 partes,
1151 2507 1220 2536 se-

193 2567 381 2608 cundum
400 2569 584 2620 quatuor
611 2579 708 2620 quae
733 2571 907 2609 movent
924 2568 1149 2622 discipulos
1169 2569 1221 2610 ad

193 2638 454 2680 audiendum
473 2652 482 2680 :
503 2639 588 2680 duo
607 2651 705 2692 quae
724 2641 824 2680 sunt
845 2651 898 2680 ex
928 2643 1045 2693 parte
1065 2640 1218 2694 operis,

193 2710 386 2752 videlicet
406 2710 647 2760 auctoritas,
669 2713 710 2752 et
725 2711 911 2762 utilitas3
935 2712 1018 2753 duo
1038 2724 1139 2753 vero
1168 2725 1221 2754 ex

238 2817 249 2839 ¹
274 2817 393 2850 Glossa
423 2817 457 2850 in
489 2818 579 2850 hunc
610 2818 724 2851 locum
751 2819 859 2859 Epist.
887 2819 932 2850 acl
959 2820 1062 2859 Rom„
1097 2828 1128 2860 1,
1153 2823 1217 2852 29:

196 2865 382 2908 Repletos...
403 2867 620 2898 contentione.
642 2883 677 2889 -
703 2867 716 2888 ²
735 2868 747 2899 1
774 2867 864 2906 Cor„
885 2874 971 2908 xm,
993 2869 1024 2901 8.
1039 2885 1080 2891 -
1102 2868 1218 2901 ³Psczl.

1294 336 1412 386 parte
1432 333 1631 384 docentis,
1659 332 1814 374 scilicet
1832 331 2050 373 humilitas
2070 333 2109 372 et
2127 331 2315 372 facilitas.

1296 404 1344 445 In
1374 404 1526 458 prima,
1558 407 1768 458 praeparat
1798 403 2072 451 docilitatem,
2102 402 2254 442 scilicet
2273 402 2318 442 in

1295 476 1562 526 auctoritate;
1582 475 1626 516 in
1647 476 1851 527 secunda,
1873 475 1918 515 in
1944 474 2121 515 utilitate
2149 472 2319 513 suscitat

1296 548 1582 589 attentionem.
1607 548 1655 588 In
1677 548 1843 589 duobus
1870 549 2011 587 autem
2032 544 2319 597 sequentibus,

1296 618 1450 659 scilicet
1470 619 1722 670 humilitate,
1745 622 1784 659 et
1803 618 2013 667 facilitate,
2036 617 2172 669 captat
2191 615 2320 655 hene-

1295 690 1540 731 volentiam.
1570 690 1617 731 In
1649 691 1787 744 prima
1824 689 1960 742 igitur
1989 690 2106 741 parte
2140 685 2321 727 ostendit

1297 762 1410 816 Opus
1439 775 1569 804 suum
1600 776 1687 803 esse
1718 762 2031 810 authenticum3
2064 759 2110 800 in
2139 758 2323 799 secunda

1295 834 1665 888 compendiosum,
1689 834 1748 874 ibi
1781 848 1790 874 :
1818 833 1911 875 Non
1945 832 2081 885 iyiiur
2104 830 2225 872 debet
2255 829 2324 872 hic

1296 907 1426 956 labor,
1449 909 1527 948 etc.
1551 906 1625 960 (a);
1647 906 1693 946 in
1711 905 1833 946 tertia
1859 904 2040 945 ostendit
2058 903 2234 944 modum
2254 902 2323 943 do-

1296 978 1416 1019 cendi
1436 990 1525 1020 esse
1553 978 1761 1019 humilem
1779 1010 1788 1029 ,
1810 977 1855 1017 in
1874 977 1956 1017 hoc
1982 975 2095 1029 quod
2116 974 2210 1016 vult
2232 985 2325 1015 cor-

1295 1051 1394 1103 rigi,
1433 1050 1520 1091 ibi:
1548 1051 1599 1092 In
1630 1050 1702 1092 hoc
1740 1054 1880 1092 autem
1911 1052 2111 1098 tractatu,
2149 1049 2250 1097 etc.;
2279 1046 2324 1087 in

1295 1125 1445 1177 quarta
1461 1123 1640 1164 ostendit
1654 1135 1741 1163 esse
1755 1121 1921 1162 facilem
1935 1120 1987 1160 ad
2001 1119 2322 1168 inveniendum,

1295 1197 1335 1234 et
1349 1192 1693 1243 memorandum,
1716 1191 1772 1232 ibi
1794 1205 1802 1232 :
1833 1191 1882 1233 Ut
1901 1194 2039 1233 autem
2067 1188 2180 1242 quod
2206 1199 2323 1242 quee-

1296 1267 1423 1317 ritur,
1446 1265 1619 1317 facilius
1640 1266 1822 1307 occurat.

1718 1387 1810 1415 DCB.
1838 1385 1898 1414 lx.

1602 1469 1759 1500 Liberum
1780 1469 2021 1499 correctorem.

1351 1552 1566 1602 Quaeritur
1586 1551 1687 1605 quid
1704 1551 1795 1592 vult
1809 1550 1945 1592 dicere
1965 1562 2039 1604 per
2057 1550 2138 1591 hoc
2152 1562 2322 1601 nomen,

1296 1624 1491 1667 liberum.

1353 1696 1472 1750 Hesp.
1495 1695 1743 1744 Dicendum,
1769 1695 1882 1748 quod
1906 1695 2012 1736 liber
2038 1697 2248 1736 corrector
2262 1694 2328 1735 di-

1295 1768 1405 1809 citur
1421 1768 1529 1809 sicut
1552 1768 1680 1809 homo
1697 1767 1817 1818 liber,
1833 1767 1907 1821 qui
1925 1768 1991 1808 sui
2007 1769 2175 1807 tantum
2201 1779 2326 1807 causa

1295 1843 1370 1891 est,
1391 1843 1439 1881 nt
1457 1840 1554 1881 dicit
1572 1839 1853 1893 Philosophus
1867 1843 1880 1864 ⁵
1897 1852 1907 1880 z
1927 1840 1985 1880 sic
1998 1841 2207 1880 corrector
2220 1839 2326 1879 liber

1295 1912 1461 1961 dicitur,
1483 1912 1557 1965 qui
1582 1915 1749 1953 tantum
1771 1912 1908 1965 gratia
1933 1911 2217 1960 correctionis,
2238 1924 2325 1952 non

1294 1984 1468 2026 invidiae
1498 1984 1564 2025 vel
1590 1984 1955 2035 subsannationis,
1979 1983 2169 2036 corrigit.
2202 1983 2326 2024 Hunc

1295 2056 1501 2098 desiderat
1521 2058 1715 2111 exemplo
1742 2057 2036 2110 Augustinus,
2059 2056 2133 2097 ubi
2158 2056 2255 2097 dicit
2274 2061 2287 2081 ⁵
2313 2070 2321 2096 :

1301 2143 1319 2166 «
1338 2127 1472 2181 Magis
1492 2129 1642 2170 amabo
1659 2129 1809 2183 inspici
1822 2142 1845 2170 a
1862 2128 1999 2179 rectis,
2018 2141 2150 2183 quam
2165 2128 2322 2169 timebo

1295 2200 1481 2241 morderi
1498 2214 1522 2241 a
1536 2202 1760 2255 perversis.
1778 2201 1999 2243 Gratanter
2019 2201 2132 2243 enim
2149 2200 2323 2255 suscipit

1295 2273 1491 2313 osculum
1519 2274 1814 2315 columbinum
1842 2274 2133 2328 pulcherrima
2164 2276 2205 2314 et
2233 2285 2324 2314 cas-

1295 2344 1455 2385 tissima
1474 2345 1673 2396 charitas3
1698 2346 1866 2388 dentem
1884 2359 1986 2387 vero
2007 2346 2209 2387 caninum
2230 2345 2323 2387 evi-

1295 2419 1353 2457 tat
1365 2418 1606 2459 cautissima
1625 2418 1860 2470 humilitas,
1875 2418 1944 2461 vel
1962 2418 2150 2460 retundit
2163 2417 2324 2459 solidis-

1296 2488 1402 2530 sima
1430 2490 1585 2531 veritas
1609 2491 1863 2544 :magisque
1898 2490 2050 2544 optabo
2084 2503 2109 2531 a
2138 2473 2324 2544 quolibet

1296 2562 1568 2616 reprehendi,
1592 2575 1722 2616 quam
1749 2562 1839 2604 sive
1863 2563 1916 2604 ab
1935 2564 2125 2612 errante,
2148 2561 2236 2603 sive
2270 2561 2322 2601 ab

1296 2634 1494 2675 adulante
1511 2635 1690 2676 laudari.
1711 2649 1730 2671 »

1298 2753 1404 2778 cxviii
1417 2770 1427 2785 ,
1448 2747 1516 2777 152.
1533 2762 1572 2768 ——
1589 2744 1598 2762 ⁴
1616 2743 1717 2783 Ibid„
1735 2746 1786 2777 89.
1802 2761 1841 2767 -
1855 2744 1868 2766 ⁵
1887 2743 2002 2785 Arist„
2018 2742 2165 2784 Politia,
2185 2742 2243 2775 lib.
2262 2743 2321 2784 w,

1298 2805 1326 2826 o.
1345 2803 1382 2826 11.
1395 2813 1435 2818 —
1449 2794 1462 2815 6
1480 2796 1636 2836 August„
1656 2793 1695 2825 de
1717 2794 1850 2833 Trinit„
1869 2793 1927 2824 lib.
1946 2793 1973 2824 Π
1986 2816 1997 2833 ,
2018 2801 2047 2823 c.
2070 2799 2093 2824 1.

1340 2867 1381 2907 (a)
1404 2869 1474 2900 Etc.
1495 2866 1582 2898 deest
1602 2867 1634 2898 in
1651 2865 1778 2898 caeteris
1793 2864 1872 2897 edit.
