2613 3990
276 242 352 280 ⁶282

274 327 438 368 tuosius
456 359 466 378 ,
490 330 604 367 tanto
633 327 901 380 paucioribus
927 326 1075 367 mediis
1105 325 1265 376 indiget
1286 340 1294 366 ε

275 410 392 450 ergo,
413 398 446 438 si
465 398 619 451 aliquid
637 402 697 438 est
713 397 1065 449 potentissimum,
1084 396 1200 436 nulla
1216 396 1297 436 alia

275 469 428 509 virtute
450 482 473 509 a
494 483 536 509 se
556 469 712 519 indiget
735 482 742 507 z
761 480 863 519 ergo
881 468 914 506 si
930 467 1109 520 Spiritus
1128 470 1296 508 sanctus

272 544 333 581 est
361 542 557 593 potentini
586 540 781 585 iimmtae,
817 542 858 579 et
878 539 965 592 ipse
992 543 1052 580 est
1081 539 1260 579 charitas
1284 555 1291 580 :

272 624 375 664 ergo
391 612 538 664 seipso,
560 624 643 650 non
662 610 757 660 alio,
774 610 1011 651 inflammat
1027 612 1224 651 affectum
1243 611 1294 651 ad

271 697 459 724 amorem
488 697 496 724 :
530 695 613 723 non
649 685 706 722 est
736 694 837 734 crgo
866 695 1021 735 ponere
1048 683 1293 724 charitatem

271 759 452 795 creatam
472 755 704 794 necessario
725 765 822 805 quze
843 753 895 793 sit
914 753 1099 794 habitus

324 829 361 865 ὅ.
390 825 505 873 Item,
528 825 620 877 plns
637 824 758 864 distat
779 825 914 864 virtus
933 825 1137 865 naturalis
1155 837 1179 865 a
1193 825 1290 873 Deo,

269 909 396 949 quam
426 896 621 936 voluntas
645 910 652 935 ε
685 895 753 935 sed
776 895 885 936 Deus
913 896 1061 947 dirigit
1091 897 1293 936 virtutem

270 969 505 1008 naturalem
525 980 608 1008 non
630 967 710 1007 alio
728 979 858 1019 quam
873 967 1008 1019 seipso
1025 980 1034 1006 ε
1050 979 1168 1019 ergo,
1187 968 1218 1007 si
1236 968 1292 1007 ibi

269 1052 354 1079 non
375 1040 481 1080 cadit
507 1039 718 1090 medium,
740 1051 816 1079 nec
837 1039 880 1078 in
900 1039 1118 1079 voluntate
1139 1040 1255 1080 cadet
1281 1055 1288 1080 :

266 1123 383 1163 ergo,
404 1115 481 1151 etc.

318 1188 357 1222 (ἰ.
384 1182 485 1222 Item
502 1214 512 1232 ,
535 1182 606 1222 ubi
631 1184 773 1222 movet
801 1181 938 1222 virtus
966 1182 1139 1223 motoris
1166 1183 1292 1235 primi

265 1266 431 1306 semper
451 1265 658 1306 praesens,
682 1256 721 1293 et
741 1265 826 1293 non
854 1256 1001 1305 potens
1026 1265 1167 1294 errare
1185 1286 1193 1302 ,
1215 1266 1292 1294 su-

269 1325 433 1377 perfluit
455 1325 578 1365 aliam
594 1325 796 1366 virtutem
811 1325 1104 1378 superaddere,
1121 1328 1289 1378 utputa,

264 1398 297 1436 si
330 1410 482 1437 manus
512 1400 617 1437 esset
649 1410 814 1450 semper
845 1399 1072 1450 conjuncta
1104 1399 1288 1448 temoni,

264 1480 348 1508 non
376 1472 587 1521 oporteret
612 1468 669 1507 ihi
695 1481 783 1508 esse
803 1468 929 1508 aliam
958 1468 1160 1509 virtutem
1186 1481 1196 1509 :
1221 1469 1292 1510 sed

263 1540 443 1593 Spiritus
474 1543 641 1580 sanctus
674 1543 735 1580 est
766 1540 981 1592 dirigens,
1010 1543 1051 1580 et
1083 1541 1291 1593 adjuvans

262 1613 395 1664 ipsam
414 1611 691 1662 voluntatem,
711 1615 750 1652 et
764 1614 826 1652 est
839 1613 1089 1664 conjunctus
1108 1624 1287 1665 semper,

263 1687 303 1723 et
319 1696 403 1724 non
428 1686 575 1737 potens
595 1695 735 1724 errare
758 1698 766 1723 :
790 1695 893 1735 ergo
915 1684 1137 1736 superfluit
1164 1684 1291 1724 aliam

262 1755 506 1795 charitatem
536 1767 692 1808 ponere
728 1769 736 1795 z
767 1754 838 1795 sed
869 1767 996 1795 omne
1024 1755 1290 1808 superfluum

261 1830 322 1866 est
340 1827 614 1867 resecandum
639 1841 647 1866 z
668 1839 785 1878 ergo,
809 1829 887 1866 etc.

315 1901 352 1937 7.
380 1898 483 1938 ltem
503 1898 740 1938 rationibus
759 1897 941 1950 sumptis
962 1898 1014 1938 ab
1033 1900 1128 1939 actu
1148 1902 1291 1939 osten-

261 1970 374 2009 ditur
402 1970 505 2009 illud
534 1970 668 2019 idem,
701 1969 801 2022 quia
829 1972 948 2009 actus
978 1970 1191 2010 charitatis
1230 1974 1291 2012 est

261 2042 448 2082 animam
474 2054 662 2082 recreare
684 2056 692 2082 z
723 2042 793 2082 sed
816 2053 903 2081 non
924 2042 1100 2082 minoris
1120 2043 1291 2084 virtutis

260 2117 321 2153 est
340 2126 555 2165 recreare,
583 2126 713 2167 quam
739 2126 879 2154 creare
908 2128 916 2154 z
939 2126 1044 2165 ergo
1059 2146 1068 2164 ,
1095 2114 1128 2154 si
1148 2126 1290 2155 creare

261 2186 397 2226 solum
425 2189 487 2226 est
514 2186 566 2226 ab
586 2186 769 2226 increato
790 2186 903 2238 quod
933 2188 995 2226 θεῖ
1016 2186 1193 2226 infinitas
1215 2199 1288 2239 po-

260 2258 416 2307 tentiae,
442 2270 545 2309 ergo
566 2260 606 2298 et
626 2270 815 2298 recreare
835 2272 842 2297 :
865 2258 936 2297 sed
962 2258 1042 2297 hoc
1067 2258 1289 2311 proprium

259 2333 317 2369 est
339 2330 553 2369 charitatis
577 2345 585 2370 ;
607 2342 710 2382 ergo
732 2332 792 2370 θεῖ
811 2329 1011 2370 increata.

312 2406 350 2442 8.
375 2401 495 2450 Item,
518 2402 670 2454 aliquis
691 2404 809 2441 actus
829 2401 1044 2441 charitatis
1063 2404 1123 2442 est
1139 2401 1285 2442 unire:

258 2475 328 2515 sed
348 2474 465 2514 nulla
488 2477 681 2514 creatura
701 2487 773 2526 per
799 2473 1029 2514 vanitatem
1050 2473 1200 2514 unitur
1219 2486 1288 2514 ve-

258 2547 385 2595 ritati,
406 2549 447 2587 et
466 2546 605 2587 omnis
622 2549 815 2586 creatura
833 2545 999 2586 vanitas
1021 2560 1029 2585 :
1051 2557 1155 2597 ergo
1172 2546 1289 2586 nulla

257 2622 449 2659 creatura
476 2622 537 2659 est
568 2618 757 2659 medium
784 2617 959 2658 uniendi
986 2617 1098 2658 Deo:
1124 2617 1158 2657 si
1183 2630 1287 2669 ergo

258 2691 437 2731 charitas
463 2693 524 2730 est
540 2690 729 2730 medium
749 2689 950 2738 uniendi,
981 2701 1085 2740 ergo
1111 2701 1199 2729 non
1227 2692 1288 2729 θεῖ

257 2763 434 2811 vanitas,
458 2774 535 2802 nec
556 2764 763 2802 creatura.

311 2838 350 2874 9.
370 2834 490 2884 Item,
509 2837 626 2874 actus
644 2833 858 2874 charitatis
872 2837 933 2873 est
947 2832 1286 2885 unumquodque

259 2906 448 2946 ordinate
468 2906 643 2957 diligere
669 2920 677 2945 :
699 2917 818 2957 ergo,
841 2905 875 2944 si
894 2904 1084 2945 ordinate
1109 2904 1285 2955 diligere

256 2979 317 3016 est
342 2977 517 3028 diligere
543 2977 880 3029 unumquodque
908 2976 1143 3016 secundum
1173 2976 1285 3028 quod

257 3048 335 3087 sihi
377 3049 572 3088 convenit
591 3080 600 3096 ,
635 3061 734 3089 cum
770 3048 930 3088 bonum
968 3047 1203 3088 increatum
1236 3049 1288 3088 sit

258 3120 410 3160 melius
424 3123 560 3159 creato
574 3120 617 3159 in
632 3120 862 3170 infinitum,
879 3131 982 3171 ergo
996 3120 1136 3172 ipsum
1150 3120 1288 3172 magis

259 3192 303 3232 in
324 3191 542 3231 infinitum
560 3191 762 3242 diligibile
786 3206 794 3230 :
814 3203 932 3243 ergo,
949 3191 983 3231 si
997 3191 1179 3231 charitas
1193 3192 1289 3232 facit

258 3263 393 3304 Deum
425 3262 600 3313 diligere
617 3294 627 3312 ,
656 3265 703 3302 ut
730 3263 971 3315 diligendus
995 3266 1076 3312 est,
1109 3264 1289 3304 charitas

260 3335 357 3375 facit
379 3334 513 3374 Deum
535 3334 578 3373 in
602 3333 815 3373 infinitum
834 3335 1011 3387 diligere
1044 3350 1051 3376 :
1085 3335 1156 3375 sed
1176 3336 1288 3387 quod

260 3406 347 3446 exit
378 3406 423 3445 in
456 3408 596 3445 actum
626 3405 869 3455 infinitum,
903 3410 965 3447 est
1001 3407 1217 3448 infinitum
1251 3410 1291 3448 et

259 3477 496 3517 increatum
519 3489 528 3516 :
551 3489 672 3529 ergo,
695 3479 772 3516 etc.

308 3565 313 3581 ¹
329 3564 416 3604 Hug.
433 3564 474 3595 de
496 3565 531 3597 S.
551 3563 651 3604 Vict.‚
671 3562 710 3594 de
728 3563 894 3595 Laudibus
909 3564 1099 3597 charitatis.

1024 235 1435 278 SENTENTIARUM
1465 237 1561 278 LlB.
1596 239 1626 278 I.

1425 313 1503 368 Sed
1529 331 1674 368 contra
1702 342 1710 368 :
1737 327 1924 368 Charitas
1952 330 2012 368 est
2036 329 2293 382 principium
2322 342 2390 370 re-

1370 398 1577 439 formandi
1612 400 1800 439 animam
1837 401 2044 451 quantum
2079 399 2130 439 ad
2162 401 2389 452 potentiam

1369 470 1597 510 voluntatis
1619 483 1628 510 :
1653 471 1719 511 sed
1740 471 1881 511 anima
1899 472 2110 523 qnantum
2127 471 2178 511 ad
2195 472 2296 512 alias
2315 485 2389 525 po-

1369 541 1544 592 tentias,
1577 542 1731 582 scilicet
1761 542 2010 582 irascibilem
2045 544 2085 582 et
2115 543 2388 595 rationalem,

1368 613 1621 654 reformatur
1649 626 1721 666 per
1743 615 1920 654 virtutes
1946 616 2105 654 creatas
2133 628 2142 654 t
2172 627 2274 667 ergo
2299 617 2391 668 pari

1367 684 1528 725 ratione
1547 687 1588 725 et
1607 686 1939 739 concupiscibilis
1962 701 1969 726 :
1991 686 2062 726 sed
2084 687 2119 738 ej
2129 698 2176 726 us
2194 687 2376 728 reforma

1366 756 1425 795 tio
1443 758 1505 795 est
1526 756 1706 797 charitas
1727 771 1735 797 :
1758 770 1876 809 ergo,
1896 760 1972 798 etc.

1423 826 1547 876 Item,
1570 828 1643 867 uhi
1668 830 1729 868 est
1748 828 1990 869 reformatio
2007 860 2016 877 ,
2047 828 2104 868 ihi
2136 831 2198 869 est
2226 830 2395 870 confor-

1367 899 1497 939 matio
1516 901 1556 939 et
1574 899 1815 940 informatio
1838 911 1847 939 ε
1879 903 1919 941 θῖ
1948 900 2018 940 uhi
2047 902 2107 940 θεῖ
2127 900 2393 952 informatio,

1367 970 1424 1009 ibi
1445 973 1505 1010 est
1525 971 1681 1023 aliquid
1708 971 1941 1012 informans
1962 972 2075 1024 quod
2098 984 2141 1011 se
2174 971 2301 1012 habet
2322 985 2396 1025 per

1367 1042 1543 1082 modum
1560 1042 1707 1082 forma]
1732 1057 1740 1082 :
1764 1043 1834 1083 sed
1851 1043 1991 1083 omnis
2009 1044 2145 1083 forma
2164 1043 2225 1083 rei
2246 1047 2396 1085 creatae

1366 1116 1427 1154 est
1453 1116 1604 1164 creata,
1624 1113 1734 1154 Deus
1753 1114 1867 1154 enim
1886 1115 2045 1155 nullius
2064 1117 2126 1156 θεῖ
2144 1116 2279 1155 forma
2298 1128 2396 1168 per-

1364 1185 1512 1225 ficiens
1531 1200 1540 1226 :
1563 1197 1682 1237 ergo,
1705 1188 1782 1225 etc.

1419 1256 1523 1297 Item
1539 1289 1549 1307 ,
1594 1257 1775 1297 charitas
1812 1259 1874 1297 est
1912 1257 2170 1310 principium
2205 1259 2393 1300 vivendi.

1366 1328 1483 1369 Unde
1505 1329 1630 1380 Hugo
1659 1329 1709 1369 de
1737 1328 1778 1369 S.
1809 1328 2000 1369 Victore¹
2023 1346 2031 1370 ;
2059 1344 2077 1367 «
2100 1329 2231 1380 Scito,
2253 1331 2397 1372 anima

1365 1413 1478 1451 mea,
1503 1400 1617 1452 quod
1643 1412 1763 1440 amor
1786 1402 1847 1440 est
1870 1400 1957 1440 vita
1980 1403 2055 1440 tua
2077 1415 2085 1438 :
2114 1415 2133 1438 »
2161 1401 2232 1442 sed
2259 1403 2397 1442 omnis

1364 1472 1453 1513 vita
1472 1472 1656 1512 existens
1674 1484 1750 1524 per
1770 1471 2138 1524 participationem
2158 1472 2203 1512 in
2227 1473 2369 1526 aliquo
2385 1508 2394 1525 ,

1365 1546 1426 1583 est
1445 1544 1497 1584 ab
1517 1543 1660 1595 aliquo
1678 1543 1948 1590 informante,
1972 1555 2025 1582 ex
2041 1555 2127 1595 quo
2148 1546 2187 1583 et
2203 1544 2396 1586 vivifica-

1364 1615 1446 1655 bile
1479 1615 1550 1654 fiat
1580 1627 1717 1655 unum
1748 1629 1756 1653 ;
1790 1614 1859 1654 sed
1887 1626 1941 1654 ex
1966 1613 2049 1654 Deo
2074 1616 2114 1654 θῖ
2139 1615 2283 1656 anima
2310 1629 2396 1658 non

1365 1689 1499 1739 potest
1518 1686 1609 1726 fieri
1629 1699 1763 1727 unum
1788 1701 1796 1726 2
1824 1698 1929 1737 ergo
1958 1698 2126 1726 necesse
2152 1690 2212 1727 est
2241 1699 2397 1739 ponere

1364 1758 1410 1797 in
1429 1758 1572 1798 anima
1590 1758 1776 1810 aliquam
1797 1757 2046 1798 charitatem
2073 1760 2277 1810 creatam,
2300 1772 2397 1812 quae

1365 1829 1564 1870 vivificet.

1419 1901 1538 1952 Item,
1556 1913 1681 1941 omne
1701 1901 1814 1953 quod
1832 1904 1893 1941 est
1908 1901 1953 1940 in
1971 1900 2112 1954 aliquo
2133 1901 2319 1954 possibili
2341 1903 2393 1955 (α)

1364 1973 1414 2013 ad
1427 1976 1622 2023 mortem,
1637 1975 1698 2013 θεῖ
1718 1973 1769 2013 ab
1790 1972 1839 2023 (b)
1857 1972 1929 2013 illo
1950 1985 2024 2025 per
2044 1973 2215 2026 aliquod
2228 1986 2398 2027 separa-

1363 2044 1445 2084 bile
1462 2056 1471 2084 :
1490 2044 1562 2084 sed
1582 2044 1668 2085 vita
1683 2045 1833 2097 gratiae
1848 2047 1910 2084 est
1924 2044 1968 2084 in
1983 2044 2125 2085 anima
2141 2045 2327 2098 possibili
2345 2046 2397 2086 ad

1363 2116 1635 2157 moriendum
1655 2120 1790 2156 morte
1812 2116 1947 2169 culpae
1968 2128 1977 2156 ;
1998 2128 2101 2168 ergo
2133 2129 2206 2169 per
2225 2117 2397 2170 aliquod

1364 2188 1595 2239 separabile
1625 2203 1633 2228 ι
1656 2188 1735 2228 hoc
1763 2190 1907 2228 autem
1933 2200 2020 2228 non
2049 2190 2110 2228 θεῖ
2141 2187 2273 2239 Deus,
2296 2189 2397 2241 quia

1364 2259 1622 2312 impossibile
1642 2263 1703 2300 θεῖ
1728 2260 1800 2300 Dei
1831 2259 2100 2313 praesentiam
2128 2260 2314 2312 separari
2344 2260 2397 2300 ab

1363 2330 1508 2383 aliquo
1532 2345 1539 2371 2
1565 2344 1669 2383 ergo
1690 2334 1751 2371 est
1770 2331 1929 2384 aliquid
1950 2333 2153 2372 creatum.

1418 2402 1537 2451 Item,
1557 2403 1738 2443 charitas
1752 2406 1814 2443 est
1827 2403 2086 2456 principium
2101 2402 2369 2454 gratificandi
2385 2415 2395 2443 ε

1363 2474 1434 2514 sed
1469 2475 1723 2526 gratificatio
1753 2478 1813 2515 est
1848 2476 1890 2515 id
1924 2475 1970 2515 in
2002 2487 2087 2527 quo
2119 2475 2398 2526 distinguitur

1362 2545 1502 2586 bonus
1519 2559 1543 2586 a
1570 2546 1696 2597 malo,
1718 2548 1860 2599 justus
1881 2547 1933 2587 ab
1953 2546 2099 2600 impio,
2121 2559 2207 2586 non
2227 2549 2396 2587 tantum

1361 2618 1405 2658 in
1430 2621 1548 2668 actu,
1579 2619 1650 2659 sed
1669 2619 1796 2659 etiam
1816 2620 1858 2659 in
1880 2620 2041 2671 quiete,
2064 2621 2112 2658 ut
2130 2619 2336 2671 parvulus
2356 2622 2396 2660 et

1362 2690 1531 2731 adultus
1551 2703 1560 2731 :
1583 2703 1701 2742 ergo,
1724 2703 1821 2731 cum
1843 2691 2050 2731 distinctio
2071 2703 2158 2731 non
2178 2690 2231 2730 sit
2249 2691 2349 2730 boni
2370 2703 2395 2731 a

1361 2763 1473 2802 malo
1494 2774 1568 2815 per
1582 2763 1811 2803 bonitatem
1830 2763 2075 2813 increatam,
2092 2762 2192 2815 quia
2209 2761 2280 2802 illa
2295 2774 2392 2802 om-

1360 2835 1488 2875 nibus
1506 2837 1568 2874 est
1588 2834 1843 2883 communis,
1868 2834 2048 2874 charitas
2068 2846 2150 2874 non
2172 2834 2271 2874 dicit
2290 2835 2392 2887 quid

1361 2918 1603 2946 commune.
1627 2904 1678 2944 Et
1698 2905 1874 2955 iterum,
1896 2918 1993 2946 cum
2015 2905 2221 2946 distinctio
2245 2907 2392 2958 quies-

1362 2978 1550 3018 centium
1580 2990 1667 3017 non
1688 2978 1740 3017 sit
1758 2990 1833 3030 per
1852 2981 2016 3027 actum,
2047 2976 2114 3017 vel
2137 2989 2211 3029 per
2237 2989 2390 3029 usum,

1361 3050 1432 3090 sed
1452 3049 1644 3089 habitum
1660 3081 1670 3099 ,
1693 3051 1804 3101 patet
1824 3048 1938 3101 quod
1958 3048 2137 3088 charitas
2157 3048 2254 3089 dicit
2270 3049 2394 3090 habi—

1362 3125 1455 3162 tum
1474 3123 1679 3161 creatum.

1419 3193 1522 3233 Item
1554 3193 1735 3232 charitas
1771 3194 1832 3232 est
1862 3190 2118 3244 principium
2156 3184 2348 3233 merendi
2381 3205 2391 3233 ε

1365 3265 1435 3306 sed
1450 3277 1537 3305 non
1551 3265 1651 3317 quia
1670 3265 1781 3305 bona
1796 3263 1917 3304 facim
1925 3275 1985 3313 uS,
2006 3262 2099 3303 ideo
2113 3263 2212 3304 boni
2225 3276 2389 3316 sumus,

1366 3337 1436 3377 sed
1466 3336 1606 3388 magis
1640 3350 1662 3376 e
1692 3347 1894 3376 converso
1931 3334 2111 3375 charitas
2144 3335 2262 3388 prius
2296 3336 2394 3377 facit

1367 3409 1527 3448 honum
1542 3440 1552 3456 ,
1574 3421 1704 3461 quain
1725 3407 1860 3448 eliciat
1887 3409 2028 3446 actum
2051 3421 2059 3447 ε
2083 3407 2155 3448 sed
2185 3420 2283 3448 cum
2315 3409 2392 3448 ali-

1367 3480 1462 3532 quis
1481 3480 1531 3520 de
1555 3492 1640 3520 non
1659 3480 1769 3520 bono
1789 3479 1836 3518 fit
1862 3478 1999 3518 honus
2013 3511 2022 3528 ‚
2041 3491 2208 3520 necesse
2228 3483 2288 3520 est
2315 3480 2392 3520 ali-

1409 3563 1452 3604 (a)
1474 3564 1552 3599 Caet,
1568 3563 1650 3596 edic.
1671 3562 1837 3605 possibili.
1859 3580 1900 3586 —-
1916 3562 1956 3604 (b)
1977 3562 2035 3594 At.
2055 3562 2143 3595 deest
2161 3563 2217 3595 ab.

2438 335 2553 364 Funda-

2411 382 2515 408 menta.
