<?xml version="1.0" encoding="UTF-8"?>
<!DOCTYPE html PUBLIC "-//W3C//DTD XHTML 1.0 Transitional//EN"
    "http://www.w3.org/TR/xhtml1/DTD/xhtml1-transitional.dtd">
<html xmlns="http://www.w3.org/1999/xhtml" xml:lang="en" lang="en">
 <head>
  <title>
</title>
<meta http-equiv="Content-Type" content="text/html;charset=utf-8" />
  <meta name='ocr-system' content='tesseract 3.04.00' />
  <meta name='ocr-capabilities' content='ocr_page ocr_carea ocr_par ocr_line ocrx_word'/>
</head>
<body>
  <div class='ocr_page' id='page_1' title='image "./operaomniasixtiv01bonauoft/operaomniasixtiv01bonauoft_0631.png"; bbox 0 0 2613 3990; ppageno 0'>
   <div class='ocr_carea' id='block_1_1' title="bbox 0 1440 76 3990">
    <p class='ocr_par' dir='ltr' id='par_1_1' title="bbox 0 1440 76 3990">
     <span class='ocr_line' id='line_1_1' title="bbox 0 1440 76 3990; baseline 0 0"><span class='ocrx_word' id='word_1_1' title='bbox 0 1440 76 3990; x_wconf 95' lang='lat' dir='ltr'> </span> 
     </span>
    </p>
   </div>
   <div class='ocr_carea' id='block_1_2' title="bbox 66 1920 207 1995">
    <p class='ocr_par' dir='ltr' id='par_1_2' title="bbox 66 1920 207 1995">
     <span class='ocr_line' id='line_1_2' title="bbox 99 1920 207 1956; baseline 0 -8"><span class='ocrx_word' id='word_1_2' title='bbox 99 1920 145 1948; x_wconf 88' lang='lat' dir='ltr'>Ad</span> <span class='ocrx_word' id='word_1_3' title='bbox 160 1929 207 1956; x_wconf 88' lang='lat' dir='ltr'>op—</span> 
     </span>
     <span class='ocr_line' id='line_1_3' title="bbox 66 1971 127 1995; baseline 0.016 -6"><span class='ocrx_word' id='word_1_4' title='bbox 66 1971 127 1995; x_wconf 85' lang='lat' dir='ltr'>pos.</span> 
     </span>
    </p>
   </div>
   <div class='ocr_carea' id='block_1_3' title="bbox 856 231 1695 284">
    <p class='ocr_par' dir='ltr' id='par_1_3' title="bbox 856 231 1695 284">
     <span class='ocr_line' id='line_1_4' title="bbox 856 231 1695 284; baseline -0.011 -2"><span class='ocrx_word' id='word_1_5' title='bbox 856 241 982 283; x_wconf 72' lang='lat' dir='ltr'>blST.</span> <span class='ocrx_word' id='word_1_6' title='bbox 1012 239 1190 281; x_wconf 81' lang='lat' dir='ltr'>XXXIII.</span> <span class='ocrx_word' id='word_1_7' title='bbox 1222 236 1340 278; x_wconf 73' lang='lat' dir='ltr'><strong>ART.</strong></span> <span class='ocrx_word' id='word_1_8' title='bbox 1372 235 1404 276; x_wconf 88' lang='grc' dir='ltr'>Ι.</span> <span class='ocrx_word' id='word_1_9' title='bbox 1436 232 1631 284; x_wconf 82' lang='lat' dir='ltr'><strong>QUAEST.</strong></span> <span class='ocrx_word' id='word_1_10' title='bbox 1664 231 1695 273; x_wconf 95' lang='grc' dir='ltr'>Ι.</span> 
     </span>
    </p>
   </div>
   <div class='ocr_carea' id='block_1_4' title="bbox 210 330 1236 745">
    <p class='ocr_par' dir='ltr' id='par_1_4' title="bbox 210 330 1236 745">
     <span class='ocr_line' id='line_1_5' title="bbox 210 330 1230 385; baseline -0.005 -13"><span class='ocrx_word' id='word_1_11' title='bbox 210 332 351 385; x_wconf 86' lang='lat' dir='ltr'>ipsum</span> <span class='ocrx_word' id='word_1_12' title='bbox 376 344 463 373; x_wconf 88' lang='lat' dir='ltr'>esse</span> <span class='ocrx_word' id='word_1_13' title='bbox 483 332 639 384; x_wconf 79' lang='lat' dir='ltr'>Deum,</span> <span class='ocrx_word' id='word_1_14' title='bbox 662 332 729 374; x_wconf 86' lang='lat' dir='ltr'>vel</span> <span class='ocrx_word' id='word_1_15' title='bbox 747 330 1006 382; x_wconf 79' lang='lat' dir='ltr'>intelligendi</span> <span class='ocrx_word' id='word_1_16' title='bbox 1029 343 1038 369; x_wconf 91' lang='lat'>:</span> <span class='ocrx_word' id='word_1_17' title='bbox 1071 331 1111 369; x_wconf 84' lang='lat' dir='ltr'>et</span> <span class='ocrx_word' id='word_1_18' title='bbox 1128 331 1230 367; x_wconf 87' lang='lat' dir='ltr'>tunc</span> 
     </span>
     <span class='ocr_line' id='line_1_6' title="bbox 210 399 1232 455; baseline -0.007 -11"><span class='ocrx_word' id='word_1_19' title='bbox 210 404 365 444; x_wconf 89' lang='lat' dir='ltr'>locutio</span> <span class='ocrx_word' id='word_1_20' title='bbox 399 416 501 444; x_wconf 87' lang='lat' dir='ltr'>vera</span> <span class='ocrx_word' id='word_1_21' title='bbox 530 406 615 455; x_wconf 88' lang='lat' dir='ltr'>est,</span> <span class='ocrx_word' id='word_1_22' title='bbox 649 407 689 445; x_wconf 92' lang='lat' dir='ltr'>et</span> <span class='ocrx_word' id='word_1_23' title='bbox 718 402 824 443; x_wconf 83' lang='lat' dir='ltr'>nihil</span> <span class='ocrx_word' id='word_1_24' title='bbox 850 402 947 442; x_wconf 80' lang='lat' dir='ltr'>facit</span> <span class='ocrx_word' id='word_1_25' title='bbox 974 413 1050 453; x_wconf 85' lang='lat' dir='ltr'>pro</span> <span class='ocrx_word' id='word_1_26' title='bbox 1080 399 1232 440; x_wconf 89' lang='lat' dir='ltr'>Porre—</span> 
     </span>
     <span class='ocr_line' id='line_1_7' title="bbox 211 472 1232 520; baseline -0.008 -4"><span class='ocrx_word' id='word_1_27' title='bbox 211 479 325 516; x_wconf 88' lang='lat' dir='ltr'>tano.</span> <span class='ocrx_word' id='word_1_28' title='bbox 365 475 502 516; x_wconf 87' lang='lat' dir='ltr'>Potest</span> <span class='ocrx_word' id='word_1_29' title='bbox 538 476 694 515; x_wconf 85' lang='lat' dir='ltr'>iterum</span> <span class='ocrx_word' id='word_1_30' title='bbox 724 485 812 514; x_wconf 88' lang='lat' dir='ltr'>esse</span> <span class='ocrx_word' id='word_1_31' title='bbox 844 472 1062 512; x_wconf 85' lang='lat' dir='ltr'>causalitas</span> <span class='ocrx_word' id='word_1_32' title='bbox 1097 480 1232 520; x_wconf 81' lang='lat' dir='ltr'>nega—</span> 
     </span>
     <span class='ocr_line' id='line_1_8' title="bbox 212 539 1234 597; baseline -0.008 -11"><span class='ocrx_word' id='word_1_33' title='bbox 212 546 340 586; x_wconf 83' lang='lat' dir='ltr'>tionis</span> <span class='ocrx_word' id='word_1_34' title='bbox 355 578 365 597; x_wconf 90' lang='lat'>,</span> <span class='ocrx_word' id='word_1_35' title='bbox 389 549 429 586; x_wconf 87' lang='lat' dir='ltr'>et</span> <span class='ocrx_word' id='word_1_36' title='bbox 448 549 550 587; x_wconf 90' lang='lat' dir='ltr'>tunc</span> <span class='ocrx_word' id='word_1_37' title='bbox 571 549 630 586; x_wconf 87' lang='lat' dir='ltr'>est</span> <span class='ocrx_word' id='word_1_38' title='bbox 649 545 750 585; x_wconf 74' lang='lat' dir='ltr'>falsa</span> <span class='ocrx_word' id='word_1_39' title='bbox 765 577 774 594; x_wconf 87' lang='lat'>,</span> <span class='ocrx_word' id='word_1_40' title='bbox 796 546 836 584; x_wconf 87' lang='lat' dir='ltr'>et</span> <span class='ocrx_word' id='word_1_41' title='bbox 855 545 916 583; x_wconf 87' lang='lat' dir='ltr'>est</span> <span class='ocrx_word' id='word_1_42' title='bbox 938 554 1084 582; x_wconf 87' lang='grc'>50115115</span> <span class='ocrx_word' id='word_1_43' title='bbox 1105 556 1112 581; x_wconf 93' lang='lat'>:</span> <span class='ocrx_word' id='word_1_44' title='bbox 1142 539 1234 580; x_wconf 87' lang='lat' dir='ltr'>Non</span> 
     </span>
     <span class='ocr_line' id='line_1_9' title="bbox 213 614 1235 673; baseline -0.008 -12"><span class='ocrx_word' id='word_1_45' title='bbox 213 633 262 661; x_wconf 86' lang='lat' dir='ltr'>eo</span> <span class='ocrx_word' id='word_1_46' title='bbox 279 622 341 660; x_wconf 88' lang='lat' dir='ltr'>est</span> <span class='ocrx_word' id='word_1_47' title='bbox 357 619 466 661; x_wconf 88' lang='lat' dir='ltr'>Deus</span> <span class='ocrx_word' id='word_1_48' title='bbox 483 633 567 673; x_wconf 86' lang='lat' dir='ltr'>quo</span> <span class='ocrx_word' id='word_1_49' title='bbox 583 620 720 668; x_wconf 86' lang='lat' dir='ltr'>Pater,</span> <span class='ocrx_word' id='word_1_50' title='bbox 742 618 783 658; x_wconf 88' lang='lat' dir='ltr'>id</span> <span class='ocrx_word' id='word_1_51' title='bbox 800 620 875 667; x_wconf 84' lang='lat' dir='ltr'>est,</span> <span class='ocrx_word' id='word_1_52' title='bbox 899 619 1105 669; x_wconf 80' lang='lat' dir='ltr'>quantum</span> <span class='ocrx_word' id='word_1_53' title='bbox 1126 615 1178 655; x_wconf 84' lang='lat' dir='ltr'>ad</span> <span class='ocrx_word' id='word_1_54' title='bbox 1194 614 1235 653; x_wconf 89' lang='lat' dir='ltr'>id</span> 
     </span>
     <span class='ocr_line' id='line_1_10' title="bbox 213 688 1236 745; baseline -0.008 -12"><span class='ocrx_word' id='word_1_55' title='bbox 213 693 324 745; x_wconf 86' lang='lat' dir='ltr'>quod</span> <span class='ocrx_word' id='word_1_56' title='bbox 340 694 401 733; x_wconf 88' lang='lat' dir='ltr'>est</span> <span class='ocrx_word' id='word_1_57' title='bbox 416 692 551 742; x_wconf 86' lang='lat' dir='ltr'>Pater,</span> <span class='ocrx_word' id='word_1_58' title='bbox 574 704 661 732; x_wconf 88' lang='lat' dir='ltr'>non</span> <span class='ocrx_word' id='word_1_59' title='bbox 674 693 735 732; x_wconf 87' lang='lat' dir='ltr'>est</span> <span class='ocrx_word' id='word_1_60' title='bbox 750 693 856 730; x_wconf 88' lang='lat' dir='ltr'>Deus</span> <span class='ocrx_word' id='word_1_61' title='bbox 872 704 880 729; x_wconf 78' lang='lat' dir='ltr'>z</span> <span class='ocrx_word' id='word_1_62' title='bbox 905 692 945 728; x_wconf 86' lang='lat' dir='ltr'>et</span> <span class='ocrx_word' id='word_1_63' title='bbox 957 689 1002 728; x_wconf 89' lang='lat' dir='ltr'>in</span> <span class='ocrx_word' id='word_1_64' title='bbox 1017 688 1096 727; x_wconf 86' lang='lat' dir='ltr'>hoc</span> <span class='ocrx_word' id='word_1_65' title='bbox 1109 698 1236 726; x_wconf 88' lang='lat' dir='ltr'>sensu</span> 
     </span>
    </p>
   </div>
   <div class='ocr_carea' id='block_1_5' title="bbox 213 758 1235 884">
    <p class='ocr_par' dir='ltr' id='par_1_5' title="bbox 213 758 1235 884">
     <span class='ocr_line' id='line_1_11' title="bbox 214 758 1235 816; baseline -0.007 -12"><span class='ocrx_word' id='word_1_66' title='bbox 214 764 362 816; x_wconf 87' lang='lat' dir='ltr'>accipit</span> <span class='ocrx_word' id='word_1_67' title='bbox 381 763 634 804; x_wconf 88' lang='lat' dir='ltr'>Porretanus</span> <span class='ocrx_word' id='word_1_68' title='bbox 649 795 659 814; x_wconf 87' lang='lat'>,</span> <span class='ocrx_word' id='word_1_69' title='bbox 683 765 723 802; x_wconf 90' lang='lat' dir='ltr'>et</span> <span class='ocrx_word' id='word_1_70' title='bbox 741 761 799 801; x_wconf 88' lang='lat' dir='ltr'>ita</span> <span class='ocrx_word' id='word_1_71' title='bbox 817 764 877 801; x_wconf 91' lang='lat' dir='ltr'>est</span> <span class='ocrx_word' id='word_1_72' title='bbox 899 760 1027 800; x_wconf 87' lang='lat' dir='ltr'>falsus</span> <span class='ocrx_word' id='word_1_73' title='bbox 1046 758 1235 798; x_wconf 86' lang='lat' dir='ltr'>intellec-</span> 
     </span>
     <span class='ocr_line' id='line_1_12' title="bbox 213 829 1017 884; baseline -0.004 -13"><span class='ocrx_word' id='word_1_74' title='bbox 213 834 308 872; x_wconf 87' lang='lat' dir='ltr'>tus:</span> <span class='ocrx_word' id='word_1_75' title='bbox 327 834 368 872; x_wconf 89' lang='lat' dir='ltr'>et</span> <span class='ocrx_word' id='word_1_76' title='bbox 387 832 445 872; x_wconf 90' lang='lat' dir='ltr'>sic</span> <span class='ocrx_word' id='word_1_77' title='bbox 463 844 549 872; x_wconf 89' lang='lat' dir='ltr'>non</span> <span class='ocrx_word' id='word_1_78' title='bbox 568 831 718 884; x_wconf 88' lang='lat' dir='ltr'>accipit</span> <span class='ocrx_word' id='word_1_79' title='bbox 735 829 1017 881; x_wconf 71' lang='lat' dir='ltr'><strong>Augustinus.</strong></span> 
     </span>
    </p>
   </div>
   <div class='ocr_carea' id='block_1_6' title="bbox 525 991 911 1035">
    <p class='ocr_par' dir='ltr' id='par_1_6' title="bbox 525 991 911 1035">
     <span class='ocr_line' id='line_1_13' title="bbox 525 991 911 1035; baseline -0.003 -1"><span class='ocrx_word' id='word_1_80' title='bbox 525 991 845 1035; x_wconf 83' lang='lat' dir='ltr'>ARTICULUS</span> <span class='ocrx_word' id='word_1_81' title='bbox 878 991 911 1033; x_wconf 92' lang='lat' dir='ltr'>I.</span> 
     </span>
    </p>
   </div>
   <div class='ocr_carea' id='block_1_7' title="bbox 219 1119 1247 1603">
    <p class='ocr_par' dir='ltr' id='par_1_7' title="bbox 219 1119 1247 1603">
     <span class='ocr_line' id='line_1_14' title="bbox 271 1119 1243 1175; baseline -0.004 -13"><span class='ocrx_word' id='word_1_82' title='bbox 271 1122 336 1162; x_wconf 90' lang='lat' dir='ltr'>Ad</span> <span class='ocrx_word' id='word_1_83' title='bbox 363 1121 686 1174; x_wconf 74' lang='lat' dir='ltr'>intelligentiam</span> <span class='ocrx_word' id='word_1_84' title='bbox 719 1121 938 1175; x_wconf 80' lang='lat' dir='ltr'>praesentis</span> <span class='ocrx_word' id='word_1_85' title='bbox 967 1119 1243 1161; x_wconf 75' lang='lat' dir='ltr'>distinctionis</span> 
     </span>
     <span class='ocr_line' id='line_1_15' title="bbox 219 1191 1244 1246; baseline -0.004 -13"><span class='ocrx_word' id='word_1_86' title='bbox 219 1195 402 1245; x_wconf 89' lang='lat' dir='ltr'>quatuor</span> <span class='ocrx_word' id='word_1_87' title='bbox 442 1196 697 1245; x_wconf 84' lang='lat' dir='ltr'>quaeruntur</span> <span class='ocrx_word' id='word_1_88' title='bbox 720 1209 728 1234; x_wconf 90' lang='lat'><strong>:</strong></span> <span class='ocrx_word' id='word_1_89' title='bbox 769 1193 905 1246; x_wconf 85' lang='lat' dir='ltr'>primo</span> <span class='ocrx_word' id='word_1_90' title='bbox 947 1191 1155 1244; x_wconf 80' lang='lat' dir='ltr'>quaeritur</span> <span class='ocrx_word' id='word_1_91' title='bbox 1194 1191 1244 1230; x_wconf 91' lang='lat' dir='ltr'>de</span> 
     </span>
     <span class='ocr_line' id='line_1_16' title="bbox 220 1264 1245 1318; baseline -0.003 -14"><span class='ocrx_word' id='word_1_92' title='bbox 220 1264 533 1317; x_wconf 89' lang='lat' dir='ltr'>comparatione</span> <span class='ocrx_word' id='word_1_93' title='bbox 551 1265 818 1318; x_wconf 75' lang='lat' dir='ltr'>proprietatis</span> <span class='ocrx_word' id='word_1_94' title='bbox 836 1265 888 1305; x_wconf 85' lang='lat' dir='ltr'>ad</span> <span class='ocrx_word' id='word_1_95' title='bbox 907 1275 1129 1317; x_wconf 74' lang='lat' dir='ltr'>personam</span> <span class='ocrx_word' id='word_1_96' title='bbox 1147 1275 1156 1312; x_wconf 82' lang='lat'><em>3</em></span> <span class='ocrx_word' id='word_1_97' title='bbox 1180 1274 1245 1302; x_wconf 91' lang='lat' dir='ltr'>se-</span> 
     </span>
     <span class='ocr_line' id='line_1_17' title="bbox 222 1333 1245 1388; baseline -0.002 -14"><span class='ocrx_word' id='word_1_98' title='bbox 222 1334 358 1375; x_wconf 89' lang='lat' dir='ltr'>cundo</span> <span class='ocrx_word' id='word_1_99' title='bbox 384 1335 434 1375; x_wconf 88' lang='lat' dir='ltr'>de</span> <span class='ocrx_word' id='word_1_100' title='bbox 460 1336 774 1388; x_wconf 82' lang='lat' dir='ltr'>comparatione</span> <span class='ocrx_word' id='word_1_101' title='bbox 804 1334 1068 1388; x_wconf 63' lang='lat' dir='ltr'>proprietatis</span> <span class='ocrx_word' id='word_1_102' title='bbox 1095 1333 1147 1373; x_wconf 86' lang='lat' dir='ltr'>ad</span> <span class='ocrx_word' id='word_1_103' title='bbox 1177 1345 1245 1373; x_wconf 90' lang='lat' dir='ltr'>es-</span> 
     </span>
     <span class='ocr_line' id='line_1_18' title="bbox 222 1405 1244 1460; baseline -0.002 -14"><span class='ocrx_word' id='word_1_104' title='bbox 222 1406 400 1446; x_wconf 78' lang='lat' dir='ltr'>sentiam</span> <span class='ocrx_word' id='word_1_105' title='bbox 419 1421 428 1456; x_wconf 91' lang='lat'>;</span> <span class='ocrx_word' id='word_1_106' title='bbox 451 1407 574 1447; x_wconf 87' lang='lat' dir='ltr'>tertio</span> <span class='ocrx_word' id='word_1_107' title='bbox 596 1407 646 1447; x_wconf 90' lang='lat' dir='ltr'>de</span> <span class='ocrx_word' id='word_1_108' title='bbox 666 1407 978 1460; x_wconf 81' lang='lat' dir='ltr'>comparatione</span> <span class='ocrx_word' id='word_1_109' title='bbox 997 1405 1125 1446; x_wconf 87' lang='lat' dir='ltr'>unius</span> <span class='ocrx_word' id='word_1_110' title='bbox 1144 1417 1244 1458; x_wconf 89' lang='lat' dir='ltr'>pro-</span> 
     </span>
     <span class='ocr_line' id='line_1_19' title="bbox 222 1477 1247 1532; baseline -0.002 -14"><span class='ocrx_word' id='word_1_111' title='bbox 222 1478 409 1530; x_wconf 82' lang='lat' dir='ltr'>prietatis</span> <span class='ocrx_word' id='word_1_112' title='bbox 427 1479 480 1519; x_wconf 89' lang='lat' dir='ltr'>ad</span> <span class='ocrx_word' id='word_1_113' title='bbox 505 1479 655 1529; x_wconf 69' lang='grc'>3110015</span> <span class='ocrx_word' id='word_1_114' title='bbox 684 1481 834 1532; x_wconf 84' lang='lat' dir='ltr'>quarto</span> <span class='ocrx_word' id='word_1_115' title='bbox 860 1480 909 1519; x_wconf 88' lang='lat' dir='ltr'>de</span> <span class='ocrx_word' id='word_1_116' title='bbox 935 1477 1247 1530; x_wconf 86' lang='lat' dir='ltr'>comparatione</span> 
     </span>
     <span class='ocr_line' id='line_1_20' title="bbox 223 1549 986 1603; baseline 0 -14"><span class='ocrx_word' id='word_1_117' title='bbox 223 1549 414 1602; x_wconf 76' lang='lat' dir='ltr'>eiusdem</span> <span class='ocrx_word' id='word_1_118' title='bbox 434 1550 701 1603; x_wconf 73' lang='lat' dir='ltr'>proprietatis</span> <span class='ocrx_word' id='word_1_119' title='bbox 720 1551 771 1591; x_wconf 85' lang='lat' dir='ltr'>ad</span> <span class='ocrx_word' id='word_1_120' title='bbox 791 1550 986 1603; x_wconf 75' lang='lat' dir='ltr'>seipsam.</span> 
     </span>
    </p>
   </div>
   <div class='ocr_carea' id='block_1_8' title="bbox 594 1709 892 1760">
    <p class='ocr_par' dir='ltr' id='par_1_8' title="bbox 594 1709 892 1760">
     <span class='ocr_line' id='line_1_21' title="bbox 594 1709 892 1760; baseline -0.003 -9"><span class='ocrx_word' id='word_1_121' title='bbox 594 1709 830 1760; x_wconf 80' lang='lat' dir='ltr'>QUAESTIO</span> <span class='ocrx_word' id='word_1_122' title='bbox 860 1710 892 1750; x_wconf 90' lang='lat' dir='ltr'>I.</span> 
     </span>
    </p>
   </div>
   <div class='ocr_carea' id='block_1_9' title="bbox 440 1806 1028 1852">
    <p class='ocr_par' dir='ltr' id='par_1_9' title="bbox 440 1806 1028 1852">
     <span class='ocr_line' id='line_1_22' title="bbox 440 1806 1028 1852; baseline -0.002 -11"><span class='ocrx_word' id='word_1_123' title='bbox 440 1806 501 1841; x_wconf 75' lang='lat' dir='ltr'>An</span> <span class='ocrx_word' id='word_1_124' title='bbox 526 1807 731 1852; x_wconf 68' lang='lat' dir='ltr'>proprietas</span> <span class='ocrx_word' id='word_1_125' title='bbox 760 1808 808 1841; x_wconf 76' lang='lat' dir='ltr'>sit</span> <span class='ocrx_word' id='word_1_126' title='bbox 832 1815 984 1851; x_wconf 76' lang='lat' dir='ltr'>persona</span> <span class='ocrx_word' id='word_1_127' title='bbox 1003 1807 1028 1840; x_wconf 88' lang='lat'>¹.</span> 
     </span>
    </p>
   </div>
   <div class='ocr_carea' id='block_1_10' title="bbox 225 1905 1262 3244">
    <p class='ocr_par' dir='ltr' id='par_1_10' title="bbox 225 1905 1258 2888">
     <span class='ocr_line' id='line_1_23' title="bbox 280 1905 1247 1958; baseline -0.001 -12"><span class='ocrx_word' id='word_1_128' title='bbox 280 1905 336 1946; x_wconf 89' lang='lat' dir='ltr'>De</span> <span class='ocrx_word' id='word_1_129' title='bbox 345 1905 658 1958; x_wconf 86' lang='lat' dir='ltr'>comparatione</span> <span class='ocrx_word' id='word_1_130' title='bbox 670 1905 933 1958; x_wconf 73' lang='lat' dir='ltr'>proprietatis</span> <span class='ocrx_word' id='word_1_131' title='bbox 943 1906 993 1946; x_wconf 87' lang='lat' dir='ltr'>ad</span> <span class='ocrx_word' id='word_1_132' title='bbox 1006 1916 1226 1958; x_wconf 79' lang='lat' dir='ltr'>personam</span> <span class='ocrx_word' id='word_1_133' title='bbox 1238 1921 1247 1956; x_wconf 89' lang='grc'>5</span> 
     </span>
     <span class='ocr_line' id='line_1_24' title="bbox 227 1977 1248 2030; baseline 0 -12"><span class='ocrx_word' id='word_1_134' title='bbox 227 1979 267 2019; x_wconf 86' lang='lat' dir='ltr'>et</span> <span class='ocrx_word' id='word_1_135' title='bbox 292 1977 502 2030; x_wconf 72' lang='lat' dir='ltr'>quaeritur</span> <span class='ocrx_word' id='word_1_136' title='bbox 526 1979 674 2017; x_wconf 87' lang='lat' dir='ltr'>utrum</span> <span class='ocrx_word' id='word_1_137' title='bbox 706 1978 936 2030; x_wconf 78' lang='lat' dir='ltr'>proprietas</span> <span class='ocrx_word' id='word_1_138' title='bbox 964 1978 1017 2017; x_wconf 87' lang='lat' dir='ltr'>sit</span> <span class='ocrx_word' id='word_1_139' title='bbox 1046 1990 1248 2030; x_wconf 83' lang='lat' dir='ltr'>persona3</span> 
     </span>
     <span class='ocr_line' id='line_1_25' title="bbox 226 2047 1253 2101; baseline 0 -12"><span class='ocrx_word' id='word_1_140' title='bbox 226 2051 266 2089; x_wconf 87' lang='lat' dir='ltr'>et</span> <span class='ocrx_word' id='word_1_141' title='bbox 285 2047 398 2101; x_wconf 90' lang='lat' dir='ltr'>quod</span> <span class='ocrx_word' id='word_1_142' title='bbox 416 2059 518 2097; x_wconf 92' lang='lat' dir='ltr'>non,</span> <span class='ocrx_word' id='word_1_143' title='bbox 540 2048 773 2088; x_wconf 81' lang='lat' dir='ltr'>ostenditur</span> <span class='ocrx_word' id='word_1_144' title='bbox 792 2047 873 2088; x_wconf 90' lang='lat' dir='ltr'>hoc</span> <span class='ocrx_word' id='word_1_145' title='bbox 892 2048 1017 2088; x_wconf 90' lang='lat' dir='ltr'>modo</span> <span class='ocrx_word' id='word_1_146' title='bbox 1043 2063 1051 2089; x_wconf 71' lang='grc' dir='ltr'><strong><em>τ</em></strong></span> <span class='ocrx_word' id='word_1_147' title='bbox 1073 2048 1253 2089; x_wconf 81' lang='lat' dir='ltr'>Ubicun—</span> 
     </span>
     <span class='ocr_line' id='line_1_26' title="bbox 225 2118 1253 2171; baseline 0 -12"><span class='ocrx_word' id='word_1_148' title='bbox 225 2130 309 2171; x_wconf 87' lang='lat' dir='ltr'>que</span> <span class='ocrx_word' id='word_1_149' title='bbox 337 2120 526 2160; x_wconf 83' lang='lat' dir='ltr'>estvere</span> <span class='ocrx_word' id='word_1_150' title='bbox 549 2118 833 2158; x_wconf 78' lang='lat' dir='ltr'>determinans</span> <span class='ocrx_word' id='word_1_151' title='bbox 862 2121 902 2158; x_wconf 91' lang='lat' dir='ltr'>et</span> <span class='ocrx_word' id='word_1_152' title='bbox 927 2119 1253 2160; x_wconf 77' lang='lat' dir='ltr'>determinatum</span> 
     </span>
     <span class='ocr_line' id='line_1_27' title="bbox 226 2189 1253 2239; baseline 0.001 -9"><span class='ocrx_word' id='word_1_153' title='bbox 226 2189 461 2230; x_wconf 88' lang='lat' dir='ltr'>secundum</span> <span class='ocrx_word' id='word_1_154' title='bbox 480 2201 587 2239; x_wconf 89' lang='lat' dir='ltr'>rem,</span> <span class='ocrx_word' id='word_1_155' title='bbox 608 2189 667 2229; x_wconf 94' lang='lat' dir='ltr'>ibi</span> <span class='ocrx_word' id='word_1_156' title='bbox 682 2190 965 2230; x_wconf 78' lang='lat' dir='ltr'>determinans</span> <span class='ocrx_word' id='word_1_157' title='bbox 984 2190 1122 2230; x_wconf 79' lang='lat' dir='ltr'>differt</span> <span class='ocrx_word' id='word_1_158' title='bbox 1139 2202 1163 2230; x_wconf 86' lang='lat' dir='ltr'>a</span> <span class='ocrx_word' id='word_1_159' title='bbox 1180 2191 1253 2231; x_wconf 89' lang='lat' dir='ltr'>de-</span> 
     </span>
     <span class='ocr_line' id='line_1_28' title="bbox 225 2261 1254 2311; baseline 0 -9"><span class='ocrx_word' id='word_1_160' title='bbox 225 2261 472 2311; x_wconf 86' lang='lat' dir='ltr'>terminato;</span> <span class='ocrx_word' id='word_1_161' title='bbox 489 2273 591 2301; x_wconf 88' lang='lat' dir='ltr'>nam</span> <span class='ocrx_word' id='word_1_162' title='bbox 611 2261 645 2301; x_wconf 86' lang='lat' dir='ltr'>si</span> <span class='ocrx_word' id='word_1_163' title='bbox 664 2273 749 2301; x_wconf 85' lang='lat' dir='ltr'>non</span> <span class='ocrx_word' id='word_1_164' title='bbox 769 2261 921 2311; x_wconf 83' lang='lat' dir='ltr'>differt,</span> <span class='ocrx_word' id='word_1_165' title='bbox 937 2274 1023 2301; x_wconf 86' lang='lat' dir='ltr'>uon</span> <span class='ocrx_word' id='word_1_166' title='bbox 1041 2264 1103 2302; x_wconf 89' lang='lat' dir='ltr'>est</span> <span class='ocrx_word' id='word_1_167' title='bbox 1122 2262 1254 2302; x_wconf 89' lang='lat' dir='ltr'>deter-</span> 
     </span>
     <span class='ocr_line' id='line_1_29' title="bbox 229 2333 1251 2382; baseline 0.001 -9"><span class='ocrx_word' id='word_1_168' title='bbox 229 2334 397 2374; x_wconf 80' lang='lat' dir='ltr'>minans</span> <span class='ocrx_word' id='word_1_169' title='bbox 415 2345 536 2382; x_wconf 89' lang='lat' dir='ltr'>vere,</span> <span class='ocrx_word' id='word_1_170' title='bbox 561 2333 631 2373; x_wconf 87' lang='lat' dir='ltr'>sed</span> <span class='ocrx_word' id='word_1_171' title='bbox 658 2335 796 2373; x_wconf 86' lang='lat' dir='ltr'>totum</span> <span class='ocrx_word' id='word_1_172' title='bbox 816 2336 877 2373; x_wconf 88' lang='lat' dir='ltr'>est</span> <span class='ocrx_word' id='word_1_173' title='bbox 895 2333 1222 2373; x_wconf 79' lang='lat' dir='ltr'>determinatum</span> <span class='ocrx_word' id='word_1_174' title='bbox 1241 2346 1251 2374; x_wconf 89' lang='lat'>:</span> 
     </span>
     <span class='ocr_line' id='line_1_30' title="bbox 229 2405 1255 2458; baseline -0.002 -12"><span class='ocrx_word' id='word_1_175' title='bbox 229 2405 298 2446; x_wconf 88' lang='lat' dir='ltr'>sed</span> <span class='ocrx_word' id='word_1_176' title='bbox 327 2417 507 2458; x_wconf 87' lang='lat' dir='ltr'>persona</span> <span class='ocrx_word' id='word_1_177' title='bbox 532 2405 576 2445; x_wconf 93' lang='lat' dir='ltr'>in</span> <span class='ocrx_word' id='word_1_178' title='bbox 602 2405 755 2446; x_wconf 85' lang='lat' dir='ltr'>divinis</span> <span class='ocrx_word' id='word_1_179' title='bbox 783 2407 843 2446; x_wconf 89' lang='lat' dir='ltr'>est</span> <span class='ocrx_word' id='word_1_180' title='bbox 873 2418 973 2446; x_wconf 88' lang='lat' dir='ltr'>vere</span> <span class='ocrx_word' id='word_1_181' title='bbox 1001 2405 1255 2445; x_wconf 87' lang='lat' dir='ltr'>determina-</span> 
     </span>
     <span class='ocr_line' id='line_1_31' title="bbox 230 2476 1256 2530; baseline -0.002 -13"><span class='ocrx_word' id='word_1_182' title='bbox 230 2480 343 2526; x_wconf 87' lang='lat' dir='ltr'>tum,</span> <span class='ocrx_word' id='word_1_183' title='bbox 372 2479 413 2517; x_wconf 89' lang='lat' dir='ltr'>et</span> <span class='ocrx_word' id='word_1_184' title='bbox 444 2476 674 2530; x_wconf 80' lang='lat' dir='ltr'>proprietas</span> <span class='ocrx_word' id='word_1_185' title='bbox 704 2488 804 2517; x_wconf 89' lang='lat' dir='ltr'>vere</span> <span class='ocrx_word' id='word_1_186' title='bbox 833 2476 1136 2526; x_wconf 78' lang='lat' dir='ltr'>determinans,</span> <span class='ocrx_word' id='word_1_187' title='bbox 1155 2476 1256 2529; x_wconf 89' lang='lat' dir='ltr'>quia</span> 
     </span>
     <span class='ocr_line' id='line_1_32' title="bbox 230 2547 1255 2601; baseline -0.001 -13"><span class='ocrx_word' id='word_1_188' title='bbox 230 2547 463 2601; x_wconf 87' lang='lat' dir='ltr'>proprietas</span> <span class='ocrx_word' id='word_1_189' title='bbox 491 2560 611 2597; x_wconf 90' lang='lat' dir='ltr'>vere,</span> <span class='ocrx_word' id='word_1_190' title='bbox 642 2551 682 2588; x_wconf 91' lang='lat' dir='ltr'>et</span> <span class='ocrx_word' id='word_1_191' title='bbox 704 2560 791 2588; x_wconf 91' lang='lat' dir='ltr'>non</span> <span class='ocrx_word' id='word_1_192' title='bbox 816 2548 1049 2588; x_wconf 86' lang='lat' dir='ltr'>secundum</span> <span class='ocrx_word' id='word_1_193' title='bbox 1080 2547 1255 2588; x_wconf 89' lang='lat' dir='ltr'>modum</span> 
     </span>
     <span class='ocr_line' id='line_1_33' title="bbox 232 2619 1255 2672; baseline -0.001 -12"><span class='ocrx_word' id='word_1_194' title='bbox 232 2619 396 2660; x_wconf 86' lang='lat' dir='ltr'>dicendi</span> <span class='ocrx_word' id='word_1_195' title='bbox 421 2620 577 2671; x_wconf 87' lang='lat' dir='ltr'>solum,</span> <span class='ocrx_word' id='word_1_196' title='bbox 606 2619 828 2671; x_wconf 77' lang='lat' dir='ltr'>distinguit</span> <span class='ocrx_word' id='word_1_197' title='bbox 855 2631 1077 2672; x_wconf 85' lang='lat' dir='ltr'>personam</span> <span class='ocrx_word' id='word_1_198' title='bbox 1109 2634 1118 2660; x_wconf 90' lang='lat'>:</span> <span class='ocrx_word' id='word_1_199' title='bbox 1152 2631 1255 2670; x_wconf 79' lang='lat' dir='ltr'>ergo</span> 
     </span>
     <span class='ocr_line' id='line_1_34' title="bbox 232 2689 1258 2744; baseline -0.002 -13"><span class='ocrx_word' id='word_1_200' title='bbox 232 2690 465 2744; x_wconf 84' lang='lat' dir='ltr'>proprietas</span> <span class='ocrx_word' id='word_1_201' title='bbox 489 2690 628 2730; x_wconf 81' lang='lat' dir='ltr'>differt</span> <span class='ocrx_word' id='word_1_202' title='bbox 652 2702 677 2730; x_wconf 88' lang='lat' dir='ltr'>a</span> <span class='ocrx_word' id='word_1_203' title='bbox 695 2702 873 2743; x_wconf 90' lang='lat' dir='ltr'>persona</span> <span class='ocrx_word' id='word_1_204' title='bbox 902 2702 912 2730; x_wconf 74' lang='grc' dir='ltr'>ι</span> <span class='ocrx_word' id='word_1_205' title='bbox 933 2690 1003 2730; x_wconf 87' lang='lat' dir='ltr'>sed</span> <span class='ocrx_word' id='word_1_206' title='bbox 1022 2689 1258 2730; x_wconf 81' lang='lat' dir='ltr'>differentia</span> 
     </span>
     <span class='ocr_line' id='line_1_35' title="bbox 233 2762 1257 2816; baseline 0 -14"><span class='ocrx_word' id='word_1_207' title='bbox 233 2774 320 2811; x_wconf 83' lang='lat' dir='ltr'>non</span> <span class='ocrx_word' id='word_1_208' title='bbox 338 2762 592 2816; x_wconf 82' lang='lat' dir='ltr'>praedicatur</span> <span class='ocrx_word' id='word_1_209' title='bbox 611 2762 661 2803; x_wconf 90' lang='lat' dir='ltr'>de</span> <span class='ocrx_word' id='word_1_210' title='bbox 687 2774 730 2802; x_wconf 91' lang='lat' dir='ltr'>se</span> <span class='ocrx_word' id='word_1_211' title='bbox 748 2762 793 2801; x_wconf 90' lang='grc'>111</span> <span class='ocrx_word' id='word_1_212' title='bbox 812 2762 1089 2802; x_wconf 77' lang='lat' dir='ltr'>abstractione</span> <span class='ocrx_word' id='word_1_213' title='bbox 1121 2774 1130 2802; x_wconf 93' lang='lat'>:</span> <span class='ocrx_word' id='word_1_214' title='bbox 1155 2773 1257 2814; x_wconf 82' lang='lat' dir='ltr'>ergo</span> 
     </span>
     <span class='ocr_line' id='line_1_36' title="bbox 233 2833 1211 2888; baseline -0.003 -13"><span class='ocrx_word' id='word_1_215' title='bbox 233 2847 310 2875; x_wconf 90' lang='lat' dir='ltr'>nec</span> <span class='ocrx_word' id='word_1_216' title='bbox 327 2834 560 2888; x_wconf 86' lang='lat' dir='ltr'>proprietas</span> <span class='ocrx_word' id='word_1_217' title='bbox 579 2833 630 2874; x_wconf 90' lang='lat' dir='ltr'>de</span> <span class='ocrx_word' id='word_1_218' title='bbox 648 2846 840 2886; x_wconf 91' lang='lat' dir='ltr'>persona,</span> <span class='ocrx_word' id='word_1_219' title='bbox 865 2834 933 2875; x_wconf 89' lang='lat' dir='ltr'>vel</span> <span class='ocrx_word' id='word_1_220' title='bbox 952 2847 974 2874; x_wconf 92' lang='lat' dir='ltr'>e</span> <span class='ocrx_word' id='word_1_221' title='bbox 994 2846 1211 2875; x_wconf 88' lang='lat' dir='ltr'>converso.</span> 
     </span>
    </p>

    <p class='ocr_par' dir='ltr' id='par_1_11' title="bbox 236 2906 1262 3244">
     <span class='ocr_line' id='line_1_37' title="bbox 289 2906 1260 2959; baseline -0.001 -12"><span class='ocrx_word' id='word_1_222' title='bbox 289 2909 328 2947; x_wconf 74' lang='lat'>2.</span> <span class='ocrx_word' id='word_1_223' title='bbox 347 2906 468 2957; x_wconf 86' lang='lat' dir='ltr'>Item,</span> <span class='ocrx_word' id='word_1_224' title='bbox 488 2906 732 2959; x_wconf 90' lang='lat' dir='ltr'>ubicunque</span> <span class='ocrx_word' id='word_1_225' title='bbox 749 2908 810 2946; x_wconf 89' lang='lat' dir='ltr'>est</span> <span class='ocrx_word' id='word_1_226' title='bbox 826 2918 926 2947; x_wconf 81' lang='lat' dir='ltr'>vere</span> <span class='ocrx_word' id='word_1_227' title='bbox 945 2906 1200 2946; x_wconf 86' lang='lat' dir='ltr'>abstractum</span> <span class='ocrx_word' id='word_1_228' title='bbox 1219 2908 1260 2946; x_wconf 89' lang='lat' dir='ltr'>et</span> 
     </span>
     <span class='ocr_line' id='line_1_38' title="bbox 236 2977 1259 3030; baseline -0.002 -11"><span class='ocrx_word' id='word_1_229' title='bbox 236 2982 494 3029; x_wconf 89' lang='lat' dir='ltr'>concretum,</span> <span class='ocrx_word' id='word_1_230' title='bbox 509 2978 569 3017; x_wconf 92' lang='lat' dir='ltr'>ibi</span> <span class='ocrx_word' id='word_1_231' title='bbox 585 2977 724 3018; x_wconf 84' lang='lat' dir='ltr'>differt</span> <span class='ocrx_word' id='word_1_232' title='bbox 736 2977 848 3030; x_wconf 91' lang='lat' dir='ltr'>quod</span> <span class='ocrx_word' id='word_1_233' title='bbox 867 2977 1125 3018; x_wconf 87' lang='lat' dir='ltr'>abstrahitur</span> <span class='ocrx_word' id='word_1_234' title='bbox 1145 2977 1196 3017; x_wconf 87' lang='lat' dir='ltr'>ab</span> <span class='ocrx_word' id='word_1_235' title='bbox 1211 2989 1259 3017; x_wconf 90' lang='lat' dir='ltr'>eo</span> 
     </span>
     <span class='ocr_line' id='line_1_39' title="bbox 237 3049 1260 3102; baseline -0.001 -12"><span class='ocrx_word' id='word_1_236' title='bbox 237 3062 261 3090; x_wconf 89' lang='lat' dir='ltr'>a</span> <span class='ocrx_word' id='word_1_237' title='bbox 279 3062 364 3102; x_wconf 88' lang='lat' dir='ltr'>quo</span> <span class='ocrx_word' id='word_1_238' title='bbox 380 3049 638 3091; x_wconf 85' lang='lat' dir='ltr'>abstrahitur</span> <span class='ocrx_word' id='word_1_239' title='bbox 658 3064 666 3088; x_wconf 81' lang='lat' dir='ltr'>z</span> <span class='ocrx_word' id='word_1_240' title='bbox 692 3050 762 3090; x_wconf 88' lang='lat' dir='ltr'>sed</span> <span class='ocrx_word' id='word_1_241' title='bbox 784 3049 1015 3102; x_wconf 86' lang='lat' dir='ltr'>proprietas</span> <span class='ocrx_word' id='word_1_242' title='bbox 1039 3049 1260 3101; x_wconf 81' lang='lat' dir='ltr'>signitica-</span> 
     </span>
     <span class='ocr_line' id='line_1_40' title="bbox 238 3120 1262 3173; baseline -0.001 -11"><span class='ocrx_word' id='word_1_243' title='bbox 238 3121 365 3162; x_wconf 89' lang='lat' dir='ltr'>turin</span> <span class='ocrx_word' id='word_1_244' title='bbox 382 3121 645 3162; x_wconf 80' lang='lat' dir='ltr'>concretione</span> <span class='ocrx_word' id='word_1_245' title='bbox 665 3121 717 3161; x_wconf 88' lang='lat' dir='ltr'>ad</span> <span class='ocrx_word' id='word_1_246' title='bbox 730 3132 950 3173; x_wconf 89' lang='lat' dir='ltr'>personam</span> <span class='ocrx_word' id='word_1_247' title='bbox 963 3153 973 3171; x_wconf 91' lang='lat'>,</span> <span class='ocrx_word' id='word_1_248' title='bbox 995 3133 1093 3161; x_wconf 89' lang='lat' dir='ltr'>cum</span> <span class='ocrx_word' id='word_1_249' title='bbox 1110 3120 1262 3161; x_wconf 88' lang='lat' dir='ltr'>dicitur</span> 
     </span>
     <span class='ocr_line' id='line_1_41' title="bbox 241 3192 1261 3244; baseline 0.002 -12"><span class='ocrx_word' id='word_1_250' title='bbox 241 3194 367 3235; x_wconf 79' lang='lat' dir='ltr'>Pater</span> <span class='ocrx_word' id='word_1_251' title='bbox 379 3208 396 3241; x_wconf 89' lang='lat'><em>;</em></span> <span class='ocrx_word' id='word_1_252' title='bbox 420 3195 461 3233; x_wconf 88' lang='lat' dir='ltr'>et</span> <span class='ocrx_word' id='word_1_253' title='bbox 484 3193 530 3233; x_wconf 92' lang='lat' dir='ltr'>in</span> <span class='ocrx_word' id='word_1_254' title='bbox 553 3193 854 3244; x_wconf 75' lang='lat' dir='ltr'>abstractione,</span> <span class='ocrx_word' id='word_1_255' title='bbox 876 3204 974 3233; x_wconf 87' lang='lat' dir='ltr'>cum</span> <span class='ocrx_word' id='word_1_256' title='bbox 1000 3192 1154 3233; x_wconf 78' lang='lat' dir='ltr'>dicItur</span> <span class='ocrx_word' id='word_1_257' title='bbox 1180 3193 1261 3234; x_wconf 82' lang='lat' dir='ltr'>Pa-</span> 
     </span>
    </p>
   </div>
   <div class='ocr_carea' id='block_1_11' title="bbox 243 3323 1265 3604">
    <p class='ocr_par' dir='ltr' id='par_1_12' title="bbox 243 3323 1265 3604">
     <span class='ocr_line' id='line_1_42' title="bbox 285 3323 1262 3366; baseline 0 -11"><span class='ocrx_word' id='word_1_258' title='bbox 285 3324 296 3345; x_wconf 90' lang='lat'><strong>¹</strong></span> <span class='ocrx_word' id='word_1_259' title='bbox 315 3323 368 3364; x_wconf 84' lang='lat' dir='ltr'>Cf.</span> <span class='ocrx_word' id='word_1_260' title='bbox 389 3324 482 3356; x_wconf 81' lang='lat' dir='ltr'>Alex.</span> <span class='ocrx_word' id='word_1_261' title='bbox 503 3324 645 3366; x_wconf 82' lang='lat' dir='ltr'>Alensis,</span> <span class='ocrx_word' id='word_1_262' title='bbox 663 3335 696 3366; x_wconf 90' lang='lat' dir='ltr'>p.</span> <span class='ocrx_word' id='word_1_263' title='bbox 716 3327 738 3364; x_wconf 81' lang='grc' dir='ltr'>Ι,</span> <span class='ocrx_word' id='word_1_264' title='bbox 757 3334 789 3365; x_wconf 87' lang='lat' dir='ltr'>q.</span> <span class='ocrx_word' id='word_1_265' title='bbox 805 3332 926 3364; x_wconf 75' lang='lat' dir='ltr'>vani,</span> <span class='ocrx_word' id='word_1_266' title='bbox 940 3324 1065 3355; x_wconf 84' lang='lat' dir='ltr'>memb.</span> <span class='ocrx_word' id='word_1_267' title='bbox 1082 3326 1120 3364; x_wconf 79' lang='lat'>5,</span> <span class='ocrx_word' id='word_1_268' title='bbox 1139 3327 1202 3355; x_wconf 88' lang='lat' dir='ltr'>art.</span> <span class='ocrx_word' id='word_1_269' title='bbox 1224 3327 1262 3364; x_wconf 97' lang='grc'>15</span> 
     </span>
     <span class='ocr_line' id='line_1_43' title="bbox 243 3371 1263 3413; baseline -0.001 -10"><span class='ocrx_word' id='word_1_270' title='bbox 243 3371 280 3403; x_wconf 87' lang='lat' dir='ltr'>S.</span> <span class='ocrx_word' id='word_1_271' title='bbox 301 3371 438 3412; x_wconf 89' lang='lat' dir='ltr'>Thom.,</span> <span class='ocrx_word' id='word_1_272' title='bbox 457 3381 490 3412; x_wconf 88' lang='lat' dir='ltr'>p.</span> <span class='ocrx_word' id='word_1_273' title='bbox 509 3373 518 3403; x_wconf 93' lang='lat' dir='ltr'>l</span> <span class='ocrx_word' id='word_1_274' title='bbox 534 3397 544 3412; x_wconf 85' lang='lat'>,</span> <span class='ocrx_word' id='word_1_275' title='bbox 565 3381 599 3413; x_wconf 84' lang='lat' dir='ltr'>q.</span> <span class='ocrx_word' id='word_1_276' title='bbox 617 3381 682 3413; x_wconf 75' lang='lat' dir='ltr'>XL,</span> <span class='ocrx_word' id='word_1_277' title='bbox 703 3375 765 3404; x_wconf 86' lang='lat' dir='ltr'>art.</span> <span class='ocrx_word' id='word_1_278' title='bbox 789 3375 823 3412; x_wconf 88' lang='grc'>15</span> <span class='ocrx_word' id='word_1_279' title='bbox 846 3374 879 3402; x_wconf 88' lang='lat' dir='ltr'>et</span> <span class='ocrx_word' id='word_1_280' title='bbox 904 3372 914 3402; x_wconf 91' lang='lat' dir='ltr'>l</span> <span class='ocrx_word' id='word_1_281' title='bbox 941 3372 1044 3408; x_wconf 66' lang='lat' dir='ltr'>Sent„</span> <span class='ocrx_word' id='word_1_282' title='bbox 1067 3371 1143 3403; x_wconf 87' lang='lat' dir='ltr'>dist.</span> <span class='ocrx_word' id='word_1_283' title='bbox 1161 3379 1263 3411; x_wconf 78' lang='lat' dir='ltr'>xxvi,</span> 
     </span>
     <span class='ocr_line' id='line_1_44' title="bbox 243 3419 1261 3460; baseline 0 -11"><span class='ocrx_word' id='word_1_284' title='bbox 243 3427 276 3458; x_wconf 89' lang='lat' dir='ltr'>q.</span> <span class='ocrx_word' id='word_1_285' title='bbox 296 3426 343 3458; x_wconf 85' lang='grc'>11,</span> <span class='ocrx_word' id='word_1_286' title='bbox 366 3421 428 3450; x_wconf 83' lang='lat' dir='ltr'>art.</span> <span class='ocrx_word' id='word_1_287' title='bbox 448 3422 485 3459; x_wconf 83' lang='lat'>13</span> <span class='ocrx_word' id='word_1_288' title='bbox 508 3420 650 3460; x_wconf 82' lang='lat' dir='ltr'>Scotus,</span> <span class='ocrx_word' id='word_1_289' title='bbox 679 3421 689 3451; x_wconf 85' lang='lat' dir='ltr'>l</span> <span class='ocrx_word' id='word_1_290' title='bbox 715 3421 819 3460; x_wconf 73' lang='lat' dir='ltr'>Sent.,</span> <span class='ocrx_word' id='word_1_291' title='bbox 840 3419 916 3450; x_wconf 71' lang='lat' dir='ltr'>dist.</span> <span class='ocrx_word' id='word_1_292' title='bbox 938 3426 1067 3459; x_wconf 77' lang='lat' dir='ltr'>xxxin,</span> <span class='ocrx_word' id='word_1_293' title='bbox 1089 3428 1122 3459; x_wconf 82' lang='lat' dir='ltr'>q.</span> <span class='ocrx_word' id='word_1_294' title='bbox 1141 3419 1261 3459; x_wconf 68' lang='lat' dir='ltr'>unica,</span> 
     </span>
     <span class='ocr_line' id='line_1_45' title="bbox 245 3466 1263 3508; baseline 0.001 -12"><span class='ocrx_word' id='word_1_295' title='bbox 245 3466 396 3506; x_wconf 83' lang='lat' dir='ltr'>AEgidius</span> <span class='ocrx_word' id='word_1_296' title='bbox 415 3468 528 3507; x_wconf 86' lang='lat' dir='ltr'>Rom.‚</span> <span class='ocrx_word' id='word_1_297' title='bbox 549 3468 560 3498; x_wconf 92' lang='lat'><em>1</em></span> <span class='ocrx_word' id='word_1_298' title='bbox 578 3468 682 3508; x_wconf 62' lang='lat' dir='ltr'>Sene„</span> <span class='ocrx_word' id='word_1_299' title='bbox 703 3468 779 3499; x_wconf 75' lang='lat' dir='ltr'>dist.</span> <span class='ocrx_word' id='word_1_300' title='bbox 797 3474 931 3507; x_wconf 73' lang='lat' dir='ltr'>XXXIII,</span> <span class='ocrx_word' id='word_1_301' title='bbox 954 3475 986 3507; x_wconf 88' lang='lat' dir='ltr'>q.</span> <span class='ocrx_word' id='word_1_302' title='bbox 1008 3474 1040 3506; x_wconf 86' lang='grc'>15</span> <span class='ocrx_word' id='word_1_303' title='bbox 1060 3466 1263 3506; x_wconf 80' lang='lat' dir='ltr'>Riehardus,</span> 
     </span>
     <span class='ocr_line' id='line_1_46' title="bbox 247 3513 1264 3556; baseline 0.002 -13"><span class='ocrx_word' id='word_1_304' title='bbox 247 3513 258 3543; x_wconf 91' lang='lat'><em>1</em></span> <span class='ocrx_word' id='word_1_305' title='bbox 277 3513 382 3554; x_wconf 68' lang='lat' dir='ltr'>Sem„</span> <span class='ocrx_word' id='word_1_306' title='bbox 402 3514 478 3546; x_wconf 87' lang='lat' dir='ltr'>dist.</span> <span class='ocrx_word' id='word_1_307' title='bbox 498 3523 629 3555; x_wconf 79' lang='lat' dir='ltr'>xxxlu,</span> <span class='ocrx_word' id='word_1_308' title='bbox 649 3525 682 3556; x_wconf 87' lang='lat' dir='ltr'>q.</span> <span class='ocrx_word' id='word_1_309' title='bbox 703 3524 750 3556; x_wconf 86' lang='grc'>115</span> <span class='ocrx_word' id='word_1_310' title='bbox 773 3516 892 3547; x_wconf 86' lang='lat' dir='ltr'>Franc.</span> <span class='ocrx_word' id='word_1_311' title='bbox 919 3514 959 3546; x_wconf 87' lang='lat' dir='ltr'>de</span> <span class='ocrx_word' id='word_1_312' title='bbox 988 3515 1108 3556; x_wconf 87' lang='lat' dir='ltr'>Mayr.,</span> <span class='ocrx_word' id='word_1_313' title='bbox 1129 3515 1140 3545; x_wconf 87' lang='lat'><em>1</em></span> <span class='ocrx_word' id='word_1_314' title='bbox 1160 3516 1264 3554; x_wconf 63' lang='lat' dir='ltr'>Sem,</span> 
     </span>
     <span class='ocr_line' id='line_1_47' title="bbox 247 3559 1265 3604; baseline 0.002 -13"><span class='ocrx_word' id='word_1_315' title='bbox 247 3559 322 3592; x_wconf 85' lang='lat' dir='ltr'>dist.</span> <span class='ocrx_word' id='word_1_316' title='bbox 337 3569 473 3603; x_wconf 81' lang='lat' dir='ltr'>xxxni,</span> <span class='ocrx_word' id='word_1_317' title='bbox 493 3572 527 3603; x_wconf 81' lang='lat' dir='ltr'>q.</span> <span class='ocrx_word' id='word_1_318' title='bbox 549 3570 596 3604; x_wconf 83' lang='lat'>113</span> <span class='ocrx_word' id='word_1_319' title='bbox 616 3563 737 3595; x_wconf 86' lang='lat' dir='ltr'>Thom.</span> <span class='ocrx_word' id='word_1_320' title='bbox 758 3564 852 3604; x_wconf 58' lang='lat' dir='ltr'>Arg„</span> <span class='ocrx_word' id='word_1_321' title='bbox 875 3563 887 3594; x_wconf 89' lang='lat' dir='ltr'>l</span> <span class='ocrx_word' id='word_1_322' title='bbox 908 3562 1012 3602; x_wconf 66' lang='lat' dir='ltr'>Seni„</span> <span class='ocrx_word' id='word_1_323' title='bbox 1035 3562 1110 3594; x_wconf 85' lang='lat' dir='ltr'>dist.</span> <span class='ocrx_word' id='word_1_324' title='bbox 1131 3569 1265 3601; x_wconf 84' lang='lat' dir='ltr'>xxxm,</span> 
     </span>
    </p>
   </div>
   <div class='ocr_carea' id='block_1_12' title="bbox 432 3634 589 3664">
    <p class='ocr_par' dir='ltr' id='par_1_13' title="bbox 432 3634 589 3664">
     <span class='ocr_line' id='line_1_48' title="bbox 432 3634 589 3664; baseline 0.006 -2"><span class='ocrx_word' id='word_1_325' title='bbox 432 3634 530 3663; x_wconf 84' lang='lat' dir='ltr'><strong>TOM.</strong></span> <span class='ocrx_word' id='word_1_326' title='bbox 560 3635 589 3664; x_wconf 93' lang='grc' dir='ltr'>Ι.</span> 
     </span>
    </p>
   </div>
   <div class='ocr_carea' id='block_1_13' title="bbox 2245 233 2321 272">
    <p class='ocr_par' dir='ltr' id='par_1_14' title="bbox 2245 233 2321 272">
     <span class='ocr_line' id='line_1_49' title="bbox 2245 233 2321 272; baseline 0.013 -1"><span class='ocrx_word' id='word_1_327' title='bbox 2245 233 2321 272; x_wconf 73' lang='lat'>5029</span> 
     </span>
    </p>
   </div>
   <div class='ocr_carea' id='block_1_14' title="bbox 1307 320 2354 2744">
    <p class='ocr_par' dir='ltr' id='par_1_15' title="bbox 1307 320 2330 732">
     <span class='ocr_line' id='line_1_50' title="bbox 1307 320 2324 374; baseline -0.008 -7"><span class='ocrx_word' id='word_1_328' title='bbox 1307 326 1517 374; x_wconf 75' lang='lat' dir='ltr'>ternitas;</span> <span class='ocrx_word' id='word_1_329' title='bbox 1549 326 1589 364; x_wconf 89' lang='lat' dir='ltr'>et</span> <span class='ocrx_word' id='word_1_330' title='bbox 1613 335 1700 363; x_wconf 90' lang='lat' dir='ltr'>non</span> <span class='ocrx_word' id='word_1_331' title='bbox 1728 322 1894 361; x_wconf 87' lang='lat' dir='ltr'>tantum</span> <span class='ocrx_word' id='word_1_332' title='bbox 1922 323 1983 360; x_wconf 90' lang='lat' dir='ltr'>est</span> <span class='ocrx_word' id='word_1_333' title='bbox 2015 320 2247 361; x_wconf 73' lang='lat' dir='ltr'>differentia</span> <span class='ocrx_word' id='word_1_334' title='bbox 2279 320 2324 359; x_wconf 89' lang='lat' dir='ltr'>in</span> 
     </span>
     <span class='ocr_line' id='line_1_51' title="bbox 1307 390 2326 448; baseline -0.007 -12"><span class='ocrx_word' id='word_1_335' title='bbox 1307 396 1431 436; x_wconf 79' lang='lat' dir='ltr'>niodo</span> <span class='ocrx_word' id='word_1_336' title='bbox 1452 395 1662 448; x_wconf 89' lang='lat' dir='ltr'>loquendi,</span> <span class='ocrx_word' id='word_1_337' title='bbox 1680 393 1781 445; x_wconf 90' lang='lat' dir='ltr'>quia</span> <span class='ocrx_word' id='word_1_338' title='bbox 1794 391 1949 444; x_wconf 86' lang='lat' dir='ltr'>aliquid</span> <span class='ocrx_word' id='word_1_339' title='bbox 1966 391 2115 431; x_wconf 89' lang='lat' dir='ltr'>dicitur</span> <span class='ocrx_word' id='word_1_340' title='bbox 2134 392 2183 432; x_wconf 91' lang='lat' dir='ltr'>de</span> <span class='ocrx_word' id='word_1_341' title='bbox 2204 390 2326 431; x_wconf 87' lang='lat' dir='ltr'>Patre</span> 
     </span>
     <span class='ocr_line' id='line_1_52' title="bbox 1308 462 2329 520; baseline -0.006 -13"><span class='ocrx_word' id='word_1_342' title='bbox 1308 467 1419 520; x_wconf 87' lang='lat' dir='ltr'>quod</span> <span class='ocrx_word' id='word_1_343' title='bbox 1446 479 1532 506; x_wconf 89' lang='lat' dir='ltr'>non</span> <span class='ocrx_word' id='word_1_344' title='bbox 1559 466 1608 506; x_wconf 88' lang='lat' dir='ltr'>de</span> <span class='ocrx_word' id='word_1_345' title='bbox 1637 464 1882 518; x_wconf 87' lang='lat' dir='ltr'>paternitate</span> <span class='ocrx_word' id='word_1_346' title='bbox 1905 475 1914 502; x_wconf 94' lang='lat'><strong>:</strong></span> <span class='ocrx_word' id='word_1_347' title='bbox 1940 474 2042 513; x_wconf 79' lang='lat' dir='ltr'>ergo</span> <span class='ocrx_word' id='word_1_348' title='bbox 2062 474 2160 502; x_wconf 88' lang='lat' dir='ltr'>vere</span> <span class='ocrx_word' id='word_1_349' title='bbox 2189 462 2329 502; x_wconf 82' lang='lat' dir='ltr'>differt</span> 
     </span>
     <span class='ocr_line' id='line_1_53' title="bbox 1309 534 2330 591; baseline -0.005 -13"><span class='ocrx_word' id='word_1_350' title='bbox 1309 539 1537 591; x_wconf 84' lang='lat' dir='ltr'>paternitas</span> <span class='ocrx_word' id='word_1_351' title='bbox 1555 551 1579 577; x_wconf 87' lang='lat' dir='ltr'>a</span> <span class='ocrx_word' id='word_1_352' title='bbox 1598 549 1776 590; x_wconf 87' lang='lat' dir='ltr'>persona</span> <span class='ocrx_word' id='word_1_353' title='bbox 1808 550 1816 576; x_wconf 87' lang='lat'><strong>:</strong></span> <span class='ocrx_word' id='word_1_354' title='bbox 1841 535 1911 575; x_wconf 87' lang='lat' dir='ltr'>sed</span> <span class='ocrx_word' id='word_1_355' title='bbox 1937 534 2050 587; x_wconf 90' lang='lat' dir='ltr'>quod</span> <span class='ocrx_word' id='word_1_356' title='bbox 2069 546 2166 576; x_wconf 80' lang='lat' dir='ltr'>vere</span> <span class='ocrx_word' id='word_1_357' title='bbox 2191 534 2330 574; x_wconf 85' lang='lat' dir='ltr'>differt</span> 
     </span>
     <span class='ocr_line' id='line_1_54' title="bbox 1310 605 2330 662; baseline -0.005 -12"><span class='ocrx_word' id='word_1_358' title='bbox 1310 611 1362 651; x_wconf 89' lang='lat' dir='ltr'>ab</span> <span class='ocrx_word' id='word_1_359' title='bbox 1393 610 1494 659; x_wconf 89' lang='lat' dir='ltr'>alio,</span> <span class='ocrx_word' id='word_1_360' title='bbox 1515 622 1603 650; x_wconf 90' lang='lat' dir='ltr'>non</span> <span class='ocrx_word' id='word_1_361' title='bbox 1634 609 1883 662; x_wconf 70' lang='lat' dir='ltr'>praedicatur</span> <span class='ocrx_word' id='word_1_362' title='bbox 1915 607 1965 647; x_wconf 88' lang='lat' dir='ltr'>de</span> <span class='ocrx_word' id='word_1_363' title='bbox 1997 618 2045 646; x_wconf 88' lang='lat' dir='ltr'>eo</span> <span class='ocrx_word' id='word_1_364' title='bbox 2077 605 2120 645; x_wconf 91' lang='lat' dir='ltr'>in</span> <span class='ocrx_word' id='word_1_365' title='bbox 2147 606 2330 646; x_wconf 86' lang='lat' dir='ltr'>abstrac-</span> 
     </span>
     <span class='ocr_line' id='line_1_55' title="bbox 1310 682 1684 732; baseline 0.003 -11"><span class='ocrx_word' id='word_1_366' title='bbox 1310 682 1421 722; x_wconf 85' lang='lat' dir='ltr'>tione</span> <span class='ocrx_word' id='word_1_367' title='bbox 1442 697 1449 722; x_wconf 92' lang='lat'>:</span> <span class='ocrx_word' id='word_1_368' title='bbox 1473 693 1590 732; x_wconf 76' lang='lat' dir='ltr'>ergo,</span> <span class='ocrx_word' id='word_1_369' title='bbox 1607 684 1684 722; x_wconf 87' lang='lat' dir='ltr'>etc.</span> 
     </span>
    </p>

    <p class='ocr_par' dir='ltr' id='par_1_16' title="bbox 1312 750 2354 2169">
     <span class='ocr_line' id='line_1_56' title="bbox 1367 750 2334 804; baseline -0.004 -11"><span class='ocrx_word' id='word_1_370' title='bbox 1367 757 1404 794; x_wconf 85' lang='lat'>3.</span> <span class='ocrx_word' id='word_1_371' title='bbox 1426 753 1550 803; x_wconf 87' lang='lat' dir='ltr'>Item,</span> <span class='ocrx_word' id='word_1_372' title='bbox 1581 753 1824 804; x_wconf 87' lang='lat' dir='ltr'>ubicunque</span> <span class='ocrx_word' id='word_1_373' title='bbox 1852 753 1913 792; x_wconf 89' lang='lat' dir='ltr'>est</span> <span class='ocrx_word' id='word_1_374' title='bbox 1931 750 2170 791; x_wconf 88' lang='lat' dir='ltr'>absolutum</span> <span class='ocrx_word' id='word_1_375' title='bbox 2189 751 2230 789; x_wconf 89' lang='lat' dir='ltr'>et</span> <span class='ocrx_word' id='word_1_376' title='bbox 2247 760 2334 789; x_wconf 89' lang='lat' dir='ltr'>res-</span> 
     </span>
     <span class='ocr_line' id='line_1_57' title="bbox 1312 822 2333 878; baseline -0.006 -13"><span class='ocrx_word' id='word_1_377' title='bbox 1312 825 1543 878; x_wconf 84' lang='lat' dir='ltr'>pectivum,</span> <span class='ocrx_word' id='word_1_378' title='bbox 1560 823 1803 864; x_wconf 87' lang='lat' dir='ltr'>absolutum</span> <span class='ocrx_word' id='word_1_379' title='bbox 1821 834 1905 862; x_wconf 89' lang='lat' dir='ltr'>non</span> <span class='ocrx_word' id='word_1_380' title='bbox 1925 824 1987 862; x_wconf 87' lang='lat' dir='ltr'>est</span> <span class='ocrx_word' id='word_1_381' title='bbox 2004 822 2090 874; x_wconf 88' lang='lat' dir='ltr'>ipse</span> <span class='ocrx_word' id='word_1_382' title='bbox 2106 822 2333 873; x_wconf 89' lang='lat' dir='ltr'>respectus,</span> 
     </span>
     <span class='ocr_line' id='line_1_58' title="bbox 1314 891 2337 950; baseline -0.006 -13"><span class='ocrx_word' id='word_1_383' title='bbox 1314 899 1693 950; x_wconf 82' lang='lat' dir='ltr'>quantumcunque</span> <span class='ocrx_word' id='word_1_384' title='bbox 1753 894 1888 946; x_wconf 91' lang='lat' dir='ltr'>seipso</span> <span class='ocrx_word' id='word_1_385' title='bbox 1941 893 2172 942; x_wconf 83' lang='lat' dir='ltr'>referatur3</span> <span class='ocrx_word' id='word_1_386' title='bbox 2224 891 2337 932; x_wconf 89' lang='lat' dir='ltr'>unde</span> 
     </span>
     <span class='ocr_line' id='line_1_59' title="bbox 1315 963 2339 1020; baseline -0.005 -12"><span class='ocrx_word' id='word_1_387' title='bbox 1315 968 1512 1020; x_wconf 86' lang='lat' dir='ltr'>quamvis</span> <span class='ocrx_word' id='word_1_388' title='bbox 1548 966 1726 1007; x_wconf 88' lang='lat' dir='ltr'>materia</span> <span class='ocrx_word' id='word_1_389' title='bbox 1759 965 1893 1017; x_wconf 89' lang='lat' dir='ltr'>seipsa</span> <span class='ocrx_word' id='word_1_390' title='bbox 1923 964 2128 1005; x_wconf 84' lang='lat' dir='ltr'>referatur</span> <span class='ocrx_word' id='word_1_391' title='bbox 2166 963 2218 1004; x_wconf 89' lang='lat' dir='ltr'>ad</span> <span class='ocrx_word' id='word_1_392' title='bbox 2260 963 2339 1003; x_wconf 76' lang='lat' dir='ltr'>sor—</span> 
     </span>
     <span class='ocr_line' id='line_1_60' title="bbox 1316 1036 2340 1090; baseline -0.006 -9"><span class='ocrx_word' id='word_1_393' title='bbox 1316 1053 1452 1089; x_wconf 87' lang='lat' dir='ltr'>mam,</span> <span class='ocrx_word' id='word_1_394' title='bbox 1483 1043 1625 1080; x_wconf 89' lang='lat' dir='ltr'>tamen</span> <span class='ocrx_word' id='word_1_395' title='bbox 1644 1051 1729 1079; x_wconf 88' lang='lat' dir='ltr'>non</span> <span class='ocrx_word' id='word_1_396' title='bbox 1749 1040 1810 1078; x_wconf 88' lang='lat' dir='ltr'>est</span> <span class='ocrx_word' id='word_1_397' title='bbox 1827 1038 1916 1090; x_wconf 91' lang='lat' dir='ltr'>ipse</span> <span class='ocrx_word' id='word_1_398' title='bbox 1934 1038 2147 1089; x_wconf 88' lang='lat' dir='ltr'>respectus</span> <span class='ocrx_word' id='word_1_399' title='bbox 2173 1036 2225 1076; x_wconf 87' lang='lat' dir='ltr'>ad</span> <span class='ocrx_word' id='word_1_400' title='bbox 2248 1036 2340 1076; x_wconf 86' lang='lat' dir='ltr'>for-</span> 
     </span>
     <span class='ocr_line' id='line_1_61' title="bbox 1318 1111 2343 1166; baseline -0.005 -11"><span class='ocrx_word' id='word_1_401' title='bbox 1318 1127 1433 1155; x_wconf 88' lang='lat' dir='ltr'>mam</span> <span class='ocrx_word' id='word_1_402' title='bbox 1453 1127 1462 1154; x_wconf 91' lang='lat'>:</span> <span class='ocrx_word' id='word_1_403' title='bbox 1485 1126 1588 1166; x_wconf 79' lang='lat' dir='ltr'>ergo</span> <span class='ocrx_word' id='word_1_404' title='bbox 1605 1126 1702 1154; x_wconf 90' lang='lat' dir='ltr'>cum</span> <span class='ocrx_word' id='word_1_405' title='bbox 1722 1113 1769 1153; x_wconf 90' lang='lat' dir='ltr'>in</span> <span class='ocrx_word' id='word_1_406' title='bbox 1788 1111 1942 1153; x_wconf 91' lang='lat' dir='ltr'>divinis</span> <span class='ocrx_word' id='word_1_407' title='bbox 1971 1123 2148 1164; x_wconf 87' lang='lat' dir='ltr'>persona</span> <span class='ocrx_word' id='word_1_408' title='bbox 2172 1123 2271 1153; x_wconf 85' lang='lat' dir='ltr'>vere</span> <span class='ocrx_word' id='word_1_409' title='bbox 2290 1111 2343 1151; x_wconf 89' lang='lat' dir='ltr'>sit</span> 
     </span>
     <span class='ocr_line' id='line_1_62' title="bbox 1320 1183 2343 1236; baseline -0.004 -10"><span class='ocrx_word' id='word_1_410' title='bbox 1320 1186 1552 1227; x_wconf 85' lang='lat' dir='ltr'>substantia</span> <span class='ocrx_word' id='word_1_411' title='bbox 1570 1185 1773 1236; x_wconf 88' lang='lat' dir='ltr'>absoluta,</span> <span class='ocrx_word' id='word_1_412' title='bbox 1792 1184 1939 1225; x_wconf 87' lang='lat' dir='ltr'>relatio</span> <span class='ocrx_word' id='word_1_413' title='bbox 1962 1183 2013 1223; x_wconf 87' lang='lat' dir='ltr'>sit</span> <span class='ocrx_word' id='word_1_414' title='bbox 2031 1195 2159 1224; x_wconf 88' lang='lat' dir='ltr'>verus</span> <span class='ocrx_word' id='word_1_415' title='bbox 2176 1195 2343 1236; x_wconf 86' lang='lat' dir='ltr'>respec-</span> 
     </span>
     <span class='ocr_line' id='line_1_63' title="bbox 1319 1255 2343 1311; baseline -0.005 -12"><span class='ocrx_word' id='word_1_416' title='bbox 1319 1262 1402 1307; x_wconf 82' lang='lat' dir='ltr'>tus,</span> <span class='ocrx_word' id='word_1_417' title='bbox 1434 1260 1814 1311; x_wconf 84' lang='lat' dir='ltr'>quantuncumque</span> <span class='ocrx_word' id='word_1_418' title='bbox 1845 1256 1980 1308; x_wconf 90' lang='lat' dir='ltr'>seipsa</span> <span class='ocrx_word' id='word_1_419' title='bbox 2009 1255 2215 1295; x_wconf 84' lang='lat' dir='ltr'>referatur</span> <span class='ocrx_word' id='word_1_420' title='bbox 2244 1266 2343 1308; x_wconf 89' lang='lat' dir='ltr'>per-</span> 
     </span>
     <span class='ocr_line' id='line_1_64' title="bbox 1320 1327 2344 1382; baseline -0.005 -11"><span class='ocrx_word' id='word_1_421' title='bbox 1320 1343 1437 1382; x_wconf 88' lang='lat' dir='ltr'>sona,</span> <span class='ocrx_word' id='word_1_422' title='bbox 1459 1342 1545 1371; x_wconf 90' lang='lat' dir='ltr'>non</span> <span class='ocrx_word' id='word_1_423' title='bbox 1564 1331 1625 1370; x_wconf 89' lang='lat' dir='ltr'>est</span> <span class='ocrx_word' id='word_1_424' title='bbox 1644 1340 1771 1370; x_wconf 88' lang='lat' dir='ltr'>verus</span> <span class='ocrx_word' id='word_1_425' title='bbox 1788 1329 2015 1380; x_wconf 88' lang='lat' dir='ltr'>respectus,</span> <span class='ocrx_word' id='word_1_426' title='bbox 2038 1327 2124 1368; x_wconf 86' lang='lat' dir='ltr'>sive</span> <span class='ocrx_word' id='word_1_427' title='bbox 2146 1327 2234 1379; x_wconf 88' lang='lat' dir='ltr'>ipse</span> <span class='ocrx_word' id='word_1_428' title='bbox 2253 1337 2344 1367; x_wconf 90' lang='lat' dir='ltr'>res-</span> 
     </span>
     <span class='ocr_line' id='line_1_65' title="bbox 1321 1399 2347 1456; baseline -0.005 -13"><span class='ocrx_word' id='word_1_429' title='bbox 1321 1406 1481 1456; x_wconf 87' lang='lat' dir='ltr'>pectus,</span> <span class='ocrx_word' id='word_1_430' title='bbox 1501 1414 1578 1442; x_wconf 89' lang='lat' dir='ltr'>nec</span> <span class='ocrx_word' id='word_1_431' title='bbox 1594 1414 1616 1442; x_wconf 90' lang='lat' dir='ltr'>e</span> <span class='ocrx_word' id='word_1_432' title='bbox 1630 1412 1831 1442; x_wconf 88' lang='lat' dir='ltr'>converso</span> <span class='ocrx_word' id='word_1_433' title='bbox 1854 1414 1862 1440; x_wconf 76' lang='grc' dir='ltr'>ε</span> <span class='ocrx_word' id='word_1_434' title='bbox 1885 1412 1988 1452; x_wconf 78' lang='lat' dir='ltr'>ergo</span> <span class='ocrx_word' id='word_1_435' title='bbox 2007 1399 2241 1452; x_wconf 88' lang='lat' dir='ltr'>proprietas</span> <span class='ocrx_word' id='word_1_436' title='bbox 2258 1410 2347 1439; x_wconf 90' lang='lat' dir='ltr'>non</span> 
     </span>
     <span class='ocr_line' id='line_1_66' title="bbox 1321 1470 2344 1527; baseline -0.005 -13"><span class='ocrx_word' id='word_1_437' title='bbox 1321 1477 1382 1515; x_wconf 89' lang='lat' dir='ltr'>est</span> <span class='ocrx_word' id='word_1_438' title='bbox 1400 1475 1489 1527; x_wconf 86' lang='lat' dir='ltr'>ipsa</span> <span class='ocrx_word' id='word_1_439' title='bbox 1507 1486 1701 1526; x_wconf 90' lang='lat' dir='ltr'>persona.</span> <span class='ocrx_word' id='word_1_440' title='bbox 1725 1472 1788 1513; x_wconf 78' lang='lat' dir='ltr'>Ex</span> <span class='ocrx_word' id='word_1_441' title='bbox 1806 1471 1872 1512; x_wconf 91' lang='lat' dir='ltr'>his</span> <span class='ocrx_word' id='word_1_442' title='bbox 1890 1471 2027 1511; x_wconf 87' lang='lat' dir='ltr'>tribus</span> <span class='ocrx_word' id='word_1_443' title='bbox 2045 1470 2344 1523; x_wconf 85' lang='lat' dir='ltr'>suppositioni-</span> 
     </span>
     <span class='ocr_line' id='line_1_67' title="bbox 1322 1543 2348 1597; baseline -0.004 -12"><span class='ocrx_word' id='word_1_444' title='bbox 1322 1546 1401 1585; x_wconf 86' lang='lat' dir='ltr'>bus</span> <span class='ocrx_word' id='word_1_445' title='bbox 1418 1545 1626 1597; x_wconf 78' lang='lat' dir='ltr'>arguebat</span> <span class='ocrx_word' id='word_1_446' title='bbox 1649 1544 1902 1585; x_wconf 82' lang='lat' dir='ltr'>Porretanus</span> <span class='ocrx_word' id='word_1_447' title='bbox 1925 1543 2037 1596; x_wconf 91' lang='lat' dir='ltr'>quod</span> <span class='ocrx_word' id='word_1_448' title='bbox 2056 1554 2234 1595; x_wconf 86' lang='lat' dir='ltr'>persona</span> <span class='ocrx_word' id='word_1_449' title='bbox 2261 1554 2348 1582; x_wconf 90' lang='lat' dir='ltr'>non</span> 
     </span>
     <span class='ocr_line' id='line_1_68' title="bbox 1323 1614 2349 1670; baseline -0.004 -13"><span class='ocrx_word' id='word_1_450' title='bbox 1323 1620 1384 1657; x_wconf 87' lang='lat' dir='ltr'>est</span> <span class='ocrx_word' id='word_1_451' title='bbox 1402 1617 1648 1670; x_wconf 80' lang='lat' dir='ltr'>proprietaS,</span> <span class='ocrx_word' id='word_1_452' title='bbox 1667 1628 1744 1656; x_wconf 89' lang='lat' dir='ltr'>nec</span> <span class='ocrx_word' id='word_1_453' title='bbox 1759 1628 1782 1656; x_wconf 91' lang='lat' dir='ltr'>e</span> <span class='ocrx_word' id='word_1_454' title='bbox 1800 1626 2002 1655; x_wconf 89' lang='lat' dir='ltr'>converso</span> <span class='ocrx_word' id='word_1_455' title='bbox 2020 1630 2028 1654; x_wconf 88' lang='grc'>;</span> <span class='ocrx_word' id='word_1_456' title='bbox 2046 1617 2085 1654; x_wconf 87' lang='lat' dir='ltr'>et</span> <span class='ocrx_word' id='word_1_457' title='bbox 2103 1614 2204 1667; x_wconf 88' lang='lat' dir='ltr'>quia</span> <span class='ocrx_word' id='word_1_458' title='bbox 2224 1625 2349 1655; x_wconf 90' lang='lat' dir='ltr'>omne</span> 
     </span>
     <span class='ocr_line' id='line_1_69' title="bbox 1323 1688 2350 1741; baseline -0.003 -12"><span class='ocrx_word' id='word_1_459' title='bbox 1323 1688 1436 1741; x_wconf 85' lang='lat' dir='ltr'>quod</span> <span class='ocrx_word' id='word_1_460' title='bbox 1467 1691 1528 1728; x_wconf 92' lang='lat' dir='ltr'>est</span> <span class='ocrx_word' id='word_1_461' title='bbox 1562 1689 1607 1728; x_wconf 89' lang='lat' dir='ltr'>in</span> <span class='ocrx_word' id='word_1_462' title='bbox 1637 1699 1837 1741; x_wconf 88' lang='lat' dir='ltr'>persona,</span> <span class='ocrx_word' id='word_1_463' title='bbox 1870 1689 1931 1727; x_wconf 87' lang='lat' dir='ltr'>est</span> <span class='ocrx_word' id='word_1_464' title='bbox 1966 1697 2146 1739; x_wconf 86' lang='lat' dir='ltr'>persona</span> <span class='ocrx_word' id='word_1_465' title='bbox 2181 1688 2350 1739; x_wconf 86' lang='lat' dir='ltr'>propter</span> 
     </span>
     <span class='ocr_line' id='line_1_70' title="bbox 1324 1757 2351 1813; baseline -0.003 -13"><span class='ocrx_word' id='word_1_466' title='bbox 1324 1772 1538 1800; x_wconf 88' lang='lat' dir='ltr'>summam</span> <span class='ocrx_word' id='word_1_467' title='bbox 1571 1759 1902 1813; x_wconf 87' lang='lat' dir='ltr'>simplicitatem,</span> <span class='ocrx_word' id='word_1_468' title='bbox 1934 1759 2141 1811; x_wconf 83' lang='lat' dir='ltr'>arguebat</span> <span class='ocrx_word' id='word_1_469' title='bbox 2172 1757 2351 1798; x_wconf 89' lang='lat' dir='ltr'>ulterius</span> 
     </span>
     <span class='ocr_line' id='line_1_71' title="bbox 1324 1829 2352 1885; baseline -0.002 -13"><span class='ocrx_word' id='word_1_470' title='bbox 1324 1832 1438 1885; x_wconf 91' lang='lat' dir='ltr'>quod</span> <span class='ocrx_word' id='word_1_471' title='bbox 1454 1832 1728 1885; x_wconf 88' lang='lat' dir='ltr'>proprietates</span> <span class='ocrx_word' id='word_1_472' title='bbox 1747 1843 1834 1870; x_wconf 92' lang='lat' dir='ltr'>non</span> <span class='ocrx_word' id='word_1_473' title='bbox 1853 1833 1954 1871; x_wconf 89' lang='lat' dir='ltr'>sunt</span> <span class='ocrx_word' id='word_1_474' title='bbox 1979 1830 2024 1870; x_wconf 88' lang='lat' dir='ltr'>in</span> <span class='ocrx_word' id='word_1_475' title='bbox 2049 1830 2259 1882; x_wconf 89' lang='lat' dir='ltr'>personis,</span> <span class='ocrx_word' id='word_1_476' title='bbox 2280 1829 2352 1870; x_wconf 86' lang='lat' dir='ltr'>sed</span> 
     </span>
     <span class='ocr_line' id='line_1_72' title="bbox 1325 1901 2349 1955; baseline -0.003 -11"><span class='ocrx_word' id='word_1_477' title='bbox 1325 1904 1537 1944; x_wconf 88' lang='lat' dir='ltr'>assistunt.</span> <span class='ocrx_word' id='word_1_478' title='bbox 1555 1903 1605 1944; x_wconf 85' lang='lat' dir='ltr'>Et</span> <span class='ocrx_word' id='word_1_479' title='bbox 1621 1902 1733 1955; x_wconf 88' lang='lat' dir='ltr'>quod</span> <span class='ocrx_word' id='word_1_480' title='bbox 1750 1903 1829 1943; x_wconf 86' lang='lat' dir='ltr'>ista</span> <span class='ocrx_word' id='word_1_481' title='bbox 1848 1901 2000 1954; x_wconf 87' lang='lat' dir='ltr'>positio</span> <span class='ocrx_word' id='word_1_482' title='bbox 2015 1901 2066 1942; x_wconf 88' lang='lat' dir='ltr'>sit</span> <span class='ocrx_word' id='word_1_483' title='bbox 2079 1901 2349 1950; x_wconf 83' lang='lat' dir='ltr'>conveniens,</span> 
     </span>
     <span class='ocr_line' id='line_1_73' title="bbox 1325 1972 2352 2017; baseline -0.005 0"><span class='ocrx_word' id='word_1_484' title='bbox 1325 1976 1492 2017; x_wconf 86' lang='lat' dir='ltr'>videtur</span> <span class='ocrx_word' id='word_1_485' title='bbox 1512 1975 1758 2016; x_wconf 86' lang='lat' dir='ltr'>auctoritate</span> <span class='ocrx_word' id='word_1_486' title='bbox 1778 1973 1909 2014; x_wconf 88' lang='lat' dir='ltr'>Boetii</span> <span class='ocrx_word' id='word_1_487' title='bbox 1928 1973 1979 2015; x_wconf 79' lang='lat' dir='ltr'>de</span> <span class='ocrx_word' id='word_1_488' title='bbox 2005 1973 2214 2015; x_wconf 73' lang='lat' dir='ltr'>Trinitate</span> <span class='ocrx_word' id='word_1_489' title='bbox 2230 1974 2243 1994; x_wconf 73' lang='lat'><strong>2</strong></span> <span class='ocrx_word' id='word_1_490' title='bbox 2260 1986 2274 2012; x_wconf 88' lang='grc'>.·</span> <span class='ocrx_word' id='word_1_491' title='bbox 2294 1972 2352 2013; x_wconf 91' lang='lat' dir='ltr'>di-</span> 
     </span>
     <span class='ocr_line' id='line_1_74' title="bbox 1326 2044 2354 2099; baseline -0.003 -12"><span class='ocrx_word' id='word_1_492' title='bbox 1326 2047 1380 2087; x_wconf 93' lang='lat' dir='ltr'>cit</span> <span class='ocrx_word' id='word_1_493' title='bbox 1400 2047 1515 2088; x_wconf 82' lang='lat' dir='ltr'>enim</span> <span class='ocrx_word' id='word_1_494' title='bbox 1533 2046 1647 2099; x_wconf 89' lang='lat' dir='ltr'>quod</span> <span class='ocrx_word' id='word_1_495' title='bbox 1665 2045 1811 2086; x_wconf 86' lang='lat' dir='ltr'>relatio</span> <span class='ocrx_word' id='word_1_496' title='bbox 1830 2057 1917 2086; x_wconf 90' lang='lat' dir='ltr'>non</span> <span class='ocrx_word' id='word_1_497' title='bbox 1934 2045 1985 2098; x_wconf 81' lang='lat' dir='ltr'>(a)</span> <span class='ocrx_word' id='word_1_498' title='bbox 2007 2045 2051 2085; x_wconf 89' lang='lat' dir='ltr'>in</span> <span class='ocrx_word' id='word_1_499' title='bbox 2073 2057 2137 2094; x_wconf 86' lang='lat' dir='ltr'>eo,</span> <span class='ocrx_word' id='word_1_500' title='bbox 2160 2044 2274 2098; x_wconf 88' lang='lat' dir='ltr'>quod</span> <span class='ocrx_word' id='word_1_501' title='bbox 2292 2046 2354 2085; x_wconf 88' lang='lat' dir='ltr'>est</span> 
     </span>
     <span class='ocr_line' id='line_1_75' title="bbox 1326 2116 2150 2169; baseline -0.002 -10"><span class='ocrx_word' id='word_1_502' title='bbox 1326 2131 1428 2167; x_wconf 89' lang='lat' dir='ltr'>esse,</span> <span class='ocrx_word' id='word_1_503' title='bbox 1448 2118 1647 2167; x_wconf 88' lang='lat' dir='ltr'>consistit,</span> <span class='ocrx_word' id='word_1_504' title='bbox 1669 2117 1741 2158; x_wconf 85' lang='lat' dir='ltr'>sed</span> <span class='ocrx_word' id='word_1_505' title='bbox 1759 2118 1804 2156; x_wconf 89' lang='grc'>111</span> <span class='ocrx_word' id='word_1_506' title='bbox 1824 2116 2150 2169; x_wconf 86' lang='lat' dir='ltr'>comparatione.</span> 
     </span>
    </p>

    <p class='ocr_par' dir='ltr' id='par_1_17' title="bbox 1327 2188 2354 2744">
     <span class='ocr_line' id='line_1_76' title="bbox 1378 2188 2348 2241; baseline -0.001 -11"><span class='ocrx_word' id='word_1_507' title='bbox 1378 2193 1418 2230; x_wconf 71' lang='lat'>4.</span> <span class='ocrx_word' id='word_1_508' title='bbox 1457 2189 1580 2237; x_wconf 88' lang='lat' dir='ltr'>Item,</span> <span class='ocrx_word' id='word_1_509' title='bbox 1613 2189 1694 2229; x_wconf 90' lang='grc'>1100</span> <span class='ocrx_word' id='word_1_510' title='bbox 1725 2188 1865 2241; x_wconf 89' lang='lat' dir='ltr'>ipsum</span> <span class='ocrx_word' id='word_1_511' title='bbox 1896 2188 2128 2229; x_wconf 89' lang='lat' dir='ltr'>ostenditur</span> <span class='ocrx_word' id='word_1_512' title='bbox 2162 2188 2348 2239; x_wconf 87' lang='lat' dir='ltr'>ratione,</span> 
     </span>
     <span class='ocr_line' id='line_1_77' title="bbox 1327 2259 2347 2314; baseline -0.002 -12"><span class='ocrx_word' id='word_1_513' title='bbox 1327 2261 1426 2314; x_wconf 90' lang='lat' dir='ltr'>quia</span> <span class='ocrx_word' id='word_1_514' title='bbox 1453 2273 1579 2301; x_wconf 90' lang='lat' dir='ltr'>omne</span> <span class='ocrx_word' id='word_1_515' title='bbox 1610 2260 1723 2313; x_wconf 90' lang='lat' dir='ltr'>quod</span> <span class='ocrx_word' id='word_1_516' title='bbox 1751 2259 1921 2302; x_wconf 86' lang='lat' dir='ltr'>advenit</span> <span class='ocrx_word' id='word_1_517' title='bbox 1944 2260 2093 2310; x_wconf 89' lang='lat' dir='ltr'>alicui,</span> <span class='ocrx_word' id='word_1_518' title='bbox 2116 2262 2156 2300; x_wconf 89' lang='lat' dir='ltr'>et</span> <span class='ocrx_word' id='word_1_519' title='bbox 2173 2260 2347 2311; x_wconf 84' lang='lat' dir='ltr'>recedit,</span> 
     </span>
     <span class='ocr_line' id='line_1_78' title="bbox 1327 2331 2351 2384; baseline -0.001 -11"><span class='ocrx_word' id='word_1_520' title='bbox 1327 2334 1416 2373; x_wconf 89' lang='lat' dir='ltr'>sine</span> <span class='ocrx_word' id='word_1_521' title='bbox 1448 2333 1515 2373; x_wconf 92' lang='lat' dir='ltr'>sui</span> <span class='ocrx_word' id='word_1_522' title='bbox 1545 2332 1799 2381; x_wconf 82' lang='lat' dir='ltr'>mutatione,</span> <span class='ocrx_word' id='word_1_523' title='bbox 1835 2343 1923 2371; x_wconf 90' lang='lat' dir='ltr'>non</span> <span class='ocrx_word' id='word_1_524' title='bbox 1958 2331 2158 2383; x_wconf 80' lang='lat' dir='ltr'>praedicat</span> <span class='ocrx_word' id='word_1_525' title='bbox 2190 2331 2351 2384; x_wconf 86' lang='lat' dir='ltr'>aliquid</span> 
     </span>
     <span class='ocr_line' id='line_1_79' title="bbox 1327 2402 2352 2458; baseline -0.001 -13"><span class='ocrx_word' id='word_1_526' title='bbox 1327 2404 1439 2458; x_wconf 91' lang='lat' dir='ltr'>quod</span> <span class='ocrx_word' id='word_1_527' title='bbox 1458 2404 1510 2444; x_wconf 89' lang='lat' dir='ltr'>sit</span> <span class='ocrx_word' id='word_1_528' title='bbox 1527 2404 1571 2444; x_wconf 89' lang='lat' dir='ltr'>in</span> <span class='ocrx_word' id='word_1_529' title='bbox 1589 2403 1675 2453; x_wconf 91' lang='lat' dir='ltr'>illo,</span> <span class='ocrx_word' id='word_1_530' title='bbox 1698 2403 1767 2443; x_wconf 89' lang='lat' dir='ltr'>sed</span> <span class='ocrx_word' id='word_1_531' title='bbox 1786 2402 1923 2443; x_wconf 89' lang='lat' dir='ltr'>solum</span> <span class='ocrx_word' id='word_1_532' title='bbox 1945 2405 2006 2443; x_wconf 90' lang='lat' dir='ltr'>est</span> <span class='ocrx_word' id='word_1_533' title='bbox 2024 2403 2220 2444; x_wconf 87' lang='lat' dir='ltr'>assistens</span> <span class='ocrx_word' id='word_1_534' title='bbox 2243 2418 2251 2444; x_wconf 91' lang='lat'><strong>:</strong></span> <span class='ocrx_word' id='word_1_535' title='bbox 2280 2403 2352 2444; x_wconf 85' lang='lat' dir='ltr'>sed</span> 
     </span>
     <span class='ocr_line' id='line_1_80' title="bbox 1327 2473 2354 2528; baseline -0.002 -12"><span class='ocrx_word' id='word_1_536' title='bbox 1327 2476 1472 2516; x_wconf 87' lang='lat' dir='ltr'>relatio</span> <span class='ocrx_word' id='word_1_537' title='bbox 1493 2478 1554 2516; x_wconf 86' lang='lat' dir='ltr'>est</span> <span class='ocrx_word' id='word_1_538' title='bbox 1572 2473 1840 2528; x_wconf 86' lang='lat' dir='ltr'>hujusmodi,</span> <span class='ocrx_word' id='word_1_539' title='bbox 1862 2476 1911 2514; x_wconf 89' lang='lat' dir='ltr'>ut</span> <span class='ocrx_word' id='word_1_540' title='bbox 1934 2476 2048 2527; x_wconf 88' lang='lat' dir='ltr'>patet</span> <span class='ocrx_word' id='word_1_541' title='bbox 2072 2474 2116 2514; x_wconf 89' lang='lat' dir='ltr'>in</span> <span class='ocrx_word' id='word_1_542' title='bbox 2138 2475 2284 2516; x_wconf 82' lang='lat' dir='ltr'>dextro</span> <span class='ocrx_word' id='word_1_543' title='bbox 2312 2477 2354 2515; x_wconf 90' lang='lat' dir='ltr'>et</span> 
     </span>
     <span class='ocr_line' id='line_1_81' title="bbox 1328 2545 2354 2600; baseline -0.001 -12"><span class='ocrx_word' id='word_1_544' title='bbox 1328 2548 1497 2588; x_wconf 89' lang='lat' dir='ltr'>sinistro</span> <span class='ocrx_word' id='word_1_545' title='bbox 1520 2562 1529 2587; x_wconf 87' lang='lat'><strong>:</strong></span> <span class='ocrx_word' id='word_1_546' title='bbox 1556 2558 1678 2598; x_wconf 79' lang='lat' dir='ltr'>ergo,</span> <span class='ocrx_word' id='word_1_547' title='bbox 1711 2548 1789 2586; x_wconf 80' lang='lat' dir='ltr'>ete.</span> <span class='ocrx_word' id='word_1_548' title='bbox 1813 2545 1919 2586; x_wconf 89' lang='lat' dir='ltr'>Cum</span> <span class='ocrx_word' id='word_1_549' title='bbox 1948 2558 2052 2598; x_wconf 84' lang='lat' dir='ltr'>ergo</span> <span class='ocrx_word' id='word_1_550' title='bbox 2080 2546 2354 2600; x_wconf 87' lang='lat' dir='ltr'>proprietates</span> 
     </span>
     <span class='ocr_line' id='line_1_82' title="bbox 1329 2618 2354 2670; baseline -0.001 -11"><span class='ocrx_word' id='word_1_551' title='bbox 1329 2620 1411 2660; x_wconf 85' lang='lat' dir='ltr'>sint</span> <span class='ocrx_word' id='word_1_552' title='bbox 1441 2618 1683 2668; x_wconf 88' lang='lat' dir='ltr'>relationes,</span> <span class='ocrx_word' id='word_1_553' title='bbox 1718 2629 1804 2657; x_wconf 90' lang='lat' dir='ltr'>non</span> <span class='ocrx_word' id='word_1_554' title='bbox 1838 2619 1937 2657; x_wconf 87' lang='lat' dir='ltr'>sunt</span> <span class='ocrx_word' id='word_1_555' title='bbox 1956 2629 2169 2670; x_wconf 71' lang='lat' dir='ltr'>personae,</span> <span class='ocrx_word' id='word_1_556' title='bbox 2201 2630 2279 2659; x_wconf 88' lang='lat' dir='ltr'>nec</span> <span class='ocrx_word' id='word_1_557' title='bbox 2309 2618 2354 2658; x_wconf 91' lang='lat' dir='ltr'>in</span> 
     </span>
     <span class='ocr_line' id='line_1_83' title="bbox 1328 2688 1861 2744; baseline -0.008 -12"><span class='ocrx_word' id='word_1_558' title='bbox 1328 2691 1532 2744; x_wconf 85' lang='lat' dir='ltr'>personis,</span> <span class='ocrx_word' id='word_1_559' title='bbox 1554 2690 1624 2730; x_wconf 90' lang='lat' dir='ltr'>sed</span> <span class='ocrx_word' id='word_1_560' title='bbox 1647 2688 1861 2729; x_wconf 87' lang='lat' dir='ltr'>assistunt.</span> 
     </span>
    </p>
   </div>
   <div class='ocr_carea' id='block_1_15' title="bbox 1384 2760 2513 2814">
    <p class='ocr_par' dir='ltr' id='par_1_18' title="bbox 1384 2760 2513 2814">
     <span class='ocr_line' id='line_1_84' title="bbox 1384 2760 2513 2814; baseline -0.001 -11"><span class='ocrx_word' id='word_1_561' title='bbox 1384 2763 1557 2804; x_wconf 89' lang='lat' dir='ltr'>Contra:</span> <span class='ocrx_word' id='word_1_562' title='bbox 1576 2761 1710 2803; x_wconf 89' lang='lat' dir='ltr'>Omne</span> <span class='ocrx_word' id='word_1_563' title='bbox 1728 2760 2087 2814; x_wconf 87' lang='lat' dir='ltr'>simplicissimum</span> <span class='ocrx_word' id='word_1_564' title='bbox 2105 2764 2165 2801; x_wconf 91' lang='lat' dir='ltr'>est</span> <span class='ocrx_word' id='word_1_565' title='bbox 2183 2761 2226 2801; x_wconf 88' lang='lat' dir='ltr'>id</span> <span class='ocrx_word' id='word_1_566' title='bbox 2241 2761 2355 2814; x_wconf 88' lang='lat' dir='ltr'>quod</span> <span class='ocrx_word' id='word_1_567' title='bbox 2374 2760 2513 2790; x_wconf 63' lang='lat' dir='ltr'>Fundam·</span> 
     </span>
    </p>
   </div>
   <div class='ocr_carea' id='block_1_16' title="bbox 1330 2832 2359 3386">
    <p class='ocr_par' dir='ltr' id='par_1_19' title="bbox 1330 2832 2358 3244">
     <span class='ocr_line' id='line_1_85' title="bbox 1330 2832 2351 2886; baseline -0.002 -11"><span class='ocrx_word' id='word_1_568' title='bbox 1330 2835 1473 2884; x_wconf 86' lang='lat' dir='ltr'>habet,</span> <span class='ocrx_word' id='word_1_569' title='bbox 1497 2836 1669 2886; x_wconf 74' lang='lat' dir='ltr'>excepto</span> <span class='ocrx_word' id='word_1_570' title='bbox 1686 2845 1735 2874; x_wconf 87' lang='lat' dir='ltr'>eo</span> <span class='ocrx_word' id='word_1_571' title='bbox 1759 2832 1811 2873; x_wconf 87' lang='lat' dir='ltr'>ad</span> <span class='ocrx_word' id='word_1_572' title='bbox 1835 2832 1947 2885; x_wconf 90' lang='lat' dir='ltr'>quod</span> <span class='ocrx_word' id='word_1_573' title='bbox 1966 2832 2139 2873; x_wconf 86' lang='lat' dir='ltr'>relative</span> <span class='ocrx_word' id='word_1_574' title='bbox 2171 2832 2351 2884; x_wconf 82' lang='lat' dir='ltr'>dicitur3</span> 
     </span>
     <span class='ocr_line' id='line_1_86' title="bbox 1330 2902 2355 2957; baseline -0.002 -11"><span class='ocrx_word' id='word_1_575' title='bbox 1330 2906 1422 2946; x_wconf 78' lang='lat' dir='ltr'>haec</span> <span class='ocrx_word' id='word_1_576' title='bbox 1441 2908 1503 2946; x_wconf 87' lang='lat' dir='ltr'>est</span> <span class='ocrx_word' id='word_1_577' title='bbox 1520 2904 1753 2957; x_wconf 80' lang='lat' dir='ltr'>Augustini</span> <span class='ocrx_word' id='word_1_578' title='bbox 1772 2904 1784 2925; x_wconf 74' lang='grc'><strong>3</strong></span> <span class='ocrx_word' id='word_1_579' title='bbox 1797 2904 1843 2943; x_wconf 90' lang='grc'>111</span> <span class='ocrx_word' id='word_1_580' title='bbox 1862 2903 1913 2943; x_wconf 89' lang='lat' dir='ltr'>XI</span> <span class='ocrx_word' id='word_1_581' title='bbox 1934 2902 1984 2944; x_wconf 80' lang='lat' dir='ltr'>de</span> <span class='ocrx_word' id='word_1_582' title='bbox 2011 2903 2101 2945; x_wconf 78' lang='lat' dir='ltr'>Civ.</span> <span class='ocrx_word' id='word_1_583' title='bbox 2121 2904 2199 2946; x_wconf 73' lang='lat' dir='ltr'>Dei</span> <span class='ocrx_word' id='word_1_584' title='bbox 2222 2903 2290 2957; x_wconf 83' lang='lat' dir='ltr'>(b),</span> <span class='ocrx_word' id='word_1_585' title='bbox 2314 2907 2355 2945; x_wconf 87' lang='lat' dir='ltr'>et</span> 
     </span>
     <span class='ocr_line' id='line_1_87' title="bbox 1332 2974 2355 3030; baseline -0.003 -13"><span class='ocrx_word' id='word_1_586' title='bbox 1332 2990 1407 3030; x_wconf 91' lang='lat' dir='ltr'>per</span> <span class='ocrx_word' id='word_1_587' title='bbox 1423 2989 1466 3017; x_wconf 88' lang='lat' dir='ltr'>se</span> <span class='ocrx_word' id='word_1_588' title='bbox 1485 2979 1585 3017; x_wconf 85' lang='lat' dir='ltr'>nota</span> <span class='ocrx_word' id='word_1_589' title='bbox 1603 2978 1664 3016; x_wconf 90' lang='lat' dir='ltr'>est</span> <span class='ocrx_word' id='word_1_590' title='bbox 1685 2989 1694 3016; x_wconf 73' lang='grc' dir='ltr'>ε</span> <span class='ocrx_word' id='word_1_591' title='bbox 1719 2974 1790 3015; x_wconf 87' lang='lat' dir='ltr'>sed</span> <span class='ocrx_word' id='word_1_592' title='bbox 1808 2974 1952 3015; x_wconf 87' lang='lat' dir='ltr'>divina</span> <span class='ocrx_word' id='word_1_593' title='bbox 1970 2986 2148 3027; x_wconf 90' lang='lat' dir='ltr'>persona</span> <span class='ocrx_word' id='word_1_594' title='bbox 2166 2976 2228 3015; x_wconf 89' lang='lat' dir='ltr'>est</span> <span class='ocrx_word' id='word_1_595' title='bbox 2250 2975 2355 3015; x_wconf 90' lang='lat' dir='ltr'>sim-</span> 
     </span>
     <span class='ocr_line' id='line_1_88' title="bbox 1332 3045 2358 3102; baseline -0.004 -13"><span class='ocrx_word' id='word_1_596' title='bbox 1332 3048 1578 3102; x_wconf 85' lang='lat' dir='ltr'>plicissima,</span> <span class='ocrx_word' id='word_1_597' title='bbox 1606 3047 1724 3088; x_wconf 88' lang='lat' dir='ltr'>aliter</span> <span class='ocrx_word' id='word_1_598' title='bbox 1744 3058 1831 3086; x_wconf 92' lang='lat' dir='ltr'>non</span> <span class='ocrx_word' id='word_1_599' title='bbox 1848 3048 1954 3086; x_wconf 89' lang='lat' dir='ltr'>esset</span> <span class='ocrx_word' id='word_1_600' title='bbox 1977 3045 2107 3097; x_wconf 88' lang='lat' dir='ltr'>Deus,</span> <span class='ocrx_word' id='word_1_601' title='bbox 2129 3049 2169 3087; x_wconf 89' lang='lat' dir='ltr'>et</span> <span class='ocrx_word' id='word_1_602' title='bbox 2187 3059 2274 3087; x_wconf 91' lang='lat' dir='ltr'>non</span> <span class='ocrx_word' id='word_1_603' title='bbox 2293 3045 2358 3086; x_wconf 88' lang='lat' dir='ltr'>di-</span> 
     </span>
     <span class='ocr_line' id='line_1_89' title="bbox 1334 3117 2357 3170; baseline -0.002 -10"><span class='ocrx_word' id='word_1_604' title='bbox 1334 3120 1443 3160; x_wconf 89' lang='lat' dir='ltr'>citur</span> <span class='ocrx_word' id='word_1_605' title='bbox 1462 3119 1635 3160; x_wconf 87' lang='lat' dir='ltr'>relative</span> <span class='ocrx_word' id='word_1_606' title='bbox 1654 3117 1706 3158; x_wconf 87' lang='lat' dir='ltr'>ad</span> <span class='ocrx_word' id='word_1_607' title='bbox 1723 3117 2020 3170; x_wconf 87' lang='lat' dir='ltr'>proprietatem</span> <span class='ocrx_word' id='word_1_608' title='bbox 2038 3130 2166 3170; x_wconf 86' lang='lat' dir='ltr'>:ergo</span> <span class='ocrx_word' id='word_1_609' title='bbox 2183 3119 2245 3158; x_wconf 89' lang='lat' dir='ltr'>est</span> <span class='ocrx_word' id='word_1_610' title='bbox 2263 3128 2357 3170; x_wconf 87' lang='lat' dir='ltr'>pro-</span> 
     </span>
     <span class='ocr_line' id='line_1_90' title="bbox 1333 3191 1503 3244; baseline 0 -12"><span class='ocrx_word' id='word_1_611' title='bbox 1333 3191 1503 3244; x_wconf 74' lang='lat' dir='ltr'>pristas,</span> 
     </span>
    </p>

    <p class='ocr_par' dir='ltr' id='par_1_20' title="bbox 1336 3297 2359 3386">
     <span class='ocr_line' id='line_1_91' title="bbox 1336 3297 2357 3340; baseline -0.003 -10"><span class='ocrx_word' id='word_1_612' title='bbox 1336 3309 1368 3340; x_wconf 83' lang='lat' dir='ltr'>q.</span> <span class='ocrx_word' id='word_1_613' title='bbox 1386 3307 1408 3338; x_wconf 76' lang='grc'>1,</span> <span class='ocrx_word' id='word_1_614' title='bbox 1423 3301 1484 3330; x_wconf 78' lang='lat' dir='ltr'>art.</span> <span class='ocrx_word' id='word_1_615' title='bbox 1501 3299 1538 3338; x_wconf 81' lang='grc'>25</span> <span class='ocrx_word' id='word_1_616' title='bbox 1554 3297 1721 3329; x_wconf 82' lang='lat' dir='ltr'>Marsilius</span> <span class='ocrx_word' id='word_1_617' title='bbox 1738 3298 1894 3339; x_wconf 63' lang='lat' dir='ltr'>Inguen„</span> <span class='ocrx_word' id='word_1_618' title='bbox 1911 3297 1922 3328; x_wconf 97' lang='lat' dir='ltr'>l</span> <span class='ocrx_word' id='word_1_619' title='bbox 1938 3298 2039 3336; x_wconf 63' lang='lat' dir='ltr'>Sene„</span> <span class='ocrx_word' id='word_1_620' title='bbox 2056 3306 2090 3337; x_wconf 85' lang='lat' dir='ltr'>q.</span> <span class='ocrx_word' id='word_1_621' title='bbox 2105 3304 2222 3336; x_wconf 72' lang='lat' dir='ltr'>xxxvi,</span> <span class='ocrx_word' id='word_1_622' title='bbox 2244 3297 2306 3327; x_wconf 85' lang='lat' dir='ltr'>art.</span> <span class='ocrx_word' id='word_1_623' title='bbox 2320 3298 2357 3336; x_wconf 79' lang='lat'>23</span> 
     </span>
     <span class='ocr_line' id='line_1_92' title="bbox 1337 3344 2359 3386; baseline -0.003 -8"><span class='ocrx_word' id='word_1_624' title='bbox 1337 3347 1420 3378; x_wconf 86' lang='lat' dir='ltr'>Gab.</span> <span class='ocrx_word' id='word_1_625' title='bbox 1434 3346 1517 3386; x_wconf 84' lang='lat' dir='ltr'>Biel,</span> <span class='ocrx_word' id='word_1_626' title='bbox 1540 3347 1550 3377; x_wconf 88' lang='lat'><em>1</em></span> <span class='ocrx_word' id='word_1_627' title='bbox 1570 3346 1675 3384; x_wconf 66' lang='lat' dir='ltr'>Sent„</span> <span class='ocrx_word' id='word_1_628' title='bbox 1694 3345 1769 3376; x_wconf 86' lang='lat' dir='ltr'>dist.</span> <span class='ocrx_word' id='word_1_629' title='bbox 1784 3352 1915 3385; x_wconf 75' lang='lat' dir='ltr'>xxxin,</span> <span class='ocrx_word' id='word_1_630' title='bbox 1936 3354 1969 3386; x_wconf 89' lang='lat' dir='ltr'>q.</span> <span class='ocrx_word' id='word_1_631' title='bbox 1985 3344 2096 3376; x_wconf 81' lang='lat' dir='ltr'>unica.</span> <span class='ocrx_word' id='word_1_632' title='bbox 2114 3362 2148 3368; x_wconf 78' lang='lat'>—-</span> <span class='ocrx_word' id='word_1_633' title='bbox 2163 3344 2177 3364; x_wconf 74' lang='lat'><strong>2</strong></span> <span class='ocrx_word' id='word_1_634' title='bbox 2191 3345 2301 3384; x_wconf 86' lang='lat' dir='ltr'>Boet.,</span> <span class='ocrx_word' id='word_1_635' title='bbox 2321 3344 2359 3375; x_wconf 82' lang='lat' dir='ltr'>de</span> 
     </span>
    </p>
   </div>
   <div class='ocr_carea' id='block_1_17' title="bbox 1338 3391 2356 3481">
    <p class='ocr_par' dir='ltr' id='par_1_21' title="bbox 1338 3391 2356 3481">
     <span class='ocr_line' id='line_1_93' title="bbox 1339 3391 2356 3434; baseline -0.004 -8"><span class='ocrx_word' id='word_1_636' title='bbox 1339 3395 1457 3426; x_wconf 74' lang='lat' dir='ltr'>Trlnz&#39;t.</span> <span class='ocrx_word' id='word_1_637' title='bbox 1478 3393 1520 3425; x_wconf 73' lang='grc' dir='ltr'>(ια</span> <span class='ocrx_word' id='word_1_638' title='bbox 1541 3392 1742 3434; x_wconf 63' lang='lat' dir='ltr'>Symmach„</span> <span class='ocrx_word' id='word_1_639' title='bbox 1765 3395 1843 3424; x_wconf 84' lang='lat' dir='ltr'>ante</span> <span class='ocrx_word' id='word_1_640' title='bbox 1870 3391 2059 3424; x_wconf 65' lang='lat' dir='ltr'>finem—³</span> <span class='ocrx_word' id='word_1_641' title='bbox 2081 3393 2180 3433; x_wconf 62' lang='lat' dir='ltr'>Aug„</span> <span class='ocrx_word' id='word_1_642' title='bbox 2198 3391 2236 3422; x_wconf 82' lang='lat' dir='ltr'>de</span> <span class='ocrx_word' id='word_1_643' title='bbox 2253 3391 2356 3422; x_wconf 80' lang='lat' dir='ltr'>Cz&#39;vz&#39;t.</span> 
     </span>
     <span class='ocr_line' id='line_1_94' title="bbox 1338 3441 1663 3481; baseline 0 -9"><span class='ocrx_word' id='word_1_644' title='bbox 1338 3442 1411 3481; x_wconf 76' lang='lat' dir='ltr'>Del,</span> <span class='ocrx_word' id='word_1_645' title='bbox 1429 3441 1488 3472; x_wconf 86' lang='lat' dir='ltr'>lib.</span> <span class='ocrx_word' id='word_1_646' title='bbox 1503 3442 1558 3481; x_wconf 80' lang='lat' dir='ltr'>xl,</span> <span class='ocrx_word' id='word_1_647' title='bbox 1580 3451 1606 3473; x_wconf 87' lang='grc'>0.</span> <span class='ocrx_word' id='word_1_648' title='bbox 1628 3449 1663 3472; x_wconf 77' lang='grc' dir='ltr'>Χ.</span> 
     </span>
    </p>
   </div>
   <div class='ocr_carea' id='block_1_18' title="bbox 1339 3511 2355 3593">
    <p class='ocr_par' dir='ltr' id='par_1_22' title="bbox 1339 3511 2355 3593">
     <span class='ocr_line' id='line_1_95' title="bbox 1381 3511 2355 3553; baseline -0.003 -8"><span class='ocrx_word' id='word_1_649' title='bbox 1381 3514 1421 3553; x_wconf 80' lang='grc' dir='ltr'>(α)</span> <span class='ocrx_word' id='word_1_650' title='bbox 1443 3514 1538 3544; x_wconf 74' lang='lat' dir='ltr'>Deest</span> <span class='ocrx_word' id='word_1_651' title='bbox 1557 3522 1627 3544; x_wconf 87' lang='lat' dir='ltr'>non</span> <span class='ocrx_word' id='word_1_652' title='bbox 1647 3513 1718 3544; x_wconf 78' lang='lat' dir='ltr'>coet.</span> <span class='ocrx_word' id='word_1_653' title='bbox 1736 3511 1815 3543; x_wconf 78' lang='lat' dir='ltr'>edit.</span> <span class='ocrx_word' id='word_1_654' title='bbox 1833 3529 1874 3534; x_wconf 97' lang='lat'>—</span> <span class='ocrx_word' id='word_1_655' title='bbox 1893 3511 1938 3553; x_wconf 82' lang='lat' dir='ltr'>(b)</span> <span class='ocrx_word' id='word_1_656' title='bbox 1961 3512 2050 3542; x_wconf 88' lang='lat' dir='ltr'>Loco</span> <span class='ocrx_word' id='word_1_657' title='bbox 2079 3511 2118 3542; x_wconf 73' lang='lat' dir='ltr'>&lt;le</span> <span class='ocrx_word' id='word_1_658' title='bbox 2144 3511 2243 3542; x_wconf 70' lang='lat' dir='ltr'>Civit.</span> <span class='ocrx_word' id='word_1_659' title='bbox 2275 3512 2355 3550; x_wconf 77' lang='lat' dir='ltr'>Dei,</span> 
     </span>
     <span class='ocr_line' id='line_1_96' title="bbox 1339 3559 1852 3593; baseline -0.004 0"><span class='ocrx_word' id='word_1_660' title='bbox 1339 3564 1413 3593; x_wconf 83' lang='lat' dir='ltr'>caet.</span> <span class='ocrx_word' id='word_1_661' title='bbox 1429 3561 1509 3593; x_wconf 86' lang='lat' dir='ltr'>edit.</span> <span class='ocrx_word' id='word_1_662' title='bbox 1529 3561 1656 3592; x_wconf 87' lang='lat' dir='ltr'>habent</span> <span class='ocrx_word' id='word_1_663' title='bbox 1673 3559 1712 3591; x_wconf 84' lang='lat' dir='ltr'>de</span> <span class='ocrx_word' id='word_1_664' title='bbox 1732 3559 1852 3591; x_wconf 63' lang='lat' dir='ltr'>Trirzz&#39;t.</span> 
     </span>
    </p>
   </div>
   <div class='ocr_carea' id='block_1_19' title="bbox 2126 3622 2176 3660">
    <p class='ocr_par' dir='ltr' id='par_1_23' title="bbox 2126 3622 2176 3660">
     <span class='ocr_line' id='line_1_97' title="bbox 2126 3622 2176 3660; baseline 0 0"><span class='ocrx_word' id='word_1_665' title='bbox 2126 3622 2176 3660; x_wconf 74' lang='lat'>34</span> 
     </span>
    </p>
   </div>
  </div>
 </body>
</html>
