2570 3986
270 205 415 234 Lxxxn
742 190 807 231 DE
836 187 1063 231 SCRIPTIS
1095 187 1135 228 S.
1167 183 1569 228 BONAVENTURAE
1597 185 1923 227 ATTRIBUTIS.

618 315 777 357 XXVII.
813 316 942 368 Super
967 314 1188 356 Ccmt‘z'cwn
1211 310 1330 353 Salve
1348 305 1524 364 Reoz'na.
1549 310 1633 352 Inc.
1661 312 1779 354 Salve
1805 311 1949 364 Vz'r90‚
1970 313 2048 353 etc.

325 425 431 466 Mole
451 425 623 478 quidem
644 424 854 476 exiguum
876 456 885 474 ,
909 422 979 463 sed
1002 421 1169 474 ineptiis
1190 419 1442 460 maximum.
1466 418 1606 460 Pauca
1623 419 1717 460 haec
1737 419 1879 460 audito
1906 432 1916 459 ε

906 521 1011 557 Salve
1032 521 1142 566 Virgo
1164 518 1378 564 virginum,

962 587 1072 622 Stella
1092 584 1275 620 matutina

910 651 1150 687 Sordidorum
1172 649 1370 684 criminum

958 718 1054 753 Vera
1077 715 1274 752 medicina.

913 783 1141 818 ConsolauriX
1160 779 1419 828 peccaminum

958 849 1052 884 Vere
1074 847 1286 883 draconina.

326 953 518 994 inaudita
536 951 720 1004 profecto
746 961 831 990 vox
853 949 1096 992 draconina
1110 982 1122 1000 ,
1147 952 1187 990 et
1208 947 1383 988 homine
1401 947 1531 988 bardo
1555 947 1700 999 dIgna.

1247 1047 1426 1088 Omissis

793 1156 809 1172 «
833 1141 1098 1186 Lacrymarum
1117 1137 1257 1173 cumuli
1277 1147 1353 1172 non
1371 1138 1527 1183 prosunt
1544 1135 1603 1172 vel
1623 1146 1750 1182 aquae,

791 1206 885 1241 Cum
905 1216 1011 1241 senes
1033 1207 1067 1239 et
1086 1202 1230 1250 parvuli
1251 1204 1285 1237 ct
1302 1202 1406 1248 plebs
1425 1211 1665 1248 unaquaeque

791 1272 959 1306 Timeant
979 1269 1080 1317 quod
1100 1268 1227 1304 {umuli
1247 1270 1426 1314 quaerunt
1445 1268 1738 1314 circumquaque

791 1338 833 1372 Et
852 1337 982 1372 fratres
1003 1336 1116 1382 hujus
1140 1334 1265 1370 saecull
1284 1334 1438 1369 trahunt
1455 1343 1742 1380 usquequaque.
1764 1345 1783 1367 »

325 1442 472 1495 Pejora
490 1441 555 1482 his
570 1440 700 1481 habes
721 1439 766 1480 in
783 1438 1059 1492 sequentibus
1075 1436 1240 1486 metris3
1255 1448 1366 1488 quae,
1389 1447 1443 1476 ne
1458 1434 1589 1475 bilem
1605 1432 1813 1484 effundas,
1837 1431 2131 1485 praetereunda
2155 1443 2396 1472 censemus,

323 1567 501 1609 XXVIII.
532 1568 645 1608 Laus
666 1566 713 1606 Β.
741 1565 799 1605 Μ.
827 1564 876 1605 V.
905 1563 991 1604 Inc.
1014 1563 1101 1604 Ave
1121 1562 1281 1603 cceleste
1303 1560 1472 1611 lilium,
1495 1562 1575 1601 etc.

313 1639 452 1681 XXIX.
483 1638 741 1681 Psalcerz'wn
758 1637 902 1678 minas
924 1637 968 1677 B.
1000 1635 1058 1676 M.
1086 1634 1134 1676 V.
1158 1633 1244 1674 Inc.
1265 1633 1352 1675 Ace
1378 1632 1509 1685 Virqo
1529 1632 1633 1673 vitoe
1650 1630 1831 1684 liqnum.

322 1749 545 1802 Agrestem
563 1746 663 1788 audi
682 1744 854 1786 Poetam
872 1759 881 1794 3
910 1746 951 1785 et
970 1746 1133 1784 rectum
1149 1743 1364 1796 judicium
1388 1741 1542 1794 profer.

911 1846 929 1867 «
949 1835 1023 1869 Ave
1042 1833 1152 1879 Virgo
1174 1832 1330 1867 fertilior

908 1899 1090 1935 Umversis
1110 1898 1318 1934 arboribus.

906 1967 980 2001 Ave
1000 1965 1104 2001 stella
1123 1964 1301 2011 fulgidior

904 2031 1087 2067 Universis
1107 2030 1290 2066 sideribus

905 2098 1043 2142 Factis,
1067 2097 1190 2142 dictis,
1210 2094 1428 2138 virtutibus,
1447 2105 1466 2129 »
1487 2095 1555 2128 etc.

1218 2188 1346 2230 Num.
1376 2186 1444 2228 XI.

909 2294 927 2315 ι(
944 2281 997 2316 Tu
1017 2279 1197 2316 Gedeom's
1217 2278 1342 2314 rorida

904 2347 1051 2383 Concha
1070 2346 1224 2382 coelestis
1241 2345 1391 2390 diceris,

905 2415 1000 2449 Rore
1019 2424 1176 2449 manans
1198 2415 1235 2448 et
1255 2411 1372 2448 fluida

904 2481 1005 2515 Lana
1023 2490 1234 2526 compressa
1252 2476 1397 2514 velleris

903 2546 1024 2582 Divini
1046 2546 1144 2581 dono
1165 2544 1348 2581 muneris.

902 2613 956 2647 Tu
977 2623 1124 2658 semper
1143 2621 1272 2647 manes
1289 2607 1459 2654 madida,

903 2678 1086 2713 Solatium
1106 2677 1170 2712 das
1190 2676 1356 2722 miseris,

905 2743 977 2780 Sed
993 2747 1095 2779 terra
1113 2745 1241 2779 manet
1260 2741 1374 2777 arida.
1394 2754 1412 2776 »

1020 2811 1143 2845 Palea.

320 2904 523 2956 Excerpta
542 2914 595 2943 ex
616 2899 815 2942 PsalterIO
834 2899 992 2940 minori
1015 2913 1024 2939 ;
1046 2898 1099 2939 ad
1121 2897 1277 2938 calcem
1296 2894 1448 2936 Tertiae
1467 2892 1808 2945 Quinquagenae.

908 3002 927 3023 ι(
946 2990 1022 3024 Ave
1041 2988 1174 3035 Virgo,
1198 2996 1281 3034 quae
1301 2985 1438 3022 laetaris
1449 3012 1460 3030 ,

904 3055 948 3090 Et
967 3054 1135 3090 exultans
1157 3052 1326 3099 gl01·Iaris

908 3123 957 3157 De
977 3121 1160 3156 virtutum
1179 3122 1233 3155 tot
1256 3117 1462 3165 unguentis

906 3188 947 3223 In
967 3187 1080 3222 cubili
1098 3188 1173 3221 luae
1192 3185 1341 3221 mentis.

905 3256 979 3290 Ave
1001 3252 1102 3288 sidus
1122 3250 1348 3299 principale,

904 3320 1011 3355 Alma
1033 3319 1097 3355 Dei
1117 3310 1231 3354 Mater
1252 3317 1348 3352 vale.

905 3385 946 3420 ln
966 3389 1149 3420 aeternum
1169 3386 1397 3419 aeternorum

906 3452 1023 3497 DIgna
1045 3461 1135 3486 sono
1158 3448 1424 3496 cymbalorum.
1446 3458 1464 3480 »

998 3518 1120 3553 Palea.
