2613 3990
60 2740 179 2769 Divisio.

1041 214 1291 257 DISTINCT.
1320 215 1495 259 XXXIV.
2241 225 2313 263 541

207 305 399 363 oportuit
426 305 688 348 intellectam
722 307 880 364 [quam
901 309 1047 347 tamen
1072 305 1180 348 fides
1207 306 1387 364 antiqua
1414 309 1693 366 pepererat],
1725 307 1875 350 multis
1902 323 2140 365 paucorum
2166 311 2318 355 fraude

205 381 406 440 deceptis,
428 382 626 425 haeretica
642 382 839 440 impietas
857 381 936 424 sub
956 381 1154 426 haeretico
1175 383 1432 441 imperatore
1446 385 1730 428 Constantino
1749 384 2004 428 labefactare
2017 389 2211 431 tentavit.
2235 389 2317 432 Sed

204 464 299 517 post
317 474 406 502 non
425 460 606 516 longum
631 464 802 517 tempus
822 458 1018 501 libertate
1040 458 1142 501 fidei
1162 460 1381 505 catholicae
1401 462 1663 519 praevalente
1681 497 1690 516 ,
1714 467 1943 520 postquam
1964 463 2029 505 vis
2050 465 2186 519 verbi,
2209 466 2320 508 sicut

205 534 370 591 debuit,
392 536 608 579 intellecta
629 542 706 590 est,
740 535 997 578 homousion
1028 536 1140 579 illud
1161 538 1382 582 catholicae
1410 538 1514 582 fidei
1535 539 1716 582 sanitate
1736 539 1864 596 longe
1884 539 2055 598 lateque
2082 541 2318 585 distensum

204 617 267 655 est
284 619 326 656 et
343 613 567 657 diffusum.
588 613 703 665 Quid
722 612 837 655 enim
864 619 926 655 est
944 613 1215 667 homousion,
1242 615 1325 657 nisi
1344 616 1476 658 11111115
1497 616 1779 674 ejusdemque
1799 616 2081 659 substantiae‘?
2102 618 2214 669 Quid
2236 625 2313 672 est,

203 688 401 748 inquam,
424 690 696 741 homousion,
720 688 804 731 nisi
828 705 836 730 :
861 691 956 748 qu
980 699 1019 733 et
1039 693 1174 734 Pater
1191 706 1329 735 mnam
1349 707 1498 736 sumus
1515 695 1553 735 ¹?
1575 695 1668 737 Non
1689 708 1791 750 ergo
1811 693 1925 736 inter
1943 694 2145 752 profanas
2165 710 2318 738 vocum

203 767 416 811 novitates
434 768 515 811 hoc
535 766 762 811 vitandum
782 771 858 810 est.

262 844 477 888 Praeterea
499 844 720 888 sciendum
741 849 828 899 est,
850 844 967 902 quod
1001 845 1047 887 in
1073 845 1364 902 assignatione
1395 847 1681 890 distinctionis
1701 847 1931 890 nominum
1950 883 1960 901 ,
1984 847 2098 890 inter
2115 848 2201 891 alia
2220 864 2317 907 quae

203 936 335 980 supra
353 921 582 978 diligenter
596 921 782 964 exsecuti
798 936 968 976 511111115,
990 922 1192 980 quaedam
1207 923 1399 967 diximus
1413 923 1663 967 translative
1675 929 1716 966 et
1730 938 1805 982 per
1821 924 2154 968 similitudinem
2166 925 2218 968 de
2234 925 2321 968 Deo

203 997 302 1055 dici,
326 1003 375 1041 ut
387 998 614 1057 speculum,
639 997 859 1057 splendor,
883 999 1127 1052 character,
1146 1000 1310 1059 styma,
1337 1006 1377 1043 et
1397 1000 1664 1059 hujusmodi.
1691 1000 1752 1043 De
1773 1001 1934 1059 quilius
1964 1002 2035 1059 pio
2058 1002 2206 1045 lectori
2225 1003 2322 1045 bre-

201 1074 314 1118 viter
339 1076 462 1119 trado
490 1076 607 1134 quod
633 1076 797 1132 sentio,
823 1081 872 1119 ut
904 1076 1065 1120 scilicet
1084 1077 1251 1120 ratione
1279 1077 1578 1121 similitudinis
1605 1077 1873 1121 considerata
1904 1093 1955 1120 ex
1975 1079 2113 1122 causis
2133 1079 2317 1134 dicendi,

202 1150 417 1195 dictorum
436 1152 773 1210 intelligentiam
793 1159 1001 1209 assumat,
1023 1154 1095 1197 sed
1116 1155 1386 1198 catholicam.

261 1228 322 1271 De
350 1236 617 1273 sacramento
647 1231 838 1274 Unitatis
866 1237 997 1290 atque
1033 1231 1258 1274 Trinitatis
1290 1248 1473 1275 summae
1502 1237 1543 1276 et
1573 1232 1804 1275 ineffabilis
1829 1233 1966 1276 multa
1993 1233 2083 1291 jain
2110 1233 2316 1277 diximus,
2353 1229 2366 1247 ⁰
2411 1226 2417 1248 ¹

2377 846 2417 873 De
2432 856 2480 873 no-

2350 888 2471 915 minibus

2382 938 2444 963 quae

2356 972 2468 997 transla-

2360 1015 2414 1040 tive
2435 1019 2462 1041 et

2341 1067 2392 1093 per
2406 1059 2480 1085 simi-

2369 1099 2463 1125 11111(Ιί-

2352 1147 2415 1166 nem
2432 1142 2466 1169 de

2350 1181 2411 1207 Deo
2428 1183 2470 1208 di-

2371 1230 2405 1247 nn
2442 1233 2465 1250 r.

2377 1268 2453 1295 N1hil

202 1304 323 1348 Nihil
343 1311 487 1350 tamen
507 1307 600 1365 ejus
620 1307 921 1351 ineffabilitate
944 1308 1131 1365 dignum
1151 1309 1376 1352 tradidisse
1395 1310 1670 1368 profitemur,
1693 1310 1766 1352 sed
1786 1310 1928 1368 potius
1948 1325 1999 1353 ex
2020 1311 2147 1353 nobis
2167 1311 2315 1354 mirifi-
2352 1313 2468 1347 dignum

202 1396 296 1425 cam
316 1382 351 1441 ej
361 1398 409 1426 us
429 1383 650 1428 scientiam
671 1399 749 1442 nec
769 1386 957 1444 potuisse
978 1400 1056 1429 1105
1075 1386 1128 1429 ad
1148 1386 1270 1429 illam
1291 1387 1534 1445 pervenire.

454 1586 723 1629 EXPOSITIO
751 1587 783 1628 T
787 1587 969 1629 EXTUS.

199 1718 373 1750 Praedictis
389 1718 616 1760 adjiciendum
633 1721 695 1759 est,
715 1720 812 1760 quod·
825 1720 962 1761 quidam
978 1719 1128 1761 perversi
1148 1728 1221 1751 sen-

542 1776 598 1798 sus
616 1766 794 1808 homines,
815 1771 879 1800 etc.

252 1870 388 1924 Supra
407 1871 496 1924 egit
514 1871 713 1924 Magister
729 1873 780 1913 de
797 1873 1108 1926 comparatione
1127 1884 1221 1926 pro-

197 1941 423 1994 prietatum
443 1943 496 1983 ad
522 1956 721 1996 personas
740 1947 780 1984 et
804 1945 1050 1995 essentiam3
1074 1945 1142 1984 hic
1162 1956 1222 1984 se-

197 2013 334 2054 cundo
355 2013 448 2066 agit
467 2014 518 2054 de
538 2015 850 2067 comparatione
872 2028 1151 2068 personarum
1169 2015 1222 2055 ad

197 2084 434 2125 essentiam.
457 2084 507 2125 Et
535 2086 615 2126 1100
636 2086 733 2126 facit
760 2086 806 2125 in
830 2086 910 2126 hac
932 2086 1194 2126 distinctione
1209 2118 1219 2134 ,

197 2167 294 2208 quae
320 2156 366 2196 in
386 2158 470 2196 tres
497 2160 637 2209 partes
656 2157 871 2198 dividitur.
903 2157 950 2196 In
973 2157 1110 2209 prima
1133 2157 1223 2208 agit

196 2227 247 2268 de
270 2229 581 2281 comparatione
600 2229 834 2269 secundum
850 2229 1219 2281 praedicationem3

196 2299 242 2339 in
259 2300 442 2340 secunda
461 2300 693 2340 secundum
712 2301 1094 2353 appropriationem
1106 2333 1116 2352 ,
1135 2301 1193 2341 ibi
1211 2316 1219 2342 :

199 2371 271 2412 Eoe
298 2370 523 2423 praedictis
550 2375 713 2413 constat
738 2372 851 2424 quod
879 2373 989 2413 sicut
1017 2373 1220 2423 essentia,

199 2444 266 2485 ila
289 2444 503 2496 potentia,
525 2446 602 2484 etc.
626 2443 672 2483 In
698 2443 821 2483 tertia
847 2444 1031 2483 annectit
1059 2444 1222 2497 capitu-

198 2514 289 2555 lum
311 2515 362 2555 de
387 2515 678 2565 translatione,
702 2517 750 2555 ut
769 2514 826 2554 510
845 2517 1068 2554 tractatum
1095 2515 1223 2555 istum

199 2586 400 2639 perducat
426 2586 478 2626 ad
504 2586 933 2637 consummationem,
961 2589 1002 2626 et
1028 2586 1109 2626 hoc
1133 2586 1220 2627 ibi:

200 2657 408 2700 Proeterea
422 2657 642 2699 sciendum
657 2660 716 2699 est
729 2656 842 2710 quod
854 2659 902 2699 in
916 2658 1221 2709 assiynatione.

201 2729 345 2770 Prima
370 2741 468 2783 pars
491 2729 618 2769 habet
636 2731 817 2782 quatuor
842 2731 993 2781 partes.
1017 2728 1065 2768 111
1088 2729 1225 2781 prima

199 2801 319 2854 ponit
338 2792 525 2841 errorem
541 2801 826 2853 quorumdam
841 2801 1069 2841 dicentium
1086 2814 1225 2854 perso-

200 2883 276 2912 nas
298 2884 386 2912 non
411 2884 500 2913 esse
522 2875 719 2912 naturam
733 2904 743 2922 ,
764 2873 804 2911 et
830 2871 909 2911 hoc
932 2884 1029 2911 cum
1056 2884 1225 2913 summa

201 2944 534 2993 confirmatione,
556 2944 710 2984 scilicet
728 2944 975 2984 auctoritate
992 2943 1154 2984 Hilarii,
1178 2944 1224 2984 In

201 3014 384 3055 secunda
412 3015 543 3067 ipsius
573 3014 830 3055 auctoritatis
861 3027 1013 3054 sanum
1045 3015 1224 3056 intellec-

201 3087 296 3126 tum
314 3098 369 3126 ex
386 3086 524 3127 verbis
540 3086 685 3126 Hilarii
704 3087 979 3138 sequentibus
998 3087 1128 3137 elicit,
1150 3100 1225 3140 per

201 3169 298 3209 quae
317 3157 442 3198 etiam
469 3170 656 3198 errorem
676 3157 846 3198 illorum
870 3158 1005 3210 elidit,
1026 3159 1084 3199 ihi
1105 3171 1115 3199 ε
1140 3160 1225 3201 Hoc

201 3227 380 3280 quidam
412 3228 585 3280 dicunt,
619 3239 704 3270 non
734 3229 1030 3282 intelliyemes,
1065 3233 1142 3270 etc.
1178 3230 1225 3271 In

202 3299 324 3339 tertia
340 3299 567 3351 quamdam
581 3299 859 3352 quaestionem
877 3300 1130 3341 incidentem
1144 3301 1225 3342 dis-

203 3368 327 3409 solvit
342 3401 351 3419 ,
389 3382 518 3422 quare
551 3382 637 3411 non
676 3370 874 3411 dicuntur
910 3372 994 3411 tres
1034 3384 1225 3424 personae

202 3439 333 3481 unius
348 3440 434 3492 Dei,
453 3441 562 3482 sicut
577 3442 774 3483 dicuntur
791 3444 875 3482 tres
889 3454 1080 3495 personae
1097 3444 1226 3485 unius

247 3522 258 3543 ¹
272 3522 379 3564 Joan„
397 3530 438 3564 x,
454 3524 505 3556 30.

1298 1590 1508 1639 essentiae,
1535 1589 1595 1628 ihi
1618 1604 1626 1629 :
1647 1590 1726 1630 Hic
1749 1590 2106 1632 considerandam
2126 1595 2205 1643 est,
2228 1603 2321 1634 cum

1299 1660 1411 1701 Deus
1439 1661 1497 1702 sit
1521 1659 1674 1702 divina
1701 1663 1902 1707 essentia,
1932 1664 2010 1702 etc.
2036 1662 2235 1703 Similiter
2257 1676 2320 1704 50-

1297 1733 1436 1773 cunda
1460 1745 1575 1786 pars,
1598 1733 1643 1773 in
1663 1746 1748 1786 qua
1767 1734 1966 1786 Magister
1984 1735 2073 1787 agit
2100 1736 2149 1776 de
2169 1748 2323 1789 appro—

1297 1804 1523 1856 priatione,
1546 1804 1674 1844 hahet
1698 1808 1782 1845 tres
1810 1808 1961 1857 partes.
1986 1804 2032 1845 In
2062 1806 2199 1858 prima
2226 1807 2325 1846 dicit

1297 1879 1337 1915 et
1363 1875 1544 1916 ostendit
1568 1877 1683 1929 quod
1713 1877 1957 1917 communia
1977 1878 2319 1930 appropriantur.

1299 1946 1343 1987 In
1363 1948 1546 1988 secunda
1566 1948 1774 1989 rationem
1795 1948 1931 1989 reddit
1952 1950 2320 2002 appropriationis,

1296 2019 1353 2058 ibi
1382 2034 1390 2058 z
1416 2018 1469 2060 Id
1502 2030 1596 2072 erqo
1630 2022 1744 2062 sacri
1775 2021 1955 2072 eloquii,
1987 2023 2064 2060 etc.
2099 2023 2143 2060 In
2174 2021 2319 2070 tertia,

1297 2090 1398 2142 quia
1413 2091 1493 2131 hoc
1511 2103 1684 2140 nomen,
1706 2092 1967 2144 homousion,
1990 2092 2087 2132 dicit
2105 2105 2323 2146 compara-

1297 2161 1455 2201 tionem
1484 2162 1695 2213 essentiae,
1717 2162 1805 2203 sive
1831 2165 1994 2203 naturae
2020 2163 2071 2203 ad
2102 2176 2319 2216 personas,

1298 2245 1426 2272 usum
1460 2234 1551 2285 ejus
1581 2233 1834 2274 determinat
1862 2246 1950 2275 esse
1981 2235 2257 2287 catholicum,
2283 2239 2323 2276 et

1298 2304 1464 2344 veritati
1494 2305 1591 2345 fidei
1617 2318 1704 2345 esse
1733 2317 1992 2355 consonum,
2019 2306 2077 2346 ibi
2099 2320 2108 2347 :
2130 2307 2210 2349 Hic
2238 2319 2322 2350 non

1299 2384 1360 2422 est
1376 2381 1792 2432 prcecermittendum
1811 2381 1924 2434 quod
1939 2381 2223 2434 Auqustinus‚
2242 2385 2319 2423 etc.

1298 2449 1403 2491 Item
1419 2452 1540 2492 tertia
1561 2465 1671 2504 pars,
1692 2453 1737 2492 in
1756 2465 1839 2505 qua
1859 2454 1948 2504 agit
1966 2453 2164 2505 Magister
2181 2454 2231 2494 de
2250 2466 2322 2494 no-

1298 2522 1466 2562 minum
1500 2523 1800 2573 translatione‚
1839 2527 1977 2577 posset
2014 2525 2143 2565 dividi
2179 2527 2322 2566 contra

1298 2595 1434 2633 totum
1473 2597 1698 2635 tractatum
1733 2595 2038 2647 praecedentem
2077 2596 2127 2636 de
2167 2596 2323 2637 divinis

1298 2664 1558 2704 nominibus.
1592 2664 1672 2705 Sed
1702 2665 1802 2717 quia
1834 2666 2033 2718 Magister
2065 2679 2219 2720 parum
2250 2670 2322 2707 aut

1298 2736 1405 2776 nihil
1425 2736 1677 2777 determinat
1695 2738 1745 2778 de
1764 2738 1829 2778 his
1847 2739 2111 2791 nominibus,
2139 2739 2231 2780 ideo
2250 2752 2323 2792 po-

1298 2807 1383 2847 tius
1404 2807 1638 2848 incidenter
1657 2821 1755 2848 cum
1780 2810 2061 2862 epilogatione
2079 2813 2140 2852 est
2167 2811 2318 2864 posita3

1298 2878 1410 2919 unde
1442 2878 1533 2918 haec
1565 2880 1769 2931 particula
1797 2881 1902 2921 duas
1933 2882 2058 2923 hahet
2088 2885 2256 2935 partes:
2279 2883 2321 2922 in

1298 2950 1436 3002 prima
1469 2951 1696 3002 quamdam
1727 2953 1969 3004 generalem
2003 2954 2054 2995 de
2078 2954 2323 2995 nominibus

1299 3021 1553 3062 translativis
1569 3022 1695 3063 tradit
1711 3021 2031 3065 instructionem
2045 3040 2054 3074 ;
2077 3025 2123 3065 in
2140 3026 2322 3066 secunda

1298 3104 1400 3133 vero
1429 3093 1546 3145 ponit
1575 3093 1876 3145 praedictorum
1904 3096 2252 3148 epilog-ationem,
2278 3096 2321 3137 in

1298 3175 1384 3214 qua
1413 3165 1639 3204 tractatum
1669 3165 1720 3205 de
1751 3169 2012 3208 sacramento
2037 3167 2251 3208 Trinitatis
2281 3170 2322 3208 et

1299 3232 1476 3274 Unitatis
1504 3235 1616 3286 finit,
1639 3237 1861 3277 ostendens
1888 3250 1931 3279 se
1960 3238 2006 3278 in
2034 3238 2113 3279 hoc
2140 3241 2320 3279 tractatu

1298 3304 1437 3356 potius
1468 3305 1687 3357 defecisse,
1718 3319 1848 3359 quam
1880 3309 2116 3357 suffecisse,
2151 3311 2320 3361 propter

1299 3375 1487 3416 materiae
1518 3376 1807 3430 altitudinem,
1841 3381 1883 3420 et
1912 3380 1992 3420 hoc
2022 3379 2119 3419 facit
2148 3379 2208 3419 ihi
2229 3391 2240 3418 :
2261 3380 2319 3420 De

1297 3451 1560 3489 sacramento
1584 3446 1772 3491 Unitatis
1791 3454 1916 3502 atque
1937 3450 2184 3501 Trinitatis,
2203 3451 2281 3491 etc.

2341 1354 2482 1380 excellen-

2341 1395 2378 1422 tia
2413 1396 2482 1422 ines-

2364 1437 2458 1464 fabilis

2348 1479 2474 1506 Trinita-

2340 1520 2375 1546 tis
2387 1529 2416 1547 50
2429 1524 2484 1547 tra-

2359 1562 2464 1589 didisse

2353 1604 2421 1630 dicit
2440 1604 2475 1630 ad

2342 1645 2396 1670 alia
2409 1648 2482 1671 tran-

2341 1686 2454 1712 siturus.
