2613 3990
852 190 979 232 DIST.
1010 189 1132 230 XXII.
1163 189 1284 230 ART.
1316 190 1347 231 Ι.
1380 189 1576 240 QUAEST.
1608 190 1660 231 Il.

194 284 397 334 fectuum,
414 285 517 324 tunc
537 295 641 336 ergo
662 282 819 330 unitas,
842 283 882 321 et
899 279 1113 321 aeternitas
1134 291 1221 319 non

195 357 294 395 sunt
314 354 501 405 diversa,
528 367 626 394 cum
646 365 733 393 non
751 353 977 392 connotent
996 349 1215 400 effectum3

195 424 230 465 si
255 437 280 465 a
298 427 416 477 parte
436 425 727 466 intellectuum
750 423 908 473 solum⁷
932 433 1035 473 ergo
1055 421 1223 461 videtur

196 495 309 548 quod
328 495 577 548 hujusmodi
597 495 772 536 nomina
791 505 906 534 cassa
924 493 1008 533 sint
1024 494 1065 532 et
1084 503 1196 532 vana
1210 522 1222 542 ,

197 578 297 607 cum
325 579 412 608 non
438 567 622 608 habeant
647 551 807 618 aliquid
832 563 1161 617 correspondens
1180 562 1223 602 in

197 649 259 678 re.

251 712 290 749 [1.
314 708 434 761 Item,
454 711 497 749 in
522 708 742 761 Scriptura
763 718 920 747 nomen
940 706 1012 747 Dei
1031 705 1225 757 singula-

200 781 303 822 riter
324 781 575 834 proponitur
593 780 679 820 sive
694 778 861 820 additur
877 778 967 829 uni,
983 780 1031 819 ut
1051 790 1148 818 cum
1168 777 1227 818 di-

201 852 309 893 citur
332 867 340 894 :
366 853 572 895 Dominus
594 861 743 892 nomen
774 849 844 891 illi·
858 865 873 896 ;
893 849 983 889 sive
1016 849 1224 901 pluribus,

200 926 248 964 ut
267 936 365 964 00111
384 923 539 964 dicitur
558 934 568 962 ε
597 936 615 959 c(
636 921 684 961 In
699 921 871 961 nomine
890 920 1039 970 Patris,
1063 923 1102 960 et
1116 920 1225 970 Filii,

201 997 241 1034 et
261 993 442 1047 Spiritus
461 992 594 1033 sancti
620 1007 628 1033 :
649 1007 667 1030 »
686 1004 790 1043 ergo
810 1004 907 1032 00111
926 991 1072 1032 eadem
1094 991 1145 1031 sit
1164 1003 1229 1031 ra-

200 1063 259 1104 tio
290 1064 377 1114 rei,
401 1066 441 1104 et
471 1063 602 1104 unius
629 1063 704 1114 rei,
726 1065 767 1103 et
794 1063 979 1103 nominis
996 1095 1005 1112 ,
1027 1065 1068 1103 et
1099 1062 1229 1103 unius

201 1134 410 1186 nominis,
440 1146 544 1186 ergo
579 1134 689 1175 Deus
727 1137 896 1174 tantum
932 1146 1069 1174 unum
1100 1133 1227 1174 habet

202 1218 373 1247 nomen.

565 1311 864 1354 CONCLUSIO.

204 1425 270 1460 Dei
285 1425 335 1459 est
351 1433 461 1459 unum
476 1424 680 1466 ·nomcn„si
699 1433 823 1458 nomen
845 1424 1014 1469 capiatur
1038 1433 1105 1469 pro
1124 1433 1162 1458 rc
1180 1424 1228 1458 εί-

251 1483 428 1528 gnificata
450 1482 632 1517 essentiali
648 1508 660 1526 ,
682 1484 715 1516 et
739 1492 806 1528 ‘pro
831 1483 974 1516 ratione
994 1481 1234 1517 innotescendi

253 1553 296 1578 επ
315 1544 425 1588 parte
444 1543 509 1577 Dei
522 1554 533 1585 ,-
552 1542 664 1588 plura
678 1568 687 1584 ,
711 1543 743 1576 si
757 1551 824 1587 pro
850 1552 929 1575 voce
958 1543 991 1576 ct
1010 1552 1075 1587 pro
1094 1542 1236 1587 signifi-

254 1604 332 1637 cato
359 1601 567 1648 personali,
591 1602 624 1635 et
647 1610 715 1646 pro
746 1601 889 1635 ratione
921 1600 1164 1636 innotescendi
1193 1611 1236 1635 cat

250 1662 358 1707 parte
380 1662 640 1696 creaturarum.

262 1775 385 1828 Resp.
407 1775 459 1815 ad
486 1774 671 1827 Argum.
693 1773 926 1814 Dicendum
945 1773 1057 1826 quod
1084 1773 1130 1813 in
1157 1785 1236 1813 no-

210 1847 326 1888 mine
348 1846 428 1887 tria
447 1848 566 1897 sunt,
588 1845 743 1886 scilicet
763 1858 868 1897 VOX,
891 1848 931 1886 et
957 1846 1210 1898 significatio
1224 1878 1234 1896 ,

211 1920 252 1959 et
267 1917 374 1958 ratio
392 1916 698 1957 innotescendi.
716 1915 833 1956 Unde
853 1917 894 1956 et
918 1928 1073 1956 nomen
1095 1916 1238 1956 multi-

209 1989 372 2042 pliciter
389 1988 596 2041 accipitur
614 2003 622 2029 :
640 1987 883 2040 aliquando,
902 2000 977 2040 pro
992 2001 1094 2029 voce
1107 1988 1240 2040 signi-

209 2061 376 2110 ficante,
398 2061 449 2100 ut
465 2071 563 2100 cum
584 2059 736 2100 dicitur
760 2073 768 2099 ;
793 2073 811 2096 (t
833 2058 982 2099 Petrus
1001 2063 1063 2099 est
1084 2072 1240 2100 nomen

213 2130 391 2184 apostoli
413 2141 422 2169 z
444 2145 464 2168 »
488 2133 529 2171 et
554 2130 612 2170 sic
641 2132 802 2171 constat
829 2130 941 2182 quod
969 2130 1014 2170 in
1034 2130 1116 2171 Deo
1142 2133 1242 2171 sunt

213 2203 338 2256 plura
360 2202 549 2243 nomina.
577 2201 814 2254 Aliquando
847 2214 1006 2242 nomen
1039 2202 1242 2255 accipitur

216 2285 293 2326 pro
313 2285 359 2313 re
379 2273 629 2325 significata,
646 2276 694 2313 ut
712 2285 811 2314 cum
828 2273 979 2314 dicitur
999 2286 1008 2313 :
1037 2288 1056 2311 (‹
1075 2273 1242 2314 Bonum

217 2347 257 2386 et
286 2345 514 2385 honestum
540 2347 640 2385 sunt
667 2344 780 2385 idem
799 2344 986 2385 nomine.
1013 2344 1095 2385 »Et
1116 2345 1176 2385 510
1198 2345 1244 2386 111

218 2416 373 2458 divinis
414 2416 600 2470 quodam
645 2416 771 2456 modo
811 2419 872 2456 est
908 2416 1045 2457 dicere
1085 2429 1245 2458 11011100

219 2500 372 2537 unum,
392 2488 578 2541 quodam
597 2487 723 2528 niodo
747 2488 883 2540 plura.
906 2488 948 2528 Si
965 2488 1085 2529 enim·
1099 2500 1166 2529 res
1185 2489 1245 2529 si-

220 2560 423 2612 gnificata
462 2559 627 2600 dicatur
665 2558 938 2599 essentialiter
955 2591 964 2608 ,
1004 2560 1063 2600 sic
1103 2561 1247 2601 omnia

217 2644 382 2682 unum3
411 2630 445 2671 si
470 2630 763 2684 personaliter,
785 2630 843 2670 sic
868 2631 1033 2683 plures,
1053 2633 1092 2672 et
1122 2632 1247 2684 plura

219 2704 395 2746 nomina
424 2703 809 2757 correspondentia.
832 2704 1069 2757 Aliquando
1089 2718 1247 2747 nomen

220 2780 423 2832 accipitur
455 2792 533 2832 pro
563 2779 653 2832 ipso
685 2779 926 2831 notamine,
960 2780 1048 2821 sive
1082 2781 1246 2822 ratione

219 2850 506 2892 innotescendi
522 2865 532 2901 ;
547 2853 587 2892 et
600 2851 658 2891 sic
673 2850 899 2891 dicendum
918 2851 1105 2904 quodam
1120 2853 1248 2893 modo

221 2934 378 2963 nomen
396 2934 549 2973 unum,
567 2922 751 2975 quodam
771 2922 896 2963 modo
913 2922 1050 2975 plura.
1072 2922 1114 2964 Si
1134 2924 1250 2964 enim

223 2993 428 3046 accipitur
446 2993 554 3034 ratio
574 2994 861 3034 innotescendi
881 3006 934 3034 ex
950 2997 1068 3047 parte
1088 2995 1175 3046 Dei,
1192 2996 1250 3036 sic

224 3063 447 3104 innotescit
476 3076 551 3117 per
575 3064 780 3106 virtutem
808 3077 904 3117 quae
924 3077 1011 3106 una
1031 3069 1071 3106 et
1092 3079 1251 3119 magna

225 3138 285 3176 est
301 3148 312 3186 3
332 3137 374 3175 et
391 3135 449 3175 sic
466 3148 606 3177 unum
624 3148 782 3177 nomen
804 3135 876 3177 Dei
891 3139 967 3187 est,
986 3140 1027 3177 et
1041 3150 1251 3190 magnum

226 3205 313 3247 sive
333 3207 585 3247 maximum.
610 3206 726 3248 Unde
749 3206 980 3248 Hieremias
1001 3212 1011 3233 ¹
1034 3222 1044 3249 z
1070 3210 1253 3262 Magnus

228 3289 269 3320 es
284 3281 331 3320 tu
346 3281 383 3320 et
407 3290 609 3332 magnum
625 3291 774 3322 nomen
795 3283 927 3330 tuum,
953 3280 995 3320 id
1017 3283 1093 3330 est,
1115 3295 1253 3334 quan-

227 3352 319 3390 tum
332 3349 385 3389 ad
400 3350 606 3391 rationem
622 3351 924 3401 innotescendi,
947 3351 1034 3392 sive
1051 3352 1250 3394 virtutem

228 3432 303 3473 per
317 3432 446 3472 quam
461 3420 697 3472 innotescit,
714 3422 947 3463 secuudum
968 3423 1081 3475 quod
1101 3424 1254 3466 dicitur

272 3502 430 3540 Uer-em„
450 3510 485 3544 x,
504 3504 534 3536 6.
549 3521 590 3526 -
605 3504 617 3524 ‘2
631 3504 683 3537 Ps.
703 3513 806 3545 Lxxv,
830 3507 854 3536 l.
874 3523 904 3526 m
927 3504 939 3525 ³
954 3504 1036 3537 Dist.
1056 3513 1130 3539 viii.

2242 197 2319 235 367

1296 280 1340 319 in
1357 279 1520 320 Psalmo
1534 280 1547 301 ²²
1569 292 1578 319 ε
1598 280 1730 321 Notas
1750 279 1799 320 in
1812 278 1965 321 <ludera
1985 282 2109 331 Deus,
2127 283 2174 323 in
2189 283 2318 326 Israel

1296 362 1496 403 11109111οη
1525 361 1677 393 nomen
1711 349 1816 402 effus.
1839 349 1882 390 Si
1911 353 2054 391 autem
2086 353 2315 405 accipiatur

1297 423 1402 463 ratio
1440 422 1725 463 innotescendi
1761 421 1923 462 ratione
1959 422 2189 463 effectuum
2225 425 2315 466 sive

1298 496 1604 541 creaturarum,
1626 492 1683 533 sic
1702 492 1867 533 diversa
1880 495 1979 532 sunt
1991 493 2165 534 nomina
2187 508 2195 533 :
2216 508 2316 536 nam

1299 565 1407 606 Deus
1432 564 1652 605 innotescit
1670 564 1791 605 nobis
1816 564 2048 617 tripliciter,
2071 565 2225 606 scilicet
2243 579 2318 619 per

1299 636 1583 677 causalitatem
1601 668 1610 687 ,
1639 648 1713 688 per
1732 636 2000 688 ablationem,
2023 638 2063 676 et
2082 648 2157 689 per
2176 638 2316 678 excel-

1298 708 1493 758 lentiam3
1519 710 1559 748 et
1579 707 1811 748 secundum
1831 708 1909 748 1100
1928 710 1989 748 051
2007 708 2232 749 mullitudo
2246 721 2320 749 no-

1300 779 1484 819 minum.
1502 778 1544 819 Si
1556 779 1670 819 enim
1683 779 1925 819 nominetur
1937 791 2009 832 per
2023 780 2321 831 causalitatem,

1302 850 1435 890 multa
1455 852 1553 890 sunt
1565 850 1752 899 nomina,
1769 850 1868 902 quia
1884 851 2038 891 multos
2050 851 2175 891 habet
2195 851 2320 892 effec-

1301 924 1385 961 tus.
1409 921 1451 962 Si
1470 934 1543 974 per
1561 921 1812 962 ablationem
1825 955 1834 972 ,
1859 923 1993 962 multa
2010 925 2109 963 sunt
2128 923 2319 973 nomina,

1303 992 1402 1045 quia
1417 992 1549 1033 multa
1557 995 1845 1042 removentur,
1856 993 2010 1034 scilicet
2018 993 2160 1034 omnia
2171 996 2323 1035 creata.

1304 1064 1347 1104 Si
1366 1076 1441 1116 per
1457 1063 1747 1104 excellentiam
1764 1097 1774 1115 ,
1796 1064 1944 1115 multa,
1969 1064 2070 1117 quia
2095 1064 2138 1104 in
2162 1065 2323 1115 multis,

1303 1134 1349 1173 in
1365 1134 1561 1175 omnibus
1577 1135 1733 1176 scilicet
1752 1135 2061 1176 conditionibus
2081 1136 2327 1188 nobilitatis,

1304 1205 1467 1246 excedit
1486 1209 1713 1247 creaturas.

1360 1277 1421 1318 Ex
1443 1278 1652 1330 praedictis
1682 1280 1825 1331 patent
1860 1279 2036 1331 objecta.
2065 1278 2185 1329 Quod
2213 1280 2329 1320 enim

1306 1349 1448 1401 objicit
1478 1349 1590 1402 quod
1616 1348 1831 1402 Scriptura
1856 1362 2012 1391 nomen
2035 1350 2105 1391 Dei
2134 1351 2334 1404 exprimit

1306 1420 1593 1472 singulariter,
1626 1421 1850 1461 dicendum
1884 1422 1997 1474 quod
2033 1422 2251 1476 Scriptura
2284 1425 2333 1463 ut

1306 1491 1541 1544 plurimum
1571 1504 1728 1532 nornen
1753 1492 1825 1532 Dei
1858 1493 2057 1545 praedicat
2090 1506 2332 1546 magnum,

1308 1563 1567 1612 admirabile,
1587 1566 1794 1614 sanctum,
1810 1567 1850 1604 et
1866 1564 2093 1615 laudabile3
2113 1568 2153 1605 et
2173 1565 2230 1605 sic
2250 1577 2336 1605 non

1307 1634 1495 1686 loquitur
1526 1635 1576 1675 de
1607 1634 1780 1675 nomine
1812 1635 2047 1676 secundum
2080 1637 2193 1689 quod
2225 1649 2333 1688 vox,

1309 1706 1379 1746 sed
1413 1706 1650 1746 secundum
1684 1707 1798 1759 quod
1832 1707 1938 1747 ratio
1976 1707 2267 1749 innotescendi
2312 1722 2337 1749 a

1310 1781 1427 1830 parte
1452 1778 1519 1818 Dei
1541 1793 1549 1818 ;
1574 1781 1614 1819 01
1633 1778 1692 1818 510
1713 1791 1863 1819 uuum.
1895 1778 2056 1820 Tamen
2079 1792 2166 1820 non
2189 1781 2337 1833 sequi—

1311 1853 1381 1890 tur
1410 1861 1419 1889 :
1457 1865 1476 1887 «
1504 1849 1711 1902 Loquitur
1741 1850 2029 1902 singulariter,
2058 1863 2161 1903 ergo
2191 1864 2339 1892 unum

1311 1921 1468 1971 solum3
1491 1936 1509 1958 »
1530 1921 1629 1974 quia
1643 1922 1884 1974 frequenter
1901 1922 2013 1974 quod
2031 1922 2184 1963 dicitur
2196 1923 2226 1963 si
2235 1936 2343 1975 ngu-

1312 1992 1468 2041 lariter,
1499 1992 1650 2033 dicitur
1674 1996 1714 2033 et
1735 1992 2042 2044 universaliter,
2073 1996 2121 2034 ut
2150 1997 2263 2048 patet
2289 1995 2336 2036 in

1313 2063 1459 2103 multis
1489 2064 1694 2116 exemplis
1719 2078 1728 2104 ε
1754 2064 1798 2103 111
1828 2064 1944 2116 lege,
1975 2076 2074 2104 cum
2102 2064 2333 2115 dicebatur,

1316 2150 1334 2173 (1
1365 2135 1494 2175 1101110
1514 2134 1563 2175 (10
1583 2134 1732 2184 lsrael,
1759 2149 1777 2172 n
1806 2135 1872 2176 vel
1895 2150 1913 2173 «
1931 2134 2060 2175 homo
2088 2135 2164 2187 qui
2192 2136 2334 2177 fecerit

1313 2207 1393 2247 hoc
1413 2205 1480 2246 vel
1494 2206 1611 2256 illud,
1624 2220 1643 2243 ›)
1661 2205 1977 2258 intelligebatur
1994 2206 2043 2247 de
2064 2206 2338 2259 quolibetho-

1314 2278 1445 2318 mine.

1368 2349 1431 2389 Ad
1450 2349 1553 2389 illud
1572 2349 1683 2402 quod
1710 2349 1906 2402 objicitur
1932 2349 2044 2402 quod
2072 2349 2290 2402 pluralitas
2312 2363 2336 2391 a

1316 2424 1431 2473 parte
1462 2420 1522 2460 rei
1551 2423 1636 2469 est,
1666 2420 1891 2461 dicendum
1918 2421 2030 2474 quod
2062 2421 2280 2474 pluralitas
2314 2435 2338 2462 a

1316 2494 1434 2545 parte
1452 2491 1514 2532 rei
1543 2494 1604 2532 est
1626 2495 1674 2532 ut
1693 2492 1924 2545 accipiatur
1943 2504 2010 2533 res
2038 2505 2112 2545 pro
2140 2505 2332 2545 persona.

1318 2564 1361 2604 Si
1380 2566 1522 2604 autem
1536 2576 1612 2617 pro
1631 2567 1797 2613 natura,
1815 2566 1855 2604 et
1874 2563 1947 2613 sic,
1969 2564 2004 2604 51
2023 2577 2109 2605 11011
2128 2564 2179 2604 sit
2198 2565 2340 2617 plura-

1317 2635 1409 2675 litas
1430 2634 1473 2674 in
1493 2647 1550 2685 se,
1572 2637 1715 2675 tamen
1730 2635 1775 2675 in
1795 2639 2003 2688 quantum
2024 2636 2243 2677 innotescit
2266 2651 2274 2678 :
2300 2640 2341 2678 et

1317 2706 1410 2747 ideo
1430 2706 1554 2759 plura
1573 2707 1764 2747 nomina.

1373 2777 1436 2818 Ad
1454 2777 1557 2818 illud
1576 2777 1688 2831 quod
1702 2778 1898 2831 objicitur
1917 2779 2029 2831 quod
2045 2779 2220 2820 nomina
2242 2781 2342 2822 talia

1320 2852 1420 2890 sunt
1445 2862 1707 2903 synonyma,
1732 2850 1958 2891 dicendum
1984 2851 2095 2904 quod
2121 2854 2222 2893 tunc
2246 2856 2344 2899 sunt

1321 2933 1581 2975 synonyma,
1602 2934 1700 2961 cum
1725 2921 1924 2962 dicuntur
1943 2935 1967 2963 a
1989 2926 2105 2975 parte
2131 2923 2250 2964 vocis
2275 2937 2343 2965 so—

1322 2992 1411 3033 10111
1435 3007 1443 3033 :
1475 2993 1546 3033 1110
1577 2995 1720 3033 autern
1749 2996 1811 3033 051
1837 2993 2073 3034 differentia
2108 2996 2347 3036 secundum

1322 3064 1529 3105 rationem
1564 3064 1849 3105 innotescendi
1873 3079 1881 3105 ε
1909 3066 1948 3104 01
1976 3064 2070 3106 1(100
2105 3078 2192 3106 11011
2220 3079 2348 3120 syno-

1323 3148 1470 3188 nyma.
1493 3135 1586 3176 Alia
1605 3135 1711 3176 ratio
1730 3135 1838 3176 dicta
1858 3135 1939 3176 fuit
1962 3148 2090 3190 supra
2108 3138 2121 3159 ³
2138 3138 2182 3178 111
2206 3138 2348 3191 primo

1322 3207 1600 3260 problemate.

1377 3278 1441 3318 Ad
1468 3278 1573 3318 illud
1601 3277 1716 3330 quod
1742 3278 1937 3330 objicitur
1965 3281 2102 3332 quod,
2125 3281 2159 3321 si
2189 3281 2305 3322 venit
2324 3294 2349 3322 a

1325 3352 1441 3403 parte
1464 3349 1724 3400 intelligendi
1743 3349 1907 3401 solum,
1928 3363 2030 3403 ergo
2050 3352 2146 3392 talia
2172 3353 2348 3394 nomina

1327 3424 1426 3462 sunt
1445 3433 1571 3471 vana3
1591 3420 1816 3461 dicendum
1836 3422 1948 3474 quod
1968 3435 2055 3463 non
2072 3423 2186 3465 venit
2204 3424 2350 3465 abhoc

1326 3493 1478 3543 solum,
1498 3492 1698 3545 quoniam
1718 3492 1773 3532 illi
1790 3493 1941 3534 rationi
1960 3494 2246 3535 innotescendi
2266 3508 2350 3537 res-

2378 1286 2424 1314 Aa
2444 1289 2467 1313 2.

2390 2360 2433 2388 Ad
2451 2363 2477 2391 3.

2392 2788 2435 2816 Ad
2454 2791 2480 2816 2.

2394 3292 2438 3320 :aa
2457 3292 2484 3321 3.
