2570 3986
899 256 948 295 IN
981 256 1076 295 [ΑΒ.
1112 256 1140 295 I.
1174 254 1602 296 SENTENTIARUM.
2266 265 2300 298 Η

199 350 314 389 sione
331 348 494 398 Christi,
514 350 560 387 ut
576 349 748 386 testatur
764 345 1070 396 Augustinus¹.
1088 344 1142 384 De
1155 344 1215 384 la-

199 422 285 459 tere
331 417 482 458 Christi
525 416 769 458 dormientis
818 415 1036 455 fluxerunt
1078 427 1218 454 sacra-

199 491 359 539 menta,
378 489 480 529 dum
498 487 594 527 inde
612 486 736 526 fluxit
756 485 931 537 sanguis
958 489 999 525 et
1017 498 1140 537 aqua.

253 559 308 599 De
320 559 517 599 omnibus
532 557 619 597 istis
635 557 777 596 fluviis
796 556 937 605 simul,
960 558 1000 595 et
1022 567 1096 608 per
1108 556 1215 595 ordi-

197 642 297 670 nem
308 630 486 670 habetur
506 639 594 679 cap.
605 639 633 666 11
649 627 834 675 Genesis,
846 626 920 666 ubi
938 626 1091 666 dicitur
1102 627 1215 678 quod

198 700 359 752 fluvius
381 698 669 752 eqreclc‘ebatur
691 697 741 738 cle
765 697 848 738 loco
868 697 1116 748 voluptatis,
1140 698 1216 748 qui

200 771 299 812 inde
309 769 529 812 dividitur
540 770 587 809 τη
599 772 778 820 quatuor
786 768 929 819 capita
938 780 952 805 .·
964 778 1111 808 nomen
1117 769 1214 819 prl-

198 843 259 883 mz'
277 841 460 883 Phison:
487 849 633 880 nomen
647 838 825 880 secundi
838 840 891 888 (a)
920 838 1128 882 Gehon...;
1144 848 1215 879 ηο-

197 923 292 953 men
304 911 420 953 tertii
434 910 603 962 Tiaris..
613 913 687 960 .,·ec
699 919 848 950 nomen
864 909 1011 960 quarti
1022 909 1056 948 E
1062 908 1216 960 aphra-

197 986 269 1024 tes.
301 981 474 1022 Fluvius
499 981 576 1020 iste
605 979 825 1031 egrediens
853 979 903 1019 de
924 979 1130 1032 paradiso,
1155 983 1216 1019 est

199 1052 327 1093 totius
341 1051 437 1091 libri
452 1051 584 1103 huJ'us
602 1051 792 1090 materia.
809 1049 999 1099 Quatuor
1022 1050 1143 1090 fluvii
1162 1062 1215 1090 ex

196 1123 272 1163 isto
286 1122 555 1175 procedentes
573 1124 673 1161 sunt
691 1121 889 1173 speciales
908 1122 1098 1161 materiae
1114 1133 1216 1173 qua-

195 1196 292 1233 tuor
314 1193 547 1242 librorum,
585 1192 691 1232 sicut
721 1192 840 1232 facile
870 1194 1005 1244 potest
1042 1195 1211 1244 aptare,

194 1264 267 1316 qui
283 1263 581 1316 praedictorum
600 1263 824 1302 nominum
852 1263 1215 1314 interpretationes

194 1334 287 1375 vult
317 1334 542 1385 diligenter
566 1346 790 1386 exponere.
820 1332 977 1374 Phison
1008 1334 1123 1374 enim
1145 1334 1214 1373 in—

194 1407 448 1457 terpretatur
474 1406 560 1446 oris
579 1406 783 1454 mutam,
814 1407 854 1444 et
879 1405 925 1443 in
953 1404 1033 1444 hoc
1053 1404 1214 1455 signifi-

194 1478 314 1516 catur
332 1487 609 1528 personarum
639 1475 864 1515 emanatio.
888 1474 1006 1514 Sicut
1030 1475 1142 1514 enim
1161 1487 1215 1514 ex

193 1558 265 1587 ore
293 1546 500 1586 materiali
517 1546 702 1598 procedit
721 1546 901 1586 verbum
920 1576 931 1595 ,
962 1548 1002 1585 et
1026 1545 1211 1597 spiritus,

193 1617 251 1658 ita
268 1629 320 1657 ex
338 1629 410 1657 ore
431 1616 577 1666 Patris,
600 1615 747 1664 Filius,
763 1619 804 1655 et
823 1614 1004 1668 Spiritus
1030 1619 1212 1656 sanctus.

194 1689 282 1741 Eyo
310 1698 365 1729 ea·
389 1698 457 1730 ore
482 1687 698 1728 Altissimi
727 1686 898 1738 prodii,
925 1688 1215 1739 12⁷·irtzoqerzica

194 1763 289 1801 ante
300 1769 460 1800 omnem
472 1762 709 1800 creaturam
721 1762 748 1796 2.
760 1757 847 1797 Hoc
861 1757 960 1797 dicit
970 1757 1058 1810 ipse
1068 1757 1098 1797 F
1101 1757 1212 1808 iliuS,

194 1829 268 1882 qui
296 1832 357 1869 est
379 1827 589 1877 Verbum,
611 1832 651 1869 et
674 1828 890 1881 Sapientia
916 1827 1063 1869 Patris.
1091 1827 1142 1869 Et
1171 1829 1215 1868 in

195 1900 358 1941 Psalmo
386 1912 396 1940 :
420 1899 542 1942 Verbo
564 1900 736 1941 Domini
756 1899 848 1940 coelz'
861 1899 1025 1951 firmati
1040 1904 1155 1949 sum,
1177 1905 1215 1941 ez

191 1973 352 2024 spiritu
380 1972 467 2013 oris
498 1973 585 2022 ejus
604 1974 634 2021 ³,
654 1973 731 2011 etc.
757 1970 903 2011 Gehon
931 1971 979 2023 (b)
1012 1971 1216 2023 interpre-

193 2044 306 2082 tatur
337 2053 492 2090 arena,
525 2045 566 2082 et
596 2041 641 2081 in
664 2041 745 2081 hoc
772 2042 1039 2093 significatur
1069 2054 1214 2082 rerum

195 2112 511 2162 mundanarum
524 2112 758 2165 productio.
780 2112 897 2153 Sicut
915 2113 1032 2153 enim
1046 2113 1217 2153 univer-

192 2184 291 2225 sitas
307 2186 599 2224 creaturarum
618 2187 887 2236 comparatur
913 2184 1021 2224 mari
1045 2187 1217 2237 propter

192 2252 494 2305 spatiositatem
539 2251 586 2304 (c)
607 2284 618 2302 ,
653 2252 710 2292 ita
753 2264 894 2292 arenae
934 2255 1105 2304 propter
1144 2253 1215 2292 in-

193 2323 554 2363 numerositatem.
588 2324 774 2364 Aronam
799 2324 933 2364 maris
948 2354 961 2373 ,
993 2327 1031 2364 et
1056 2323 1216 2375 pluvia)

193 2397 364 2446 guttas,
399 2397 437 2436 et
462 2393 552 2435 dies
571 2394 718 2435 soeculz‘
741 2395 838 2446 qais
858 2393 1176 2435 dinumeraviffi
1196 2395 1216 2434 ,9

192 2463 331 2516 Tigris
352 2464 652 2517 interpretatur
665 2466 841 2517 saqitta,
857 2467 898 2504 et
917 2465 961 2504 in
979 2464 1060 2504 hoc
1078 2465 1216 2516 signi-

192 2536 343 2575 ficatur
361 2534 457 2575 Filii
477 2535 549 2575 Dei
562 2535 809 2575 incarnatio.
829 2534 945 2575 Sicut
963 2535 1137 2575 enimin
1154 2548 1217 2575 sa-

192 2606 299 2657 gitta
324 2606 486 2646 ferrum
513 2607 789 2658 conjunctum
815 2609 876 2646 est
902 2606 1044 2658 ligno,
1082 2606 1141 2646 sic
1170 2607 1216 2646 in

192 2674 353 2716 Christo
391 2677 591 2717 fortitudo
624 2676 857 2717 divinitatis
895 2678 1122 2729 conjuncta
1155 2681 1217 2717 est

193 2746 382 2788 mollitiei
416 2747 709 2799 humanitatis.
746 2746 797 2787 Et
829 2748 938 2788 sicut
974 2748 1127 2800 sagitta
1163 2760 1216 2788 ex

192 2831 309 2871 arcu,
340 2821 381 2860 et
404 2819 545 2871 ligno,
575 2818 690 2859 volat
717 2818 769 2858 ad
796 2819 1119 2871 percutiendum
1138 2819 1215 2859 ad-

192 2890 427 2939 versarios,
462 2890 522 2929 sic
552 2888 740 2930 Christus
756 2921 766 2937 ‚
799 2889 850 2929 de
886 2901 1009 2930 cruce
1040 2890 1213 2939 saliens,

194 2961 400 3013 confregit
423 2960 730 3001 adversarium.
757 2959 856 3000 Haec
874 2964 936 3000 est
953 2961 1024 3001 illa
1046 2961 1213 3013 sagitta,

194 3032 245 3072 de
263 3044 347 3085 qua
365 3031 518 3072 dicitur
538 3035 551 3055 ⁵
571 3045 580 3069 ε
607 3031 771 3083 δαῃῑῐῑα
788 3031 941 3073 salutis
957 3032 1152 3083 Domini,
1178 3036 1217 3073 ec

194 3103 355 3156 sayz‘tca
384 3102 540 3144 salutis
573 3107 721 3144 contra
759 3102 945 3154 Syriam.
982 3102 1217 3155 Euphrates

195 3173 493 3226 interpretatur
525 3174 724 3226 fruqz'fer,
758 3174 803 3212 in
833 3185 917 3225 quo
950 3173 1216 3225 significatur

240 3280 251 3301 ¹
277 3281 315 3311 Iu
333 3280 390 3312 lib.
416 3281 663 3311 Sententiarum
684 3288 725 3310 ex
742 3279 827 3319 Aug.
853 3278 1107 3321 decerptarum,
1129 3283 1214 3311 sent.

197 3328 276 3367 3283
290 3336 332 3358 ex
346 3329 442 3358 tract.
457 3335 501 3358 xv
517 3336 615 3367 super
627 3328 734 3366 Joan„
753 3329 830 3357 ante
850 3327 954 3366 med,
969 3330 1002 3358 et
1018 3337 1059 3358 ex
1078 3328 1136 3359 lili.
1155 3329 1213 3359 XV

196 3373 235 3403 de
266 3373 406 3404 Civitate
433 3375 512 3411 Dei,
545 3383 618 3413 cap.
639 3381 733 3405 xxm.
754 3390 795 3395 —
813 3374 827 3393 ⁴³
842 3373 962 3412 Eccli„
988 3382 1090 3414 xxu',
1124 3377 1153 3405 5).
1175 3392 1215 3396 —

199 3420 313 3451 '³Psal.
328 3428 424 3452 xxxii
438 3446 447 3461 ,
465 3423 494 3452 6.
510 3438 549 3443 ——
564 3421 576 3441 ¹*
590 3420 708 3460 Erqclz'„
726 3429 758 3460 1,
780 3423 809 3452 2.
825 3438 863 3442 —
879 3422 947 3452 51V
968 3422 1059 3463 Κεφ,
1080 3430 1163 3461 xm,
1183 3424 1213 3452 ὕ.

242 3491 284 3530 (a)
300 3490 391 3522 Edit.
415 3491 491 3522 Ven.
517 3494 588 3523 1581
607 3492 750 3530 ,Gihon⁴
774 3491 867 3531 —(b)
885 3492 978 3523 Edit.
1011 3494 1086 3523 Ven.
1115 3495 1213 3532 1381,

199 3538 320 3570 Gihon.
340 3555 378 3560 -
416 3539 450 3577 (c)
481 3540 585 3569 :inico
618 3538 721 3579 [eqeb.
748 3539 1008 3579 §patrimis-itam.
1031 3558 1070 3562 —-
1102 3540 1147 3581 (d)
1179 3541 1212 3570 [ll

1289 346 1648 384 sacramentorum
1679 345 1948 397 dispensatio,
1980 359 2074 398 quae
2098 360 2180 387 non
2216 352 2311 388 tan*

1288 416 1382 454 tum
1404 414 1591 453 animani
1606 418 1791 466 purgant
1805 427 1828 455 a
1842 416 1979 467 culpa,
2000 416 2068 456 sed
2085 417 2212 456 etiam
2231 419 2310 457 fo}-

1290 484 1479 524 cundant
1510 484 1553 524 iu
1584 486 1735 536 gratia.
1770 485 1888 534 Quod
1927 486 2141 538 signatum
2176 491 2236 527 est
2272 489 2309 527 in

1289 555 1563 606 Apocalypsi,
1580 556 1653 594 ubi
1673 556 1826 596 dicitur
1839 561 1852 581 ⁶
1871 557 1979 608 quod
1991 558 2116 609 juxta
2132 558 2312 597 fluvium

1289 625 1578 676 crystallinum
1603 629 1692 666 erat
1721 627 1885 678 liquam
1911 626 2088 679 afferens
2113 629 2312 678 fructum,

1288 696 1411 747 cujus
1429 696 1534 746 folia
1554 700 1672 736 erant
1692 697 1736 736 in
1757 697 2011 737 medicinam
2028 698 2100 749 (a).

1342 765 1448 805 Cum
1478 766 1611 817 igitur
1636 771 1818 819 quatuor
1843 767 1927 807 sint
1954 768 2102 816 fluvii,
2134 773 2315 820 quatuor

1288 839 1385 876 sunt
1404 836 1641 877 fluviorum
1657 837 1904 890 profunda,
1935 838 2144 891 praedictis
2173 839 2316 880 fluviis

1288 907 1672 958 correspondentia.
2176 898 2179 901 ⁵

1342 976 1605 1018 Profundum
1626 981 1795 1018 aeternae
1815 979 2094 1019 emanationis
2108 982 2169 1020 est
2182 980 2317 1020 subli-

1288 1049 1411 1088 mitas
1443 1048 1542 1088 Esse
1576 1048 1736 1099 divini,
1777 1049 1828 1089 de
1856 1061 1940 1101 quo
1965 1052 2099 1102 potest
2136 1050 2314 1102 intelligi

1289 1119 1414 1159 illud7
1430 1134 1437 1159 :
1454 1119 1555 1161 Alta
1565 1119 1860 1171 profunditas,
1874 1121 1969 1172 qais
1985 1121 2173 1162 inveniet
2191 1132 2281 1162 eam
2296 1123 2318 1161 ,9

1288 1189 1393 1230 Vere
1411 1190 1674 1242 profunditas
1695 1191 1794 1240 alta,
1817 1194 1857 1230 et
1878 1190 2054 1231 altitudo
2083 1192 2313 1243 profunda,

1289 1260 1347 1300 ita
1365 1263 1413 1300 ut
1432 1260 1637 1300 exclamet
1651 1261 1896 1313 ApostOIUS,
1916 1265 1956 1301 et
1976 1261 2109 1302 dicatS
2127 1276 2134 1301 ε
2160 1263 2191 1302 0
2210 1263 2314 1303 alti-

1289 1330 1392 1372 tudo
1412 1331 1669 1372 (Zz'vz'ciaram
1687 1333 1913 1383 sapientire
1938 1337 1977 1374 et
1998 1333 2190 1374 scientia>
2210 1335 2311 1381 Dei,

1289 1413 1414 1452 queem
1431 1402 1875 1453 incomprehensibazfa
1895 1407 1994 1444 sunt
2005 1403 2180 1454 Jaclicz‘a
2192 1404 2282 1455 ejus
2300 1406 2317 1445 ,Ι

1290 1470 1395 1512 Vere
1412 1473 1573 1524 jtnlicia
1593 1473 2040 1525 incomprehensibilia
2053 1505 2063 1522 ,
2095 1476 2196 1526 quia
2215 1488 2315 1527 pro—

1289 1542 1464 1582 fundat⁹
1487 1543 1689 1584 :Jaclz'cz'a
1715 1544 1829 1583 enim
1862 1544 1933 1583 Dei
1960 1544 2138 1596 abyssus
2157 1545 2316 1596 multa,-

1289 1611 1378 1652 Et¹⁰
1400 1613 1664 1664 Profamlmn
1685 1614 1843 1666 Abyssa·
1861 1616 1958 1666 qais
1978 1614 2197 1657 dimensus
2220 1622 2281 1658 est
2296 1619 2317 1657 ‚⁹

1290 1682 1386 1723 Haec
1402 1684 1665 1736 profunditas
1683 1685 1876 1725 innuitur
1895 1686 1937 1724 in
1953 1685 2029 1726 Job
2042 1687 2069 1710 ¹¹
2087 1701 2095 1726 :
2112 1688 2314 1729 Forsitan

1289 1756 1472 1807 veseima
1492 1756 1565 1796 Dei
1583 1756 1916 1807 comprehendes,
1939 1761 1978 1798 et
1997 1767 2127 1809 usque
2145 1758 2201 1799 ad
2218 1769 2315 1810 per-

1291 1826 1445 1875 fectum
1483 1826 1816 1878 omnipotentem
1856 1829 2066 1879 reperies?
2096 1829 2318 1871 Excelsz'or

1288 1896 1386 1937 coelo
1401 1902 1477 1947 est,
1490 1902 1528 1938 et
1542 1897 1649 1949 qaid
1667 1899 1798 1948 facies
1812 1899 1834 1939 P
1846 1899 2106 1950 profundior
2122 1900 2290 1951 inferno
2303 1914 2316 1938 .-

1290 1971 1328 2008 εἰ
1356 1967 1466 2009 wale
1486 1970 1739 2020 cofflzosces?
1760 1969 1888 2018 Quasi
1907 1970 2017 2010 dicat
2041 1985 2049 2010 ε
2076 1969 2138 2010 Ex
2166 1974 2205 2010 te
2231 1984 2314 2011 non

1289 2041 1419 2090 potes.
1437 2038 1532 2079 Ideo
1547 2040 1723 2080 contulit
1735 2040 1960 2092 Apostolus
1974 2041 2023 2081 ¹²:
2041 2041 2092 2081 In
2108 2041 2315 2083 charitate

1289 2109 1496 2160 radicati,
1512 2114 1550 2152 et
1568 2110 1765 2161 fundati,
1784 2115 1830 2153 ut
1850 2112 2027 2163 possitis
2045 2113 2316 2164 comprehen-

1290 2180 1401 2230 dere,
1416 2185 1493 2221 etc.
1508 2180 1558 2221 Et
1569 2182 1647 2221 hoc
1660 2183 1921 2234 profundum
1936 2186 2222 2235 perscrutatur
2234 2183 2315 2223 Ma-

1290 2252 1421 2303 gister
1434 2253 1479 2292 in
1492 2252 1629 2305 primo
1647 2253 1767 2293 libro.
1783 2252 2029 2293 Sublimitas
2047 2253 2162 2293 enim
2183 2254 2315 2294 divini

1291 2322 1389 2363 Esse
1413 2323 1602 2363 consistit
1631 2323 1676 2363 111
1698 2323 1878 2374 duobus,
1901 2324 2055 2364 scilicet
2073 2325 2117 2364 in
2136 2325 2316 2364 nobilis—

1290 2394 1407 2433 simis
1436 2394 1776 2434 emanationibus
1792 2426 1802 2444 ,
1833 2407 1932 2447 quae
1950 2398 2050 2435 sunt
2074 2396 2313 2446 generatio,

1290 2468 1331 2504 et
1346 2465 1576 2517 processi03
1599 2468 1639 2505 et
1666 2465 1712 2505 in
1739 2465 1781 2518 (e)
1814 2466 2084 2506 nobilissimis
2109 2466 2308 2506 conditio-

1290 2536 1433 2585 nibus,
1454 2548 1551 2588 quae
1577 2539 1678 2577 sunt
1696 2548 1865 2577 summa
1883 2537 2101 2590 sapientia,
2118 2537 2314 2589 omnipo-

1289 2606 1445 2657 tentia,
1474 2609 1515 2647 et
1544 2608 1726 2659 perfecta
1748 2607 1946 2648 voluntas
1966 2622 1974 2648 ε
1996 2608 2046 2648 de
2065 2607 2223 2659 quibus
2251 2611 2312 2647 est

1290 2677 1454 2729 primus
1479 2678 1600 2718 liber.
1624 2677 1731 2718 Nam
1762 2678 1807 2717 in
1843 2678 1981 2730 prima
2006 2682 2121 2731 parte
2149 2678 2238 2729 agit
2264 2678 2315 2718 de

1290 2748 1569 2789 sacratissima
1584 2748 1763 2799 Unitate,
1777 2753 1818 2789 et
1831 2748 2052 2798 Trinitate;
2066 2748 2111 2787 in
2128 2749 2313 2789 secunda

1290 2831 1407 2867 vero,
1435 2831 1533 2872 quaa
1559 2820 1706 2872 incipit
1732 2820 1777 2859 in
1801 2819 1941 2860 distin.
1962 2832 2081 2859 xxxv
2108 2819 2313 2872 (Cumque

1289 2901 1420 2943 supra
1433 2891 1632 2941 disserui,
1645 2890 1757 2942 etc.),
1773 2889 1939 2942 speciali
1957 2892 2138 2930 tractatu
2157 2890 2246 2942 agit
2264 2891 2314 2931 de

1290 2962 1529 3015 supradicta
1546 2962 1640 3014 ejus
1659 2961 1812 3013 triplici
1832 2959 2087 3009 conditione,
2109 2961 2198 3001 sive
2216 2973 2314 3013 pro-

1290 3033 1480 3085 prietate.

1344 3103 1610 3144 Profundum
1654 3102 1874 3142 creationis
1913 3105 1998 3150 est,
2030 3103 2196 3143 vanitas
2226 3114 2313 3142 esse

1290 3174 1432 3214 creati.
1467 3174 1664 3214 Creatura
1699 3173 1828 3223 enim,
1861 3176 2019 3225 quanto
2051 3173 2190 3225 magis
2218 3185 2313 3213 eva-

1290 3245 1443 3295 nescit,
1493 3246 1610 3284 tanto
1652 3243 1790 3295 magis
1834 3243 1878 3283 in
1919 3243 2178 3296 profundum
2220 3246 2313 3283 ten-

1289 3358 1329 3363 ——
1343 3341 1355 3359 ⁶
1377 3340 1596 3379 Apoc.,xx11,
1614 3341 1642 3369 2.
1662 3355 1702 3360 -
1721 3338 1734 3359 ⁷
1749 3338 1872 3376 Eccle„
1894 3346 1959 3378 vn,
1979 3341 2028 3370 25).
2048 3356 2081 3359 —
2105 3339 2117 3357 ⁸
2138 3340 2238 3375 Hom„
2263 3346 2309 3376 xi,

1291 3390 1341 3418 33.
1362 3404 1403 3408 —
1421 3388 1434 3407 ⁹
1459 3386 1549 3417 I’sal.
1580 3393 1694 3426 xxxv,
1716 3388 1745 3416 Ἰ.
1765 3403 1806 3408 -—
1831 3386 1989 3424 ¹¹¹Ecclz'.‚
2011 3394 2042 3425 1,
2070 3389 2098 3416 2
2124 3404 2154 3407 —
2184 3386 2207 3405 ¹¹
2232 3384 2310 3422 job,

1291 3442 1348 3473 XI,
1373 3436 1403 3473 7,
1423 3435 1454 3464 8.
1472 3451 1512 3455 —
1537 3433 1563 3454 ¹2
1576 3433 1709 3474 Ephes„
1732 3441 1792 3473 111,
1824 3435 1927 3464 17-18.

1296 3492 1391 3532 γαίῃ.
1415 3492 1477 3532 less.
1506 3494 1546 3523 ad
1580 3493 1767 3524 S‘rlnilsstell‘l.
1794 3510 1830 3514 -ο
1858 3492 1895 3531 (ι’)
1919 3493 2023 3523 Aulon
2052 3491 2151 3529 (eqeb,
2180 3500 2296 3530 pror-¹0

1292 3541 1352 3569 sio.
1377 3540 1422 3570 ln.

2337 788 2375 813 De
2390 797 2453 813 «zius
2469 799 2472 806 ⁷

2337 829 2455 855 formali.
