2570 3986
1081 241 1259 283 SECTIO
1291 242 1321 282 1.
2178 262 2260 293 xnv

1002 355 1139 398 Testis
1172 355 1266 399 Sec.
1299 355 1400 400 XV.

191 472 352 513 Similia
371 474 512 514 scribit
544 474 585 515 S.
611 473 851 513 Antoninus
874 488 882 514 :
912 488 931 512 α
951 473 1064 514 Idem
1086 473 1128 513 S.
1151 473 1448 514 Bonaventura
1469 474 1576 527 stylo
1605 475 1787 515 mirabili
1814 476 1946 516 vitam
1966 476 2012 517 B.
2046 476 2256 519 Francisci

137 543 405 595 compilavit,
427 545 648 597 ipsamque
667 544 863 584 diffusam
885 544 937 584 ad
958 544 1362 596 compendiosiorem
1380 545 1560 586 formam
1579 546 1742 596 redegit
1761 560 1770 595 ;
1796 545 1840 585 in
1861 559 1944 598 qua
1964 548 2075 588 nihil
2093 550 2256 601 posuit,

136 613 217 653 nisi
235 617 398 655 certum
420 618 460 655 et
478 615 704 667 probatum
721 615 895 656 testibus
915 615 996 656 fide
1016 615 1156 667 dignis
1176 616 1202 656 ¹.
1231 630 1249 652 ›>

989 763 1125 806 Testis
1157 762 1249 807 Sec.
1285 763 1405 808 XVI.

189 900 323 942 Suum
361 910 530 951 quoque
571 897 780 938 calculum
813 898 972 938 addidit
1005 897 1263 940 Tritliemius
1296 900 1478 952 diligens
1512 900 1775 954 Scriptorum
1811 913 1956 942 rerum
1987 902 2213 955 inquisitor
2244 918 2253 944 ε

139 988 159 1012 (ι
177 970 372 1022 Legenda
394 969 435 1010 S.
459 969 684 1019 Francisci,
708 968 780 1008 lib.
803 981 832 1017 1,
854 970 1067 1021 Apparuit
1087 972 1230 1023 qratia
1250 971 1341 1022 Dei,
1363 974 1440 1011 etc.
1465 986 1484 1009 »

191 1058 210 1081 α
229 1040 347 1082 Hanc
366 1040 559 1091 mirifice,
582 1040 790 1081 subnectit
808 1039 1073 1092 Waddingus
1087 1042 1123 1091 2,
1147 1041 1336 1094 plerique
1359 1042 1679 1093 commendant,
1704 1042 1919 1095 praecipue
1939 1043 2135 1096 Aloysius
2157 1043 2259 1097 Lip-

133 1124 340 1167 pomanus
371 1112 601 1165 Episcopus
631 1110 903 1159 Veronensis,
933 1111 1006 1163 qui
1039 1124 1146 1164 puro
1174 1116 1215 1152 et
1246 1113 1424 1166 simplici
1456 1114 1564 1166 stylo
1595 1114 1845 1166 descriptam
1874 1114 1931 1153 ait
1965 1116 2082 1154 tanta
2113 1127 2258 1155 rerum

132 1184 262 1237 copia,
286 1186 326 1224 et
347 1182 655 1223 sententiarum
674 1181 883 1233 gravitate
901 1182 1099 1222 refertam
1114 1215 1123 1229 ,
1148 1187 1196 1223 ut
1217 1187 1330 1224 totus
1350 1184 1537 1224 mundus
1559 1185 1651 1237 ejus
1671 1184 1847 1224 lectione
1867 1184 2022 1225 instrui
2044 1186 2195 1238 possit,
2220 1190 2260 1227 et

132 1255 183 1295 ad
203 1266 392 1295 amorem
412 1253 483 1294 Dei
498 1266 572 1307 per
590 1253 705 1293 Beati
726 1252 936 1293 Francisci
954 1255 1201 1306 exemplum
1220 1255 1464 1296 instaurari.
1485 1255 1534 1296 Et
1552 1256 1601 1296 de
1622 1255 1757 1308 seipso
1777 1256 1943 1305 fatetur,
1965 1256 2076 1308 quod
2095 1257 2259 1308 quoties

131 1325 241 1366 hanc
260 1326 391 1366 vitam
413 1325 579 1376 legerit,
601 1325 722 1364 toties
742 1337 828 1364 non
848 1325 985 1365 solum
1009 1338 1209 1366 accensus
1228 1327 1279 1367 sit
1293 1359 1302 1374 ,
1325 1327 1396 1367 sed
1417 1327 1460 1366 in
1483 1328 1577 1379 ejus
1595 1326 1868 1367 meditatione
1896 1330 2011 1367 totus
2035 1329 2254 1369 exarserit.

132 1396 376 1437 Leonardus
395 1396 594 1448 Aretinus
613 1398 804 1436 vetustus
824 1399 984 1444 auctor,
1002 1396 1249 1437 eruditionis
1263 1401 1303 1438 et
1321 1398 1573 1450 eloquentiae
1588 1398 1711 1439 laude
1726 1398 1877 1447 clarus,
1897 1411 1997 1438 cum
2015 1398 2259 1451 Legendam

131 1466 243 1507 hanc
263 1467 448 1508 studiose
469 1467 660 1519 legisset,
684 1468 937 1507 sententiam
957 1470 1153 1518 rogatus,
1175 1468 1306 1519 dixit,
1329 1468 1374 1507 in
1399 1468 1470 1509 illo
1490 1469 1697 1510 scribendi
1716 1482 1874 1521 genere
1893 1482 1918 1509 a
1947 1470 2116 1511 nemine
2136 1471 2258 1511 illum

132 1539 323 1591 superari
347 1550 481 1591 posse.
503 1537 648 1591 Neque
670 1538 711 1577 id
730 1538 889 1578 mirum
908 1538 1032 1590 plane
1056 1538 1271 1591 scriptam,
1296 1552 1428 1592 quam
1451 1540 1563 1580 inter
1585 1540 1749 1580 divinas
1771 1541 2079 1591 meditationes,
2102 1544 2142 1582 et
2161 1555 2257 1595 rap-

132 1611 200 1665 tus
219 1609 404 1650 coelestes
424 1609 563 1662 potius
584 1609 796 1657 dictatam,
819 1622 951 1661 quam
975 1609 1165 1650 humana
1184 1610 1391 1650 industria
1412 1610 1668 1651 elaboratam
1687 1611 1842 1652 indicat
1863 1624 2044 1664 sequens
2062 1616 2255 1654 eventus.

131 1679 177 1720 D.
209 1679 394 1721 Thomas
414 1680 626 1733 Aquinas,
650 1680 723 1732 qui
747 1680 893 1720 eadem
922 1684 1168 1733 tempestate
1190 1681 1282 1734 pari
1316 1682 1473 1722 virtute
1505 1682 1658 1723 claruit
1688 1686 1728 1724 et
1750 1684 1962 1735 doctrina,
2000 1698 2100 1726 cum
2122 1685 2259 1726 Bona-

129 1755 356 1793 venturam
377 1763 547 1792 summa
568 1751 646 1792 sibi
669 1751 870 1792 charitate
894 1752 986 1803 conj
996 1756 1195 1803 unctum,
1234 1755 1335 1792 tunc
1363 1765 1532 1793 summo
1555 1754 1710 1795 affectu
1731 1756 1970 1797 studentem
2000 1757 2045 1797 in
2067 1761 2259 1798 contem-

129 1823 297 1876 plando,
321 1826 362 1864 et
380 1823 691 1874 concinnando,
715 1835 843 1875 quam
873 1822 1082 1872 diximus,
1111 1824 1268 1872 vitam,
1298 1824 1520 1875 inviseret,
1546 1837 1619 1878 per
1645 1826 1824 1867 rimulas
1852 1827 1948 1867 ostii
1979 1829 2256 1881 prospiciens,

129 1893 236 1935 vidit
255 1893 377 1934 illum
396 1893 440 1934 iu
457 1895 808 1947 contemplatione
830 1896 1006 1946 raptum
1020 1927 1030 1945 ,
1050 1897 1091 1935 et
1109 1908 1134 1935 a
1152 1897 1264 1935 terra
1289 1895 1466 1936 mirifice
1487 1897 1754 1937 sublevatum
1776 1911 1785 1948 3
1809 1902 1903 1939 tum
1924 1900 2189 1940 retrocedens
2207 1901 2259 1942 ad

129 1977 227 2006 suos
248 1980 256 2006 z
279 1965 490 2015 Sinamus,
514 1966 675 2019 inquit,
698 1965 923 2014 Sanctum,
947 1967 1048 2019 quia
1068 1967 1233 2007 laborat
1256 1979 1332 2019 pro
1356 1966 1524 2008 Sancto.
1560 1967 1704 2020 Magni
1729 1969 1811 2009 viri
1842 1983 2049 2022 magnum
2075 1972 2258 2024 profecto

129 2036 434 2086 testimonium,
462 2049 548 2090 quo
569 2037 788 2079 viventem
805 2037 991 2077 amicum
1013 2037 1216 2078 Sanctum
1243 2039 1485 2091 appellavit,
1517 2042 1558 2079 et
1581 2043 1690 2079 recte
1711 2041 1963 2082 scribentem
1983 2044 2256 2084 commenda-

129 2107 205 2147 vit.
227 2107 361 2148 Locus
379 2108 453 2148 ubi
472 2109 552 2149 hoc
572 2108 770 2160 contigit,
793 2109 932 2149 adhuc
958 2107 1127 2149 Parisiis
1148 2109 1194 2149 in
1213 2109 1302 2150 aede
1320 2109 1536 2151 Minorum
1557 2114 1692 2152 exstat
1717 2111 1849 2153 instar
1869 2114 2029 2164 sacelli,
2052 2118 2258 2168 tanquam

129 2178 191 2219 rei
209 2179 458 2220 mirabiliter
476 2182 607 2232 gestae
632 2183 977 2220 monumentum.
1002 2194 1020 2217 ›>

183 2249 315 2302 Absit,
337 2253 386 2290 ut
412 2263 591 2291 aureum
609 2251 832 2304 Aquinatis
852 2251 1010 2292 dictum
1029 2263 1238 2303 negemus
1257 2251 1544 2294 fidentissime.
1570 2252 1743 2305 Verum,
1771 2255 1805 2294 si
1824 2256 1938 2308 quod
1959 2257 2103 2298 animo
2124 2258 2258 2298 senti-

132 2331 242 2371 mUS,
264 2321 307 2362 id
336 2322 509 2363 candide
527 2323 714 2376 proferre
733 2322 868 2373 liceat,
890 2335 977 2363 non
999 2322 1150 2363 leviter
1168 2323 1460 2376 suspicamur,
1490 2324 1595 2364 nihil
1614 2325 1773 2366 horum
1805 2327 1959 2368 dixisse
1980 2328 2253 2381 Aquinatem.

135 2390 220 2431 Hoc
238 2394 287 2432 ut
306 2393 540 2443 credamus,
563 2393 631 2434 vel
653 2393 838 2434 maxime
859 2393 1111 2434 adducimur
1131 2406 1184 2434 ex
1204 2406 1275 2445 eo,
1300 2395 1413 2447 quod
1435 2395 1598 2436 celebre
1618 2397 1777 2437 dictum
1803 2398 1882 2439 hoc
1911 2400 2098 2452 antiquis
2122 2401 2256 2454 scrip-

132 2462 294 2503 toribus
320 2463 519 2515 ignotum
539 2465 662 2505 fuerit
689 2465 880 2505 omnino.
915 2465 1054 2506 Minus
1077 2478 1246 2519 quoque
1275 2479 1373 2507 cum
1397 2470 1637 2520 temporum
1669 2469 1776 2510 serie
1806 2482 2043 2522 congruere
2071 2472 2253 2513 videtur.

132 2533 237 2574 Cum
256 2534 370 2574 enim
397 2534 694 2577 Bonaventura
719 2536 764 2576 in
791 2536 920 2577 ltaliae
950 2537 1142 2589 partibus
1174 2550 1443 2578 commorans
1471 2538 1681 2591 Legendae
1715 2541 1817 2581 huic
1847 2554 2021 2594 operam
2052 2543 2252 2595 navabat,

129 2606 223 2645 tum
245 2605 435 2658 Aquinas
458 2606 626 2648 Parisiis
648 2620 670 2648 e
691 2608 860 2661 publico
884 2607 1090 2648 Subsellio
1115 2608 1289 2648 dicebat.
1324 2608 1579 2662 Quanquam
1611 2610 1865 2653 Ptolomaeus
1891 2612 2105 2662 Lucensis,
2144 2614 2256 2655 indi-

128 2675 285 2717 viduus
303 2676 528 2730 Aquinatis
547 2679 708 2728 socius,
737 2682 905 2732 tempus
930 2679 1267 2732 haudquaquam
1295 2680 1476 2729 indicet,
1508 2694 1593 2734 quo
1615 2682 1805 2736 Aquinas
1826 2683 1993 2724 Parisiis
2020 2685 2071 2725 ad
2092 2684 2254 2726 Italiam

128 2746 376 2799 adventarit,
399 2761 453 2789 ex
476 2749 526 2790 iis
547 2753 704 2801 tamen,
729 2762 828 2803 quae
850 2751 996 2799 refert,
1020 2750 1137 2790 facile
1160 2750 1338 2803 quisque
1357 2751 1538 2804 colligit,
1560 2753 1682 2794 illum
1711 2767 1797 2794 non
1828 2759 1925 2796 ante
1953 2768 2116 2796 annum
2152 2759 2254 2797 1260.)

128 2816 290 2858 Italiam
303 2820 536 2861 accessisse.
557 2821 799 2862 Audiantur
819 2821 1038 2862 Ptolomaei
1060 2821 1190 2862 verba
1204 2822 1241 2861 ³:
1263 2822 1360 2864 Post
1383 2824 1553 2865 tertium
1576 2836 1734 2866 annum
1756 2827 1828 2868 sui
1853 2828 2097 2880 maqz‘sterz'z'
2119 2827 2256 2871 rediit

126 2890 175 2931 ’ἰη
193 2890 383 2942 Italiam,
408 2896 589 2944 tempore
615 2892 814 2936 videlicet
844 2893 1004 2936 Urbani
1034 2893 1101 2934 IV.
1135 2895 1189 2934 At
1212 2894 1406 2936 Urbanus
1429 2896 1481 2938 IV
1515 2897 1567 2937 ad
1593 2910 1807 2939 summam
1835 2899 2045 2950 pontificis
2066 2899 2255 2952 dignita-

128 2963 213 3001 tem
232 2963 426 3014 pervenit
448 2976 559 3004 anno
579 2967 697 3014 1261,
722 2965 787 3005 die
806 2968 856 3005 029
878 2966 1068 3017 augusti.
1092 2964 1171 3014 Qui
1193 2978 1296 3018 ergo
1318 2967 1410 3007 fieri
1435 2968 1587 3020 potuit,
1609 2971 1659 3008 ut
1680 2969 1872 3021 Aquinas
1891 2982 1961 3010 an.
1986 2972 2090 3010 1260
2120 2970 2251 3012 Bona-

127 3035 352 3074 venturam
382 3034 426 3074 in
456 3033 574 3075 Italia
598 3046 677 3088 pro
703 3035 856 3079 Sancto
890 3036 1155 3077 laborantem
1184 3037 1401 3078 inviserit?
1435 3038 1516 3080 Sed
1547 3042 1764 3092 utcunque
1798 3052 1864 3080 res
1895 3052 1938 3081 se
1973 3041 2144 3093 babeat,
2176 3054 2254 3082 nos

128 3102 235 3143 nihil
256 3104 359 3145 certi
378 3106 627 3158 statuimus,
649 3107 757 3148 nihil
783 3111 942 3149 temere
961 3107 1141 3148 dicimus
1155 3140 1165 3157 ‚
1188 3108 1260 3150 sed
1284 3112 1474 3151 nostram
1497 3110 1550 3151 ab
1570 3110 1729 3151 incerta
1755 3123 1802 3152 re
1820 3111 2108 3153 assensionem
2134 3113 2254 3154 cohi-

126 3171 292 3216 bemus.

947 3270 1157 3330 Antiquae
1183 3271 1421 3316 Editiones.

181 3386 353 3430 Vetusta
371 3390 580 3443 Legendae
600 3393 733 3446 hujus
751 3395 886 3434 exstat
913 3395 1051 3435 italica
1070 3395 1194 3436 editio
1217 3395 1440 3437 Mediolani
1459 3397 1634 3448 {peracta
1653 3395 1733 3437 hoc
1754 3408 1854 3436 cum
1874 3397 1997 3438 titulo
2022 3412 2031 3438 ε
2062 3397 2164 3440 Vita
2184 3397 2253 3440 del

172 3493 183 3514 ¹
196 3494 284 3526 Part.
302 3496 344 3527 ΙΙΙ
367 3498 492 3530 Summ.
515 3500 614 3539 Hz'st.,
632 3500 683 3532 tit.
703 3501 820 3541 XXIV,
842 3510 870 3532 c.
888 3508 964 3534 vm.

170 3540 292 3573 ²Tom.
310 3543 338 3574 11
359 3545 495 3585 Annal„
514 3547 556 3578 ad
572 3556 653 3580 ann.
675 3549 767 3588 1260,
787 3557 823 3579 n.
841 3556 945 3589 xvnl,
966 3559 999 3589 p.
1017 3551 1089 3582 206.
1109 3567 1144 3572 —
1159 3549 1226 3580 ³1n
1244 3549 1332 3581 Hist.
1347 3549 1475 3589 eccles„
1494 3549 1554 3581 lib.
1572 3550 1660 3581 XXll
1674 3574 1685 3591 ‚
1704 3559 1733 3581 c.
1752 3557 1838 3582 xxu.
