2613 3990
80 2693 182 2716 menta.

250 207 326 245 250

249 297 438 343 tantum,
470 305 524 333 an
553 293 678 333 etiam
708 292 760 332 ab
785 295 968 340 aetern03
1000 294 1042 331 et
1074 290 1186 342 quod
1220 289 1273 328 al)

250 368 408 405 aeterno
423 396 432 414 ,
473 365 709 405 ostenditur
743 361 989 403 auctoritate
1025 364 1065 401 et
1097 360 1272 400 ratione.

249 435 509 476 Auctoritate
535 435 592 475 sic
616 447 687 486 per
718 433 970 485 Gregorium
994 437 1004 458 ¹
1028 448 1035 473 :
1063 448 1081 469 «
1104 431 1163 471 Eo
1184 431 1275 484 ipso

250 506 375 547 modo
396 506 575 546 mittitur
599 505 747 554 Filius,
769 516 853 556 quo
874 506 1104 555 generatur
1130 518 1137 543 :
1161 517 1180 538 »
1205 502 1274 542 sed

250 581 479 630 generatur
496 577 547 617 ab
565 580 722 616 (eterno
743 589 751 615 :
772 587 875 626 ergo
890 574 1072 614 mittitur
1088 574 1140 613 ab
1158 576 1277 613 aeter-

250 662 305 690 no
326 662 334 689 :
352 662 455 699 ergo
475 648 617 688 missio
637 647 680 686 in
695 646 848 687 divinis
867 650 928 686 est
946 646 998 686 ab
1019 648 1192 685 aeterno.

304 724 342 761 2.
365 720 466 760 Item
488 719 597 759 Beda
617 734 624 759 :
654 735 672 756 «
693 717 874 771 Spiritus
902 716 1033 757 sancti
1052 715 1195 755 missio
1215 718 1277 755 est

254 792 458 845 processio
480 803 488 830 :
511 805 529 827 ›>
562 790 631 830 sed
657 789 842 842 procedit
873 789 925 829 ab
953 791 1114 829 aeterno
1139 802 1146 827 :
1171 799 1276 839 ergo

251 862 431 902 mittitur
450 861 502 900 ab
521 863 693 900 aeterno.

304 938 341 973 3.
366 932 468 973 Item
488 932 649 972 ratione
678 931 736 971 sic
758 942 767 970 :
803 930 942 970 Missio
959 962 968 980 ,
998 929 1086 969 sive
1112 928 1246 968 active
1263 960 1272 977 ,

249 1007 336 1045 sive
355 1005 517 1058 passive
533 1004 655 1053 dicta,
677 1006 737 1044 est
761 1003 869 1044 Deus
891 1015 900 1043 :
925 1002 996 1043 sed
1012 1002 1152 1042 omnis
1167 1002 1275 1041 actio

248 1089 343 1129 quae
363 1076 496 1116 active
516 1079 555 1116 et
580 1075 744 1128 passive
760 1079 822 1116 est
842 1075 973 1124 Deus,
995 1076 1056 1114 est
1077 1073 1130 1114 ab
1150 1075 1275 1114 aeter-

247 1160 302 1188 no
324 1159 333 1187 :
356 1159 474 1199 ergo,
495 1150 572 1187 etc.

300 1223 337 1260 11.
362 1219 464 1259 Item
491 1219 629 1260 omnis
658 1218 766 1258 actio
794 1230 890 1270 quae
916 1217 1043 1258 habet
1068 1216 1201 1257 Deum
1226 1218 1275 1256 ut

247 1291 491 1339 terminum,
514 1294 554 1331 et
580 1293 626 1330 ut
650 1289 922 1342 principium,
943 1291 1004 1329 est
1023 1289 1076 1329 ab
1097 1291 1271 1338 aeterno,

246 1366 291 1403 ut
311 1366 421 1415 patet
440 1375 537 1403 cum
556 1362 722 1410 dicitur,
746 1361 887 1401 «Deus
905 1360 1103 1412 intelligit
1121 1360 1270 1410 Deum,

249 1434 354 1475 Deus
374 1437 552 1487 generat
572 1434 702 1474 Deum
724 1448 731 1473 :
754 1447 771 1469 »
791 1432 861 1473 sed
884 1432 1025 1472 missio
1045 1434 1107 1472 est
1123 1431 1274 1483 11113115-

246 1506 359 1547 1110(11
374 1538 383 1554 ,
403 1506 504 1558 quia
532 1505 641 1546 Deus
664 1503 792 1544 mittit
817 1503 951 1544 Deum
972 1517 980 1543 :
1003 1515 1106 1555 ergo
1129 1502 1273 1543 missio

245 1580 305 1617 est
325 1581 497 1617 aeterna.

299 1649 341 1690 Si
356 1649 469 1689 dicas
482 1648 594 1701 quod
611 1647 755 1688 missio
772 1645 954 1699 requirit
969 1645 1179 1699 duplicem
1192 1648 1273 1686 ter-

245 1722 425 1771 minum,
447 1720 602 1760 scilicet
621 1731 721 1760 eum
736 1718 810 1771 qui
826 1717 1022 1767 mittitur,
1045 1719 1085 1757 et
1105 1729 1204 1757 eum
1221 1717 1272 1757 ad

245 1805 372 1846 quem
392 1792 590 1842 mittitur,
608 1795 648 1832 et
664 1791 747 1841 ille,
760 1790 812 1830 ad
829 1801 958 1843 quem
973 1790 1019 1829 fit
1036 1788 1194 1838 missio,
1211 1791 1271 1828 est

241 1864 506 1917 temporalis3
544 1866 689 1904 contra
716 1877 725 1903 t
758 1862 868 1902 Deus
904 1863 1040 1914 potest
1073 1873 1162 1901 esse
1198 1861 1272 1913 qui

240 1939 385 1988 mittit,
413 1938 522 1978 Deus
541 1936 614 1989 qui
638 1936 820 1976 mittitur
843 1950 851 1975 ε
875 1946 978 1986 ergo
998 1934 1089 1987 pari
1110 1933 1272 1974 ratione

240 2008 348 2050 Deus
367 2009 419 2050 ad
438 2020 565 2062 quem
584 2007 781 2048 mittitur.
803 2006 852 2047 Et
864 2005 1030 2046 videtur
1050 2004 1162 2058 quod
1180 2005 1271 2045 istae

239 2081 572 2134 comparationes
598 2079 796 2133 principii
824 2081 864 2119 et
890 2077 1061 2119 termini
1082 2077 1271 2119 maxime

241 2152 322 2193 Deo
346 2152 600 2193 conveniant
622 2166 630 2191 :
654 2151 762 2191 Deus
781 2150 897 2190 enim
917 2152 978 2190 est
998 2149 1136 2202 Alpha
1158 2150 1204 2202 (α)
1228 2152 1269 2190 et

240 2221 401 2274 Omega
431 2222 497 2273 (ω)
522 2222 779 2275 principium
808 2224 848 2261 et
880 2220 976 2260 finis
1003 2232 1012 2260 ;
1044 2232 1148 2272 ergo
1183 2233 1271 2261 non

240 2294 382 2334 minus
399 2294 450 2346 (a)
468 2293 636 2346 proprie
655 2293 809 2334 dicitur
830 2292 937 2333 Deus
956 2291 1008 2332 ad
1025 2304 1157 2344 quem
1173 2292 1269 2332 mit-

240 2366 355 2414 titur,
376 2378 505 2418 quam
528 2366 635 2406 Deus
657 2366 731 2419 qui
752 2365 947 2405 mittitur.

292 2441 330 2478 5.
352 2437 455 2479 Item
475 2437 679 2491 quidquid
699 2440 761 2477 est
782 2436 889 2477 Deus
903 2468 913 2484 ,
933 2438 996 2477 est
1018 2438 1229 2476 aeternum
1257 2450 1265 2475 :

238 2510 382 2550 missio
403 2513 463 2550 est
485 2510 592 2550 Deus
616 2520 625 2548 z
647 2521 752 2561 ergo
771 2511 832 2550 est
851 2511 1011 2549 aeterna
1033 2522 1041 2548 z
1063 2508 1133 2548 sed
1158 2520 1269 2561 prae—

239 2581 377 2622 missae
397 2584 498 2621 sunt
518 2593 630 2622 verae
655 2595 663 2620 :
685 2593 789 2632 ergo
809 2583 850 2621 et
866 2579 1094 2620 conclusio.

291 2652 443 2693 Contra
471 2664 545 2705 per
576 2651 781 2693 Joanuem
810 2653 823 2673 ²
861 2667 869 2692 ε
904 2651 951 2693 δι’
981 2662 1068 2694 mm
1099 2650 1265 2701 abiero,

239 2724 481 2766 Paracletus
509 2734 594 2765 non
621 2725 760 2765 veniet
787 2723 845 2765 ad
869 2734 942 2766 vos
954 2738 971 2771 ,·
1000 2734 1095 2765 cam
1127 2727 1270 2766 autem

239 2795 394 2846 abiero,
411 2796 580 2837 mittam
591 2794 708 2837 vobis
726 2806 835 2836 eum.
856 2793 972 2837 Sicut
992 2794 1040 2847 (b)
1052 2807 1157 2847 ergo
1173 2795 1269 2848 Spi-

241 2866 346 2906 ritus
375 2869 546 2907 sanctus
566 2868 700 2919 potest
730 2865 865 2916 mitti,
888 2867 929 2906 et
947 2865 1133 2917 promitti
1164 2877 1173 2904 :
1197 2866 1267 2907 sed

239 2937 350 2989 quod
386 2940 447 2977 est
478 2939 710 2988 aeternum,
747 2949 834 2977 non
870 2938 1004 2989 potest
1034 2936 1223 2989 promitti
1256 2949 1266 2977 ε

238 3020 358 3060 ergo,
380 3012 458 3049 etc.

294 3080 397 3121 Item
419 3080 688 3133 Augustinus
707 3084 721 3105 ³
748 3095 756 3121 :
785 3095 804 3119 «
825 3079 1006 3120 Mittitur
1025 3078 1178 3128 Filius,
1202 3080 1269 3120 vel

240 3151 420 3204 Spiritus
433 3155 616 3200 sanctus,
631 3164 727 3192 cum
742 3164 793 3192 ex
806 3154 995 3205 tempore
1012 3153 1079 3204 cuj
1087 3164 1269 3204 usquam

241 3226 380 3264 mente
399 3223 638 3275 percipitur.
661 3238 679 3260 n

241 3332 274 3361 S
292 3330 428 3369 Thom,
445 3339 478 3369 p.
497 3330 520 3368 1,
539 3338 572 3369 q.
591 3331 768 3367 xL111,ar1.
786 3330 821 3369 23
835 3332 865 3360 ct
882 3330 892 3360 1
911 3330 1016 3370 Sent„
1029 3329 1107 3362 dist.
1125 3339 1180 3372 xv,
1194 3342 1227 3372 q.
1245 3339 1268 3371 i,

240 3382 302 3408 art.
326 3381 355 3417 '23
378 3377 489 3417 ,¹Iigid.
508 3376 621 3416 Rom„
645 3377 653 3406 Ι
676 3376 780 3415 Sent.,
801 3376 880 3408 (1151.
900 3384 957 3418 XV,
973 3387 1006 3418 q.
1025 3385 1068 3417 113
1093 3378 1267 3417 Richard.,

241 3425 371 3463 lSent.,
385 3425 463 3456 dist.
479 3431 535 3463 κν,
548 3432 580 3464 q.
597 3431 618 3454 ιι
632 3433 642 3463 3
654 3422 773 3454 Tliom.
787 3424 1016 3464 Arg.,lSent.‚
1033 3425 1110 3458 dist.
1123 3434 1180 3466 xx',
1192 3435 1224 3467 q.
1238 3435 1267 3467 1,

241 3474 302 3502 art.
325 3475 361 3512 23
382 3472 500 3503 Petrus
531 3470 571 3501 de
601 3471 750 3509 'raraut.‚
783 3470 792 3500 l
814 3471 920 3509 Seni„
946 3471 1022 3504 dist.
1047 3480 1110 3513 XV,
1138 3483 1170 3514 q.
1195 3481 1268 3513 xii;

241 3520 359 3560 steph.
380 3518 504 3560 Brules,
522 3518 530 3550 1
553 3518 656 3556 Seni„
682 3516 759 3548 dist.
778 3524 833 3557 XV,
852 3525 936 3558 q.11.

1003 198 1413 241 SENTENTIARUM
1444 200 1541 240 LIB.
1576 200 1605 239 I.

1404 288 1507 329 ltem
1539 288 1676 329 omnis
1710 288 1853 328 missio
1884 290 1946 328 est
1978 288 2138 341 aliquid
2170 289 2377 342 posterius

1352 358 1544 398 mittente
1567 373 1574 398 :
1597 358 1760 398 sedulii
1788 357 1896 398 cadit
1924 358 2150 410 posterius,
2184 372 2376 401 necessa-

1350 429 1412 469 rio
1440 430 1666 470 intervenit
1698 429 1804 469 ratio
1838 428 2033 481 principii
2065 431 2106 468 et
2136 431 2335 483 temporis
2366 447 2373 471 :

1349 511 1452 551 ergo
1467 531 1476 549 ,
1500 504 1578 540 etc.
1605 500 1745 541 Prima
1764 500 1993 554 propositio
2013 511 2088 552 per
2107 512 2150 540 se
2174 504 2235 541 est
2254 514 2373 552 vera,

1349 571 1447 622 quia
1481 571 1649 612 mittens
1683 584 1757 624 per
1792 571 1908 624 prius
1937 571 2066 611 hahet
2096 570 2236 623 ipsum
2265 574 2375 625 quod

1350 642 1490 690 mittit,
1514 655 1643 694 quam
1659 643 1785 683 habet
1805 643 1871 683 ille
1891 643 1942 682 ad
1962 654 2090 694 quem
2112 642 2252 683 mittit.

1404 714 1506 754 Item
1525 716 1663 755 omnis
1683 716 1848 765 missio,
1873 715 1939 756 vel
1966 718 2028 755 est
2052 716 2214 756 ratione
2239 719 2377 756 muta-

1348 784 1488 834 tionis,
1506 786 1572 826 vel
1592 787 1752 827 ratione
1770 786 2026 839 operationis
2046 800 2053 826 ;
2076 785 2147 826 sed
2167 786 2210 826 in
2224 786 2380 828 divinis

1350 868 1435 895 uon
1453 859 1513 896 est
1535 857 1713 897 mutatio
1737 872 1745 897 :
1773 870 1876 909 ergo
1897 857 1948 897 ad
1970 857 2048 897 hoc
2062 888 2072 906 ,
2104 857 2216 909 quod
2237 857 2379 899 missio

1350 927 1427 976 sit,
1451 940 1617 967 necesse
1641 930 1702 968 est
1727 929 1839 981 quod
1865 928 2123 970 interveniat
2150 930 2338 982 operatio
2366 945 2375 970 t

1349 1001 1389 1038 et
1417 999 1451 1038 si
1475 999 1660 1052 operatio
1678 1031 1688 1049 ,
1710 1003 1750 1040 et
1775 1001 1948 1041 effectus
1977 1016 1984 1040 :
2008 1003 2048 1041 et
2069 1000 2103 1040 si
2123 1000 2318 1051 effectus,
2339 1004 2381 1042 et

1348 1072 1515 1122 tempus
1538 1084 1546 1110 :
1570 1082 1674 1122 ergo
1697 1071 1834 1110 omnis
1851 1071 1993 1113 missio
2019 1074 2153 1113 estex
2173 1074 2377 1125 tempore.

1690 1225 2039 1268 CONCLUSIO.

1351 1333 1436 1369 Cum
1458 1335 1631 1368 terminus
1659 1333 1703 1368 ad
1723 1343 1829 1379 quem
1850 1335 2032 1370 missionis
2052 1334 2185 1371 divina
2204 1338 2253 1371 sit
2281 1347 2379 1372 crea-

1456 1396 1523 1437 tus,
1546 1394 1666 1428 missio
1687 1396 1737 1428 est
1758 1393 1798 1428 dc
1818 1395 2024 1429 necessitate
2045 1396 2264 1440 temporalis.

1401 1495 1522 1548 Resp.
1544 1496 1595 1537 ad
1610 1496 1714 1548 Arg.
1737 1495 1966 1536 Dicendum
1985 1496 2038 1536 ad
2052 1497 2253 1550 praedicta
2267 1499 2380 1552 quod

1347 1567 1489 1608 missio
1518 1567 1562 1607 in
1589 1568 1743 1607 divinis
1763 1568 1883 1609 nullo
1903 1568 2028 1608 modo
2050 1568 2202 1609 dicitur
2222 1569 2303 1609 nisi
2328 1583 2382 1611 ex

1345 1642 1547 1692 tempore.
1568 1639 1619 1680 Et
1636 1640 1744 1680 ratio
1771 1640 1903 1693 hujus
1921 1642 2003 1691 est,
2026 1640 2127 1693 quia
2146 1640 2244 1681 dicit
2262 1653 2381 1682 com-

1346 1711 1622 1764 parationem,
1642 1724 1730 1752 11011
1748 1715 1916 1752 tantum
1938 1711 1989 1752 ad
2011 1711 2284 1765 principium,
2305 1725 2382 1754 nec

1344 1785 1511 1823 tantum
1547 1783 1599 1823 ad
1635 1783 1838 1831 missum,
1873 1783 1945 1823 sed
1984 1783 2113 1824 etiam
2144 1783 2196 1823 ad
2228 1783 2379 1824 termi-

1345 1868 1451 1896 num
1490 1856 1502 1876 ‘⁸
1545 1869 1554 1896 :
1595 1857 1668 1897 sed
1705 1857 1914 1897 terminus
1945 1857 2014 1897 ille
2049 1857 2100 1898 de
2134 1857 2379 1898 necessitate

1345 1931 1510 1968 creatus
1540 1931 1624 1977 est,
1657 1928 1757 1981 quia
1788 1928 1932 1969 missio
1962 1928 2007 1968 in
2034 1928 2141 1979 Deo,
2165 1940 2262 1969 cum
2293 1940 2380 1969 non

1344 2000 1453 2041 dicat
1478 2000 1787 2051 mutationem,
1814 2000 1915 2041 dicit
1944 2000 2134 2053 aliquam
2161 2000 2271 2040 circa
2295 2003 2380 2041 ter-

1346 2073 1513 2113 minum
1543 2072 1851 2126 operationem,
1885 2075 1925 2112 et
1951 2072 2008 2112 ita
2033 2072 2219 2125 aliquem
2251 2072 2380 2113 effec-

1344 2148 1434 2185 tum
1469 2161 1476 2186 :
1505 2147 1546 2186 et
1571 2145 1671 2198 quia
1691 2157 1818 2186 omne
1847 2145 1960 2198 quod
1987 2145 2134 2198 recipit
2152 2145 2376 2194 effectum,

1344 2220 1406 2257 est
1437 2220 1626 2257 creatum
1658 2219 1698 2257 et
1729 2216 1989 2269 temporale,
2024 2216 2118 2257 ideo
2152 2216 2294 2257 missio
2328 2216 2379 2257 de

1345 2288 1591 2329 necessitate
1610 2291 1671 2328 est
1690 2287 1947 2341 temporalis.

1398 2363 1435 2399 1.
1458 2359 1520 2399 Ad
1535 2359 1636 2399 illud
1651 2371 1754 2411 ergo
1771 2359 1884 2412 quod
1899 2359 2001 2399 dicit
2017 2357 2262 2411 Gregorius,
2286 2374 2305 2397 «
2320 2358 2378 2400 Eo

1344 2431 1524 2472 mittitur
1546 2430 1695 2482 Filius,
1726 2444 1812 2484 quo
1833 2433 2082 2482 generatum
2106 2444 2124 2467 1)
2150 2430 2377 2471 dicendum

1343 2503 1457 2556 quod
1484 2504 1571 2557 ipse
1598 2503 1789 2556 quuitur
1809 2502 2115 2556 praesupposita
2134 2502 2376 2543 manifesta-

1343 2575 1456 2616 tione
1483 2575 1527 2615 in
1545 2575 1772 2625 creaturis3
1795 2574 1917 2615 Pater
1936 2575 2051 2615 enim
2081 2574 2377 2615 manifestatur

1343 2648 1387 2688 in
1419 2652 1633 2697 creatura,
1664 2648 1735 2688 sed
1767 2660 1853 2688 non
1886 2647 2069 2688 mittitur
2096 2659 2106 2687 ε
2142 2646 2211 2688 sed
2242 2645 2375 2687 Filius

1344 2720 1540 2760 mittitur.
1559 2720 1609 2761 Et
1628 2719 1858 2772 Gregorius
1877 2719 2012 2760 reddit
2025 2718 2250 2767 rationem,
2272 2718 2374 2771 quia

1343 2792 1461 2832 nulla
1479 2792 1560 2833 alia
1579 2805 1706 2833 causa
1722 2794 1796 2842 est,
1813 2791 1893 2832 nisi
1907 2791 2020 2844 quod
2038 2791 2108 2832 hic
2126 2790 2171 2843 (c)
2197 2802 2374 2844 genera-

1342 2865 1427 2913 tur,
1450 2863 1517 2904 ille
1537 2876 1638 2915 non,
1659 2864 1701 2904 id
1718 2867 1794 2913 est,
1816 2863 1953 2904 Pater.

1396 2938 1435 2974 9..
1461 2934 1524 2975 Ad
1542 2935 1645 2976 illud
1663 2935 1777 2988 quod
1797 2935 1997 2988 0111161101Ί
2013 2934 2063 2975 (16
2084 2932 2209 2984 Beda,
2229 2932 2374 2974 dicen-

1343 3005 1445 3045 dum
1459 3006 1572 3058 quod
1592 3005 1703 3046 Beda
1719 3006 1908 3059 loquitur
1927 3006 1977 3047 de
1996 3004 2260 3058 processione
2282 3005 2374 3058 Spi-

1345 3077 1450 3117 ritus
1477 3078 1634 3128 sancti,
1666 3081 1792 3131 prout
1819 3082 1879 3120 est
1910 3078 1955 3119 in
1984 3079 2178 3118 creatura
2212 3089 2222 3117 :
2252 3077 2374 3118 etita

1343 3161 1509 3202 semper
1531 3152 1591 3190 est
1610 3150 1875 3203 temporalis,
1897 3152 1945 3191 ut
1962 3149 2122 3190 missio.

1398 3223 1436 3261 3.
1476 3221 1538 3261 Ad
1574 3221 1677 3262 illud
1708 3221 1821 3275 quod
1858 3221 2053 3275 objicitur
2090 3221 2204 3274 quod
2243 3233 2372 3263 omne

1344 3293 1458 3346 quod
1477 3293 1611 3333 active
1632 3296 1672 3333 et
1693 3293 1856 3346 passive
1875 3293 1919 3333 in
1942 3292 2021 3332 Deo
2041 3293 2230 3345 ponitur,
2252 3294 2371 3334 aeter-

1388 3371 1396 3391 ¹
1418 3370 1532 3410 Grefz„
1549 3371 1583 3400 in
1604 3371 1730 3411 Evaaq.
1747 3371 1841 3402 hom.
1866 3377 1960 3410 XXVI,
1981 3370 2168 3411 —2J0an.,
2193 3378 2266 3411 XVI,
2287 3371 2318 3401 ἵ.
2332 3386 2372 3392 -

1343 3418 1467 3458 ³Aug„
1485 3417 1524 3447 de
1541 3417 1644 3458 Trin„
1664 3417 1723 3449 lib.
1744 3419 1799 3458 lv,
1817 3427 1846 3450 c.
1868 3425 1926 3458 xx,
1947 3426 1982 3448 n.
1997 3419 2099 3449 28.—-
2112 3419 2126 3440 4
2146 3418 2223 3450 Vid.
2245 3419 2365 3459 quaest.

1343 3463 1490 3506 praeced.
1510 3465 1618 3497 concl.

1388 3518 1520 3559 (a)0aet.
1534 3519 1612 3552 edit.
1629 3528 1711 3561 ergo
1723 3519 1841 3561 magis.
1860 3537 1882 3540 —
1906 3518 1953 3561 (b)
1972 3517 2029 3551 Al.
2042 3518 2216 3559 cum.—(c)
2230 3518 2287 3551 Al.
2302 3517 2370 3551 ille.
