2570 3986
964 279 1143 321 SECTIO
1173 280 1243 321 ΙΙΙ.
2096 295 2163 323 mx

43 374 242 427 inquiunt
259 378 287 423 ¹,
311 373 382 413 sed
401 372 492 412 aliis
523 371 668 411 multis
699 370 955 409 Auctoribus
974 381 1097 420 aeque
1118 370 1219 410 falso
1247 370 1457 410 tributum
1486 371 1587 421 fuit,
1610 371 1831 411 Ambrosio
1858 370 1901 410 id
1923 374 1997 420 051,
2022 370 2165 411 Hiero-

43 457 188 498 nymo,
210 444 465 496 Augustino,
487 443 811 483 Bonaventurae.
835 442 1101 492 Quamquam
1122 441 1232 492 apud
1255 440 1564 493 Hieronymum
1579 454 1664 482 non
1684 444 1794 482 totus
1808 444 1956 492 exstat,
1979 442 2049 481 sed
2068 444 2164 482 tan—

40 519 134 557 tum
158 528 288 568 usque
306 515 358 555 ad
378 515 506 555 verba
524 525 621 565 pag.
648 516 713 552 71.
736 512 835 552 Haec
860 513 1005 553 omnia
1029 522 1122 563 quse
1139 512 1349 563 prceclicta
1374 516 1488 561 sunt,
1510 518 1598 560 etc,
1627 513 1824 565 apudque
1848 513 1985 565 ipsum
2016 513 2164 552 inscri-

39 587 169 637 bitur,
198 586 247 628 de
271 587 339 628 his
361 597 454 639 quie
477 585 555 625 Deo
581 585 629 624 in
647 584 884 635 seripturis
917 582 1237 632 adtribuuntur,
1260 586 1336 622 etc.
1359 582 1481 635 Apud
1511 584 1763 623 Anselmum
1793 598 1801 623 :
1828 583 1878 624 de
1902 585 2165 625 vestimentis

40 662 78 700 et
108 658 301 699 membris
324 662 363 698 et
391 654 557 697 actibus
589 655 670 695 Deo
701 654 890 695 tribalis.
924 654 1044 705 Apud
1081 653 1450 703 Bonaventuram3
1484 654 1534 695 cle
1567 656 1750 696 essentia
1780 658 1819 696 et
1838 655 2099 696 invisibilum
2128 659 2166 697 et

39 730 325 770 immensitate
348 727 438 767 Dei.
465 725 512 765 In
544 724 640 764 Mss.
662 724 864 765 Vaticano
895 728 935 764 et
955 724 1172 765 Victoriiio
1192 725 1269 765 sub
1288 725 1521 777 Augustini
1552 726 1726 765 nomine
1752 725 1926 765 titulum
1955 726 2094 776 babet,
2117 725 2167 767 tle

39 801 224 841 essentia
256 797 505 840 divinitatis
525 799 562 837 et
593 795 644 836 tle
667 795 969 836 invisibilitate
998 800 1124 847 (itque
1157 797 1583 839 incommutabilitate
1616 798 1706 838 Dei.
1738 796 1881 836 Prima
1910 799 1949 837 et
1977 797 2166 837 maxima

38 883 136 923 pars
154 870 252 910 libri
270 881 322 909 ex
342 867 538 908 Eucherii
555 866 853 918 Lugdunensis
873 878 997 918 opere
1012 866 1062 906 de
1081 867 1274 907 formulis
1290 867 1488 919 spiritalis
1504 867 1797 919 intelligentias
1819 870 1959 907 sumta
1979 868 2166 908 continet

37 945 175 981 totum
197 942 321 992 caput
340 939 529 992 ejusdem
555 937 699 990 Operis
718 937 905 989 primum
920 970 931 988 ,
954 938 1063 990 quod
1086 942 1147 978 est
1167 939 1216 978 de
1241 938 1395 978 divinis
1415 939 1676 978 nominibus.
1703 953 1721 975 >³
1744 938 1956 978 Hactenus
1977 938 2165 979 Editores

38 1012 220 1065 Operum
240 1010 282 1051 S.
303 1009 556 1061 Augustini3
577 1008 734 1060 quibus
764 1008 922 1048 addunt
946 1008 1134 1049 Editores
1162 1009 1348 1062 Operum
1380 1009 1421 1049 S.
1445 1009 1693 1062 Hieronymi
1714 1024 1722 1050 :
1753 1025 1771 1047 α
1794 1009 1876 1049 Νο5
1902 1009 2117 1061 (inquiunt
2136 1012 2161 1060 Ξ)

37 1083 83 1123 111
99 1081 389 1123 Ambrosianae
409 1080 679 1120 Bibliothecae
702 1079 831 1119 veteri
852 1078 926 1119 Ms.
955 1079 991 1119 A
1011 1080 1072 1120 lit.
1096 1084 1135 1120 et
1152 1094 1273 1121 num.
1302 1079 1480 1120 XLVIII.
1502 1083 1738 1133 praenotato
1767 1081 2018 1132 inscriptum
2038 1080 2164 1121 inve-

38 1154 194 1203 nimus,
218 1151 432 1193 Sententia
450 1150 494 1192 S.
517 1149 772 1202 Hieronymi
791 1150 840 1190 de
865 1151 1045 1191 essentia
1062 1152 1294 1192 divinitatis
1321 1151 1408 1202 Dei,
1433 1155 1473 1192 et
1500 1152 1807 1202 invisibilitate,
1829 1155 1955 1204 atque
1975 1151 2160 1192 immen-

38 1224 157 1265 sitate
175 1224 211 1275 ej
222 1236 285 1263 us.
306 1237 324 1260 n

89 1295 143 1335 At
161 1295 235 1347 qui
253 1295 449 1335 omnium
480 1294 643 1347 primus
673 1294 935 1347 Opusculum
968 1294 1047 1334 hoc
1075 1306 1099 1333 a
1130 1294 1327 1345 Catalogo
1359 1293 1544 1346 Operum
1575 1294 1616 1334 S.
1652 1294 1901 1347 Hieronymi
1934 1295 2163 1347 expunxit,

38 1365 272 1406 Desiderius
291 1366 370 1405 fuit
390 1364 590 1406 Erasmus
609 1365 929 1414 Roterodamus,
952 1365 1028 1417 qui
1048 1377 1146 1404 cum
1165 1365 1414 1418 Hieronymi
1435 1366 1661 1417 ingenium
1690 1366 1733 1405 in
1752 1366 1824 1406 illo
1850 1379 1939 1407 non
1958 1369 2162 1416 cerneret,

39 1437 91 1477 ad
111 1437 376 1489 supposititia
391 1436 604 1488 ablegavit
623 1439 652 1481 .³·

92 1506 301 1548 Eucherio
320 1507 462 1560 itaque
490 1507 783 1560 archipraesuli
803 1507 1084 1559 Lugdunensi
1112 1507 1378 1558 adscribitur,
1401 1508 1473 1560 qui
1493 1540 1501 1556 ‚
1524 1511 1572 1548 ut
1587 1508 1669 1548 late
1685 1511 1811 1561 juxta
1830 1540 1839 1556 ,
1869 1521 1916 1549 00
1941 1509 2058 1550 docte
2083 1510 2171 1549 dis-

38 1579 171 1619 seruit
188 1578 447 1631 Theophilus
471 1578 730 1631 Raynaudus
747 1582 759 1603 4
783 1579 929 1619 floruit
957 1578 1108 1630 quinto
1138 1578 1331 1619 Ecclesiae
1357 1580 1514 1620 seculo.
1545 1579 1588 1620 Si
1621 1580 1739 1632 cupis
1776 1592 1947 1620 noscere
1977 1580 2170 1621 libellum

37 1649 258 1698 Eucherii,
281 1649 394 1690 unde
416 1650 681 1702 suppositum
700 1650 778 1689 hoc
797 1650 1052 1702 opusculum
1072 1650 1346 1702 desumptum
1373 1651 1450 1690 fuit
1465 1683 1474 1701 ‚
1504 1651 1604 1691 audi
1626 1648 1873 1703 Philippum
1894 1651 2083 1692 Labenm
2111 1652 2169 1692 ita

34 1721 343 1762 scribentemss:
370 1721 491 1763 Liber
510 1721 807 1763 Fornialarnni
828 1722 1072 1772 spiritualis
1100 1721 1415 1774 intelligentiae,
1444 1733 1538 1763 cain
1561 1722 1818 1773 Pi·(efatione
1845 1722 1903 1763 ad
1935 1723 2171 1764 Veranium

33 1792 200 1843 filium,
220 1796 367 1845 postea
388 1794 656 1845 episcopum:
681 1793 754 1845 qui
778 1793 823 1832 in
849 1792 944 1832 Mss.
975 1793 1099 1833 Codd.
1124 1796 1164 1833 et
1191 1793 1237 1833 in
1256 1794 1568 1846 antiquioribus
1594 1793 1850 1833 editionibus
1875 1794 2023 1847 incipit
2044 1809 2052 1834 :
2078 1795 2171 1836 Eit-

34 1864 201 1906 clte⁷·itts
225 1865 381 1905 Verano
401 1864 511 1906 Filio
526 1896 535 1912 ,
558 1868 634 1904 010.
653 1863 773 1904 10011.
796 1864 1035 1904 Alexander
1057 1863 1328 1904 Brassicanus
1345 1864 1518 1905 Basileae
1541 1865 1694 1905 excudi
1715 1865 1885 1905 curavit
1906 1878 2017 1906 anno
2040 1868 2143 1907 1530
2158 1898 2168 1917 ,

33 1935 190 1986 in-fol.‚
215 1936 327 1988 apud
345 1935 622 1976 Frobenium.

87 2006 187 2047 Ruit
215 2007 316 2047 hinc
347 2006 572 2058 Waddingi
599 2006 812 2059 jtidiciiim
831 2038 841 2057 ,
875 2007 989 2059 quod
1021 2010 1167 2047 contra
1197 2007 1292 2047 fecit
1322 2007 1367 2047 in
1402 2007 1568 2059 Syllaba
1602 2008 1820 2049 Minorum
1859 2007 2166 2060 Scriptorzmzss.

35 2076 301 2130 Quamquam
327 2077 587 2131 Hieronymo
616 2078 843 2130 indignum
864 2090 973 2130 opus
992 2081 1158 2118 censeat
1179 2090 1267 2118 esse
1283 2110 1293 2129 ,
1321 2078 1504 2130 dignum
1530 2081 1673 2118 tamen
1696 2079 1996 2119 Bonaventura
2016 2080 2168 2120 foetum

41 2148 268 2190 existimat.
291 2149 339 2189 In
358 2161 488 2202 quam
506 2150 758 2190 sententiam
775 2149 929 2189 idcirco
944 2149 1181 2200 descendit,
1203 2150 1317 2202 quod
1338 2163 1363 2190 a
1382 2149 1571 2191 Mariano
1591 2149 1834 2191 Florentino
1851 2151 2085 2192 indicatum
2099 2152 2166 2192 sit.

35 2218 116 2261 Sed
144 2232 275 2273 quam
299 2221 573 2262 vehementer
592 2233 690 2262 cum
710 2232 788 2261 suo
809 2220 1000 2261 Mariano
1022 2221 1281 2262 aberraverit
1298 2220 1563 2274 Waddingus
1579 2254 1589 2273 ,
1614 2234 1700 2262 non
1721 2224 1782 2263 est
1801 2225 1911 2263 certe
1926 2256 1935 2273 ‚
1959 2222 2074 2275 quod
2095 2222 2166 2263 1110

34 2291 161 2332 etiam
181 2292 385 2333 dicamus.

964 2374 1219 2401 OBSERVATION
1225 2393 1233 2401 .

82 2463 271 2501 L’editeur
290 2465 339 2501 de
364 2467 473 2512 Lyon
496 2466 699 2501 reconnait
723 2465 970 2512 simplement
996 2477 1072 2513 que
1101 2466 1376 2504 l’authenticite
1397 2467 1451 2504 du
1469 2467 1568 2504 livre
1598 2468 1642 2504 de
1672 2470 1839 2504 Essentia
1868 2470 1900 2503 et
1927 2468 2165 2504 immensitate

34 2531 102 2566 Dei
125 2532 180 2567 est
198 2531 481 2567 controversee.

440 2685 489 2727 V.
522 2686 741 2729 Pharetra.
765 2687 850 2727 Ine.
874 2687 926 2728 In
945 2689 1234 2730 conversionis
1258 2700 1360 2730 inere
1378 2689 1643 2742 primordio,
1667 2691 1744 2730 etc.

87 2810 287 2864 opusculi
312 2812 444 2865 hujus
469 2811 691 2852 falsitatem
716 2825 803 2852 non
830 2813 1002 2854 aliunde
1024 2814 1175 2854 melius
1201 2814 1445 2866 dignoscere
1468 2827 1718 2868 possumus,
1747 2826 1875 2867 quam
1895 2827 1947 2854 ex
1968 2814 2042 2865 iis,
2065 2826 2162 2866 quae

34 2881 79 2923 in
105 2881 364 2923 Praefationis
389 2883 596 2923 vestibulo
623 2884 758 2936 posita
782 2884 993 2936 legimus;
1024 2886 1264 2937 cujusmodi
1290 2889 1389 2926 suut
1417 2899 1426 2926 ε
1452 2902 1469 2924 (ε
1487 2886 1533 2926 In
1551 2886 1838 2926 conversionis
1857 2898 1964 2926 meae
1983 2886 2163 2938 primor-

35 2953 104 2993 dio
122 2966 219 2994 cum
238 2954 292 2994 ob
315 2954 468 2994 ment-is
487 2955 792 2995 recreationem
811 2956 1079 2996 auctoritates
1099 2956 1350 2997 Sanctorum
1372 2957 1560 3008 legerem
1577 2989 1587 3006 ,
1610 2960 1650 2997 01
1668 2957 1814 3009 legens
1833 2957 1972 2997 varias
1990 2969 2163 3009 corrup-

34 3023 169 3064 tiones
184 3025 443 3078 perciperem
463 3041 471 3066 :
498 3026 656 3078 placuit
676 3026 780 3066 milii
798 3059 807 3074 ,
834 3030 882 3066 111
902 3027 955 3067 0(1
975 3027 1118 3080 ipsum
1140 3028 1298 3068 fontem
1324 3028 1601 3080 originalium
1621 3039 1907 3077 recurrerem,
1930 3031 1971 3068 et
1993 3028 2045 3068 ob
2067 3040 2162 3068 ma—

29 3094 169 3146 Jorem
185 3095 480 3136 certitudinem
494 3128 503 3143 ,
531 3097 709 3148 ipsemet
729 3097 870 3149 aliqua
895 3099 1158 3150 perciperem
1174 3130 1184 3148 ⁷
1212 3110 1308 3150 quae
1330 3100 1625 3151 postmodum,
1645 3102 1694 3139 111
1713 3098 1814 3138 scivi
1833 3131 1842 3149 ‚
1865 3099 2059 3139 ordinavi
2082 3111 2092 3138 t
2114 3101 2165 3138 ut

35 3176 131 3217 quae
149 3166 199 3206 ad
221 3167 537 3208 meditationem
553 3200 563 3217 ,
589 3168 932 3220 praedicationem
949 3201 959 3219 ‚
981 3169 1308 3221 disputationem
1331 3170 1488 3210 ibidem
1507 3172 1646 3210 essent
1664 3169 1787 3209 utilia
1801 3201 1810 3219 ,
1839 3169 1978 3210 levius
2004 3170 2164 3222 reperi-

34 3239 198 3277 rentur.
227 3237 314 3278 Hoc
341 3242 484 3279 autem
510 3239 612 3279 sciat
637 3240 780 3289 lector,
815 3240 929 3291 quod
955 3240 1092 3292 reperi
1120 3240 1346 3292 aliquando
1372 3241 1560 3281 diversos
1585 3240 1782 3280 Doctores
1809 3253 1948 3280 uuum
1979 3240 2133 3281 dixisse
2150 3273 2160 3289 ‚

36 3306 259 3358 aliquando
286 3309 485 3349 eumdem
512 3310 726 3350 doctorem
752 3310 865 3350 idem
895 3311 941 3350 in
976 3311 1151 3351 diversis
1178 3311 1309 3350 libris.
1331 3325 1350 3347 »
1388 3310 1467 3350 Ubi
1493 3323 1592 3350 cum
1616 3311 1736 3351 audis
1759 3326 1767 3350 :
1793 3312 1845 3351 In
1873 3312 2160 3352 conversionis

36 3388 135 3419 meae
151 3379 388 3430 primordio
401 3412 411 3430 ‚
430 3380 592 3421 nullam
608 3382 735 3421 aliam
752 3381 883 3421 velim
903 3382 1117 3434 intelligas
1136 3382 1460 3422 conversionem
1474 3413 1484 3431 ‚
1503 3395 1634 3434 quam
1657 3395 1752 3423 eam
1766 3415 1777 3433 ‚
1803 3395 1991 3435 quacum
2019 3382 2162 3422 relicto

81 3503 202 3535 1T0m.
219 3503 316 3543 VIII,
335 3504 454 3535 Venet.
478 3506 570 3545 1733,
590 3505 625 3535 iu
644 3505 804 3546 Appencl„
825 3515 858 3546 p.
874 3508 924 3539 66.
939 3523 978 3529 -—
993 3507 1005 3524 ²
1020 3508 1115 3538 Tom.
1134 3507 1196 3546 XI,
1219 3507 1347 3538 Veron.
1374 3507 1473 3546 1742,
1497 3516 1531 3547 p.
1552 3508 1621 3539 138.

79 3550 201 3581 ³Tom.
218 3551 231 3581 Ι
254 3550 348 3590 Oper.
371 3550 403 3581 S.
423 3551 635 3592 Hieronymi,
655 3553 814 3592 Basileae,
835 3554 924 3593 apud
942 3554 1168 3595 Frobenium,
1198 3555 1288 3594 1516,
1307 3553 1366 3585 fol.
1384 3560 1463 3585 LIII.

77 3596 199 3630 ⁴T0m.
218 3597 292 3630 VlII
313 3597 408 3638 Oper.
428 3598 592 3639 ejusdem,
612 3608 646 3640 p.
660 3602 710 3632 48.
726 3618 766 3624 —
781 3600 794 3622 ⁵
806 3601 985 3632 Dissertat.
1002 3601 1134 3642 histor„
1153 3601 1243 3642 apud
1263 3601 1434 3643 Benarni„
1453 3601 1492 3633 de
1511 3601 1635 3643 Script.
1650 3601 1776 3644 eccles„
1794 3612 1829 3643 p.
1845 3605 1915 3638 160.
1930 3620 1971 3626 —-
1986 3603 1999 3623 ⁶
2013 3604 2096 3644 Pag.
2109 3603 2162 3635 79.
