2613 3990
993 264 1123 306 DisT.
1156 264 1206 307 Π.
1238 265 1437 317 QUAEST.
1471 266 1502 306 1.
2268 272 2321 313 53

188 368 409 407 converso;
425 368 538 398 unus
552 358 613 398 est
629 357 681 399 ad
693 356 888 407 alterum,
900 356 940 396 et
953 367 975 396 e
989 367 1214 398 converso:

187 429 259 471 sed
296 429 408 482 quod
438 432 500 470 est
525 429 634 470 infra
664 427 779 469 aliud
812 428 857 468 in
892 430 1060 479 natura,
1090 430 1131 469 et
1163 428 1215 470 ab

186 501 281 552 alio,
301 503 340 541 et
359 501 411 542 ad
431 501 559 551 aliud,
581 513 666 542 non
688 502 748 540 est
765 500 872 541 Deus
897 515 905 541 ε
925 512 1044 552 erg0‚
1065 502 1142 541 etc.

240 572 357 622 Item,
379 572 460 616 hoc
482 574 614 626 potest
631 572 800 625 probari
817 584 891 624 per
919 571 1212 612 deductionem

185 642 235 683 ad
254 642 524 697 impossibile.
550 642 592 682 Si
612 645 711 683 sunt
729 642 813 683 duo
833 642 905 693 dii,
930 645 1003 683 aut
1020 655 1132 682 unus
1152 646 1213 683 est

183 714 258 754 ubi
282 714 404 766 alius,
435 716 509 754 aut
537 725 623 755 non
652 715 714 754 est
751 728 759 754 :
788 713 822 753 si
844 726 959 754 unus
988 713 1061 753 ubi
1091 713 1209 765 alter,

182 799 286 840 ergo
308 799 419 828 unus
442 787 487 827 in
505 786 649 838 altero,
674 798 774 828 cum
803 786 886 827 sint
911 786 1058 827 eodem
1084 786 1210 827 modo

181 858 343 899 essendi
372 873 381 900 ε
413 870 516 911 ergo
547 870 659 899 unus
693 861 754 899 est
784 858 903 899 alteri
938 858 1165 898 materialis
1196 873 1205 899 ε

181 941 284 982 ergo
304 929 406 970 alter
424 941 510 970 non
532 932 593 970 θεῖ
613 929 738 971 Deus
756 930 799 970 Si
819 941 933 971 unus
952 932 1014 971 est
1033 941 1120 970 non
1135 930 1210 970 ubi

180 1000 297 1052 alter,
325 1013 429 1054 ergo
455 1002 636 1055 uterque
666 1001 870 1043 limitatus
893 1015 901 1041 :
931 1013 1035 1054 ergo
1060 1003 1211 1043 neuter

179 1072 385 1115 infinitus,

234 1144 353 1194 Item,
373 1145 406 1185 si
426 1145 569 1198 plures
589 1147 689 1187 sunt
706 1146 761 1187 dii
781 1145 897 1196 boni,
919 1148 992 1187 aut
1011 1158 1124 1187 unus
1140 1146 1210 1187 in·-

178 1216 331 1270 telligit
350 1218 546 1269 alterum,
569 1220 643 1259 aut
660 1231 745 1259 non
769 1233 777 1259 :
799 1218 832 1258 si
850 1230 951 1267 non,
971 1230 1074 1270 ergo
1094 1220 1207 1259 uter-

179 1301 261 1343 que
282 1291 342 1330 est
361 1290 592 1342 ignorans;
618 1290 650 1330 si
676 1289 891 1342 intelligit,
911 1291 985 1330 aut
1006 1302 1108 1342 ergo
1133 1302 1209 1343 per

179 1361 465 1414 praesentiam‚
487 1364 564 1403 aut
583 1374 657 1415 per
681 1362 876 1416 speciem,
896 1365 970 1403 aut
990 1375 1064 1415 per
1093 1363 1207 1416 seip-

177 1445 272 1474 sum
296 1448 305 1475 :
332 1434 367 1474 si
392 1446 468 1487 per
489 1426 773 1487 praesentiam,
802 1446 906 1486 ergo
932 1447 1045 1475 unus
1072 1435 1119 1474 in
1145 1434 1207 1475 al-

175 1507 288 1555 tero,
318 1518 422 1559 ergo
461 1506 566 1547 Deus
599 1506 785 1547 illabitur
817 1506 924 1557 Deo,
965 1508 1006 1546 et
1045 1507 1207 1559 perficit

178 1576 337 1627 Deum;
360 1578 394 1618 si
414 1590 489 1631 per
519 1578 715 1631 speciem,
738 1590 841 1630 ergo
873 1577 1148 1630 compositus3
1171 1579 1206 1619 si

176 1661 252 1703 per
281 1649 487 1702 seipsum,
510 1661 613 1702 crgo
631 1661 744 1690 unus
771 1649 988 1703 exemplar
1016 1649 1202 1700 alteriUS,

176 1733 280 1773 ergo
301 1724 341 1762 et
358 1721 630 1775 principium.

232 1792 350 1844 Item,
363 1792 396 1833 si
413 1793 497 1834 duo
515 1794 613 1834 sunt
628 1792 687 1832 dii
704 1792 873 1843 diversi,
890 1803 1075 1846 quorum
1092 1794 1203 1832 uter-

178 1876 259 1918 que
281 1867 343 1906 est
373 1877 591 1907 summum
615 1865 793 1916 bonnm,
827 1866 900 1905 aut
921 1876 1034 1906 unus
1066 1864 1204 1916 diligit

177 1935 371 1986 alterum,
394 1939 442 1977 ut
460 1936 700 1989 diligendus
727 1939 801 1988 est,
830 1939 903 1977 aut
928 1949 1015 1977 non
1039 1951 1047 1977 :
1070 1936 1105 1976 si
1127 1936 1199 1987 sic,

176 2020 274 2048 cum
294 2011 471 2062 uterque
491 2008 543 2049 sit
561 2021 782 2050 summum
814 2010 975 2050 bonum
991 2041 1000 2058 ,
1023 2011 1202 2062 uterque

174 2082 236 2120 est
257 2080 497 2133 diligendus
515 2093 659 2122 amore
677 2082 890 2123 fruition1s
914 2096 922 2123 :
948 2093 1052 2134 ergo
1080 2085 1199 2123 uter-

172 2164 253 2205 que
270 2151 425 2194 fruitur
441 2153 571 2194 altero
593 2168 602 2195 ε
630 2154 701 2195 sed
720 2154 794 2208 qui
812 2154 968 2195 fruitur
987 2154 1068 2195 alio
1089 2155 1200 2196 bono

170 2235 195 2263 a
222 2235 279 2273 se,
302 2223 373 2265 illo
393 2224 556 2277 indiget
579 2240 587 2266 z
610 2237 715 2278 ergo
740 2238 854 2267 unus
882 2226 1046 2279 indiget
1080 2227 1162 2268 alio
1188 2242 1197 2269 :

170 2307 275 2347 ergo
315 2298 495 2349 uterque
536 2299 598 2338 est
639 2296 836 2351 indigens
862 2312 872 2340 :
907 2310 1011 2351 ergo
1050 2301 1201 2340 neuter

171 2366 292 2408 Deus.

222 2438 302 2480 Sed
332 2442 476 2481 contra
505 2454 513 2481 :
540 2443 577 2481 1.
605 2440 703 2482 Plus
737 2443 873 2495 potest
902 2441 1011 2483 Deus
1039 2443 1196 2495 facere,

169 2523 300 2564 quam
322 2511 556 2553 intellectus
575 2515 718 2553 noster
742 2513 874 2566 possit
894 2514 1094 2566 cogitare.
1118 2514 1198 2556 Sed

168 2581 401 2623 intellectus
414 2582 646 2633 humanus,
666 2586 809 2637 utpote
823 2585 1033 2637 gentium,
1050 2585 1199 2626 intelli-

169 2654 233 2707 git
261 2655 404 2709 plures
440 2656 538 2696 deos
569 2656 877 2710 omnipotentes
911 2672 919 2698 :
956 2670 1059 2710 ergo
1090 2657 1199 2699 Deus

169 2728 303 2779 potest
322 2726 401 2767 hoc
430 2727 579 2768 facere.
600 2726 682 2769 Sed
710 2728 915 2782 quidquid
942 2732 1076 2782 potest
1109 2742 1207 2772 esse·

169 2796 213 2837 in
244 2797 389 2840 divina
425 2801 578 2840 natura
600 2831 610 2849 ‚
645 2801 707 2841 θεῖ
742 2800 826 2852 ibi,
867 2801 966 2854 quia
995 2804 1154 2843 aeterna
1183 2817 1194 2845 ε

169 2881 288 2922 ergo,
307 2872 385 2911 etc.

221 2945 261 2982 2.
280 2941 399 2994 Item,
412 2943 536 2997 plura
547 2944 659 2985 bona
672 2947 771 2985 sunt
786 2945 961 2986 meliora
981 2946 1197 3000 pauciori-

168 3013 275 3054 bus¹
297 3028 306 3056 z
330 3015 402 3056 sed
419 3015 564 3069 plures
581 3016 637 3056 dii
656 3018 757 3057 sunt
774 3017 898 3070 plura
921 3018 1035 3059 bona
1056 3033 1065 3060 ε
1089 3031 1195 3074 ergo

168 3085 319 3126 melius
342 3086 502 3140 aliquid
519 3090 645 3128 erunt
665 3087 771 3139 duo,
794 3100 925 3141 quam
942 3102 1072 3132 unus.
1095 3090 1193 3142 Sed,

169 3158 402 3199 secundum
416 3159 667 3201 Anselmum
682 3161 712 3212 ²,
731 3160 897 3203 «Omne
915 3164 1030 3216 quod
1042 3165 1195 3206 melius

169 3231 243 3280 est,
261 3229 368 3271 circa
392 3230 525 3272 Deum
558 3234 618 3273 est
648 3232 923 3285 ponendum:
952 3248 971 3272 n
997 3247 1101 3288 ergo
1133 3239 1195 3278 θεῖ

170 3311 326 3352 ponere
343 3301 486 3354 plures
503 3303 615 3344 deos.

226 3373 265 3411 3.
287 3371 404 3423 Item,
422 3386 607 3427 quorum
631 3378 694 3417 est
717 3375 881 3418 diversa
900 3379 1103 3431 operatio,
1126 3380 1194 3422 di-

171 3453 292 3483 versa
317 3446 379 3484 est
399 3445 550 3497 virtus,
571 3450 612 3488 et
632 3447 800 3490 diversa
823 3451 886 3489 est
915 3452 1068 3492 natura
1088 3465 1097 3493 z
1120 3452 1193 3493 sed

212 3549 222 3571 1
240 3548 354 3590 Arist„
383 3550 509 3592 physic.
529 3553 589 3585 lib.
611 3554 651 3586 ΙΙΙ
664 3580 674 3595 ,
695 3557 844 3588 context.
863 3556 914 3587 32.
931 3575 966 3579 --
988 3557 1001 3578 ²
1014 3559 1193 3601 Monoloq„

170 3605 199 3629 c.
217 3603 272 3629 xv,
288 3614 328 3621 —-
341 3596 355 3619 ³
368 3597 482 3640 Arist,
502 3599 631 3643 Physz'c.
652 3602 711 3636 lib.
727 3603 769 3636 111
784 3628 795 3645 ,
815 3606 963 3637 context.
979 3605 1031 3637 32.

1293 357 1478 411 operatio
1497 357 1629 398 trium
1644 369 1925 411 personarum
1945 360 2007 399 est
2025 358 2205 409 diversa,
2220 360 2321 413 quia

1290 429 1495 482 apparitio
1534 429 1580 469 in
1619 429 1816 470 columba
1850 429 1932 470 fuit
1977 430 2106 470 solius
2140 430 2320 484 Spiritus

1290 500 1436 550 sancti,
1459 502 1500 540 et
1527 500 1642 541 solus
1670 500 1801 541 Filius
1831 501 2058 554 assumpsit
2082 501 2318 543 humanam

1288 574 1486 611 naturam
1511 586 1519 612 2
1542 584 1645 624 ergo
1674 575 1773 613 sunt
1800 572 1956 614 diversi
1983 572 2029 613 in
2049 573 2282 614 substantia
2306 589 2315 615 :

1289 653 1392 694 ergo
1410 646 1511 683 sunt
1533 643 1676 696 plures
1696 644 1767 684 dii.

1348 722 1385 758 4.
1416 715 1535 765 Item,
1569 728 1727 768 magna
1748 715 1934 769 potentia
1952 717 2039 765 est,
2061 727 2158 768 quae
2185 718 2320 769 potest

1288 801 1522 842 magnum3
1545 790 1586 828 et
1595 788 1747 840 maj0r,
1765 800 1861 840 quae
1879 789 1961 840 maj
1970 799 2040 838 us;
2056 790 2095 828 et
2113 788 2315 840 maxima,

1286 874 1383 916 quae
1406 860 1645 901 maximum
1669 871 1679 899 :
1701 859 1772 900 sed
1804 859 1913 900 Deus
1942 871 2070 912 super
2089 859 2233 900 omnia
2257 862 2318 900 est

1285 945 1453 975 summe
1475 935 1623 986 potens
1646 946 1654 972 :
1677 943 1781 983 ergo
1801 933 1935 984 potest
1950 931 2181 985 producere
2198 944 2315 972 sum-

1285 1019 1406 1047 mum
1425 1006 1601 1047 bonum.
1625 1004 1706 1045 Sed
1723 1003 1804 1044 hoc
1831 1006 1893 1044 est
1911 1003 2021 1045 Deus
2044 1018 2053 1045 z
2077 1016 2195 1057 ergo,
2217 1017 2317 1046 cum

1284 1079 1329 1122 in
1346 1079 1515 1121 aeternis
1542 1078 1595 1119 sit
1625 1077 1739 1118 idem
1759 1088 1847 1117 esse
1866 1078 1906 1117 et
1926 1088 2047 1130 posse
2073 1079 2102 1126 ³,
2136 1076 2184 1131 (b)
2208 1078 2286 1118 etc.

1647 1209 1947 1252 CONCLUSIO.

1282 1304 1404 1339 Plures
1425 1304 1504 1339 deos
1534 1312 1625 1344 esse,
1649 1312 1721 1337 non
1742 1302 1857 1337 solum
1877 1312 1948 1337 mm
1981 1304 2031 1338 est
2046 1301 2238 1348 possibile,
2259 1303 2319 1339 secl

1329 1368 1438 1403 neque
1462 1356 1719 1401 intelligibile,
1748 1357 1780 1391 sz'
1806 1356 1957 1402 proprie
1981 1357 2215 1401 intelliqatur
2252 1357 2314 1393 hoc

1329 1422 1453 1447 nomen
1465 1440 1473 1454 ,
1495 1412 1599 1446 Deus.

1335 1502 1456 1555 Resp.
1475 1502 1526 1542 ad
1541 1502 1645 1554 Arg.
1663 1501 1913 1553 Dicendum,
1931 1501 2042 1554 quod
2056 1501 2313 1556 impossibile

1280 1577 1342 1616 est
1370 1575 1513 1628 plures
1539 1575 1638 1615 deos
1670 1585 1782 1624 esse;
1805 1575 1859 1624 et,
1882 1573 1917 1614 si
1943 1576 2054 1615 recte
2085 1576 2313 1630 accipiatur

1279 1646 1572 1698 significatum
1596 1646 1730 1698 hujus
1760 1645 1960 1696 nominis,
1982 1647 2107 1698 Deus,
2130 1660 2216 1689 non
2240 1662 2312 1691 so-

1278 1717 1370 1758 lum
1390 1720 1451 1758 est
1466 1717 1738 1771 impossibile,
1758 1717 1829 1758 sed
1850 1718 1975 1758 etiam
1995 1731 2083 1760 non
2104 1720 2312 1776 intelligi-

1277 1790 1374 1831 bile.
1398 1790 1507 1831 Deus
1539 1790 1654 1830 enim
1674 1789 1773 1830 dicit
1801 1789 2044 1843 simpliciter
2073 1805 2309 1848 summum,

1277 1864 1318 1903 et
1337 1862 1381 1902 in
1408 1874 1469 1913 re,
1492 1864 1532 1902 et
1551 1862 1595 1902 in
1624 1861 1822 1915 opinione
1842 1863 2067 1916 cogitantis
2090 1879 2098 1906 :
2133 1867 2232 1920 quia
2264 1868 2310 1911 in

1277 1947 1337 1985 re,
1362 1934 1455 1975 ideo
1475 1935 1619 1975 omnia
1639 1935 1691 1975 ab
1720 1934 1827 1988 ipso,
1853 1935 1956 1976 etin
1975 1936 2081 1990 ipso,
2104 1941 2144 1979 et
2171 1940 2221 1981 ad
2243 1941 2309 1995 ip-

1276 2019 1387 2057 sum,
1406 2011 1446 2048 et
1475 2007 1522 2048 in
1540 2007 1630 2061 ipso
1647 2007 1823 2049 omnino
1841 2010 1903 2049 est
1921 2011 2076 2052 status:
2098 2011 2192 2053 ideo
2224 2013 2307 2055 im-

1275 2079 1472 2132 possibile
1488 2082 1549 2121 est
1562 2080 1813 2132 intelligere,
1836 2081 1953 2122 salvo
1973 2081 2053 2123 hoc
2072 2083 2304 2140 intellectu,

1274 2153 1387 2206 quod
1410 2153 1569 2207 aliquid
1596 2153 1673 2193 sibi
1697 2153 1941 2207 parificetur
1967 2154 2083 2196 aliud
2112 2157 2165 2197 ab
2196 2158 2302 2212 ipso.

1276 2228 1379 2269 Item
1408 2229 1517 2269 nihil
1549 2229 1690 2281 majus
1721 2227 1804 2269 Deo
1835 2229 2013 2282 cogitari
2043 2233 2192 2284 potest,
2226 2246 2304 2277 nec

1273 2299 1401 2339 etiam
1421 2297 1600 2351 aequale,
1622 2297 1723 2350 quia
1751 2309 1973 2339 summum
2001 2298 2046 2339 in
2066 2300 2267 2354 opinione
2290 2319 2299 2346 :

1272 2370 1366 2412 ideo
1386 2369 1659 2423 impossibile,
1679 2370 1719 2410 et
1737 2381 1825 2410 non
1854 2369 2119 2423 intelligibile
2139 2375 2200 2414 est
2228 2387 2303 2428 po·

1272 2454 1373 2483 nere
1395 2442 1538 2495 plures
1558 2441 1671 2482 deos.

1328 2515 1364 2553 1.
1392 2513 1457 2554 Ad
1484 2513 1588 2554 illud
1616 2524 1720 2565 ergo
1751 2512 1865 2565 quod
1885 2512 2083 2565 objicitur
2117 2515 2167 2556 de
2195 2528 2303 2569 gen-

1272 2584 1404 2636 tibus3
1427 2585 1666 2635 dicendum,
1689 2584 1803 2638 quod
1828 2597 1914 2626 non
1941 2585 2019 2626 fuit
2050 2586 2300 2641 intellectus,

1271 2657 1342 2697 sed
1362 2658 1489 2698 fictio.
1510 2656 1733 2707 Praeterea,
1755 2668 1843 2697 non
1858 2656 2151 2710 intelligebant
2168 2659 2302 2703 Deum

1271 2729 1508 2770 secundum
1536 2728 1798 2770 nobilitatem
1829 2728 2020 2770 divinam
2052 2744 2061 2771 :
2089 2730 2182 2772 ideo
2214 2745 2302 2776 non

1271 2801 1398 2842 valet.

1324 2873 1375 2914 Et
1395 2873 1447 2914 ad
1468 2873 1571 2914 illud
1589 2887 1597 2914 :
1621 2872 1722 2914 Plus
1743 2875 1878 2926 potest
1896 2873 2006 2914 Deus
2024 2874 2175 2927 facere,
2191 2879 2270 2920 etc.
2287 2893 2298 2930 ;

1270 2944 1510 2995 dicendum,
1531 2944 1645 2998 quod
1675 2944 1832 2998 duplex
1859 2947 1919 2985 est
1946 2944 2197 2998 intellectus,
2219 2949 2302 2990 sci-

1269 3016 1364 3057 licet
1393 3017 1623 3069 rationalis,
1656 3020 1697 3058 et
1726 3016 2048 3070 phantasticus:
2082 3018 2133 3060 de
2160 3021 2299 3073 primo

1270 3101 1423 3130 verum
1443 3092 1517 3140 est,
1544 3090 1616 3131 sed
1634 3089 1685 3131 de
1705 3089 1887 3130 secundo
1910 3101 1996 3130 non
2003 3102 2017 3142 3
2046 3090 2146 3144 quia
2165 3093 2300 3135 multa

1269 3172 1495 3213 possumus
1526 3161 1710 3214 cogitare
1742 3161 1977 3203 secundum
2006 3161 2295 3217 phantasiam,

1268 3243 1366 3284 quae
1385 3231 1495 3274 Deus
1519 3245 1606 3273 non
1625 3233 1760 3286 potest
1778 3232 1928 3285 facere,
1955 3233 2056 3287 quia
2075 3246 2163 3275 non
2193 3247 2296 3277 con-

1268 3303 1384 3344 venit
1403 3304 1483 3355 illi;
1498 3304 1542 3344 in
1561 3316 1645 3357 quo
1663 3304 1968 3347 inconveniens
1987 3305 2217 3347 minimum
2235 3309 2297 3348 est

1267 3375 1537 3429 impossibile.

1321 3451 1359 3489 ἐξ.
1374 3449 1437 3489 Ad
1452 3448 1555 3489 illud
1569 3449 1681 3502 quod
1698 3449 1908 3503 objicitur,
1920 3450 2032 3503 quod
2045 3450 2169 3503 plura
2183 3450 2295 3493 bona

1266 3523 1366 3561 sunt
1397 3520 1571 3561 meliora
1602 3521 1893 3574 paucioribus3
1915 3521 2155 3572 dicendum,
2178 3524 2293 3576 quod

1309 3607 1349 3647 (a)
1373 3606 1451 3639 Coet.
1473 3606 1554 3638 edit.
1572 3606 1623 3639 lzz'c
1642 3607 1762 3640 habent
1782 3617 1863 3650 ergo
1870 3607 1961 3650 {sed
1975 3606 2148 3640 redundat.
