2613 3990
152 662 197 687 Ad
213 669 262 695 op—

146 710 207 738 pos.

785 289 912 331 DIST.
945 287 1051 329 VIII.
1084 286 1236 327 PART.
1269 287 1318 326 Il.
1352 287 1470 327 ART.
1503 286 1533 326 I.
1564 284 1762 335 QUAEST.
1794 262 1864 324 III.

283 380 484 421 Similiter
504 384 685 432 punctus
704 383 765 420 est
786 379 1021 419 substantia
1039 377 1193 430 posita,
1216 377 1304 416 sive

281 451 443 492 habens
456 452 707 504 positionem
727 466 736 491 ε
754 462 856 501 ergo
874 450 1017 489 anima
1034 449 1161 488 habet
1174 447 1304 486 situm

280 523 326 562 in
340 535 512 576 corpore
527 536 536 563 z
555 523 625 564 sed
636 523 752 563 nulla
764 522 901 562 forma
917 520 1080 560 situalis
1093 522 1153 560 est
1167 525 1305 558 motor

282 595 494 634 sufficiens
517 609 524 634 :
542 605 660 646 ergo,
683 596 760 633 etc.

335 665 414 706 Sed
434 669 579 706 contra
596 679 604 704 :
625 667 662 704 1.
683 663 837 703 Forma
857 675 953 715 quae
969 666 1029 703 est
1043 663 1085 702 in
1104 665 1190 702 toto
1204 664 1243 701 et
1262 661 1305 700 in

282 737 473 790 partibus
500 749 586 777 una
603 768 613 786 ,
642 734 891 776 denominat
917 738 1056 787 partes
1090 737 1130 773 et
1168 736 1305 773 totum

281 809 446 849 ratione
466 806 698 857 consimili3
721 806 834 846 unde
853 806 1051 858 quaelibet
1072 817 1168 858 pars
1192 805 1306 856 ignis

283 882 343 919 est
375 879 487 931 ignis
510 893 518 918 z
542 890 646 930 ergo
661 909 670 927 ,
708 877 743 917 si
770 877 912 917 anima
946 880 1005 917 est
1038 877 1082 916 in
1121 877 1307 929 qualibet

283 952 416 1003 parte,
433 949 633 1002 quaelibet
649 961 745 1001 pars
758 948 953 988 animalis
965 948 1119 988 dicitur
1132 947 1304 997 animal,

283 1035 382 1064 cum
412 1022 611 1075 quaelibet
649 1034 747 1075 pars
783 1022 835 1062 sit
862 1021 1095 1062 substantia
1123 1021 1308 1061 animata

283 1095 504 1136 sensibilis.

335 1169 374 1206 2.
394 1165 501 1206 Item
518 1198 528 1215 ,
554 1165 778 1206 existentia
801 1165 957 1205 animae
977 1164 1193 1205 rationalis
1219 1176 1307 1203 non

283 1237 489 1290 dependet
508 1237 560 1277 ab
580 1237 723 1289 aliqua
750 1240 867 1289 parte
897 1236 1107 1288 corporis,
1138 1248 1237 1276 cum
1257 1235 1309 1275 sit

282 1308 370 1348 fixa
387 1308 432 1347 in
451 1320 495 1348 se
518 1322 527 1348 :
549 1320 652 1359 ergo
671 1319 758 1347 non
778 1310 839 1347 est
858 1307 901 1346 in
921 1307 1121 1360 qualibet.

338 1382 376 1420 3.
410 1379 514 1423 Item
533 1412 543 1430 ,
571 1379 758 1432 operatio
787 1380 880 1431 ejus
908 1391 995 1418 non
1030 1378 1232 1431 dependet
1258 1378 1311 1418 ab

285 1450 425 1504 aliqua
449 1453 566 1504 parte
588 1450 798 1503 corporis,
820 1462 899 1490 nec
923 1449 1049 1490 alicui
1070 1448 1311 1490 communi-

285 1526 405 1564 catur
428 1537 436 1563 :
463 1534 566 1574 ergo
582 1521 625 1561 111
645 1521 763 1562 1111113
784 1524 901 1574 parte
925 1521 1114 1574 corporis
1137 1524 1211 1572 est,
1234 1533 1311 1561 nec

285 1594 330 1634 in
348 1596 559 1646 quantum
578 1592 799 1645 perfectio,
823 1605 899 1632 nec
925 1592 969 1631 in
988 1595 1199 1644 quantum
1219 1604 1314 1632 mo-

285 1667 365 1705 tor.
398 1663 515 1704 Unde
548 1663 831 1716 Philosophus
856 1661 867 1682 ¹
892 1663 990 1704 dicit
1022 1664 1135 1716 quod
1169 1663 1314 1703 anima

287 1736 449 1776 nullius
463 1736 647 1789 corporis
662 1739 724 1776 est
741 1739 872 1786 actus,
889 1736 930 1775 id
950 1739 1025 1785 est,
1047 1735 1206 1776 nullius
1220 1748 1315 1788 par-

288 1807 340 1847 tis
362 1808 547 1860 corporis
569 1821 579 1848 :
601 1807 671 1848 sed
692 1808 735 1847 in
753 1820 838 1860 quo
860 1811 946 1855 θεῖ,
969 1810 1029 1848 est
1046 1807 1153 1847 sicut>
1180 1811 1311 1848 actus.

341 1882 380 1919 4.
399 1879 517 1929 Item,
539 1891 691 1933 corpus
706 1879 959 1931 organicum
974 1882 1034 1919 est
1049 1879 1314 1919 diversarum

288 1952 504 1992 rationum
536 1951 581 1991 in
609 1951 799 2004 partibus
821 1954 859 1991 et
886 1954 972 1992 toto
1011 1966 1018 1991 :
1057 1963 1160 2003 ergo
1189 1951 1316 1992 habet

289 2023 500 2064 diversam
530 2023 830 2076 perfectionem
861 2038 868 2064 :
896 2035 1022 2075 ergo,
1045 2036 1143 2064 cuin
1170 2024 1316 2064 anima

287 2095 478 2148 perficiat
491 2098 630 2136 totum
650 2099 864 2148 quantum
879 2095 931 2136 ad
955 2096 1199 2146 essentiam,
1223 2108 1316 2149 per-

286 2167 374 2208 ficit
386 2170 525 2220 partes
539 2170 749 2220 quantum
764 2167 815 2208 ad
827 2167 1058 2220 potentiam
1077 2183 1084 2208 :
1103 2180 1206 2219 ergo
1228 2169 1318 2208 ani-

287 2254 360 2282 ma
375 2241 592 2282 rationalis
610 2254 697 2282 non
710 2244 772 2282 est
790 2241 832 2281 in
851 2241 1056 2294 partibus,
1075 2241 1155 2280 nisi
1178 2240 1317 2281 solum

288 2317 498 2365 quantum
516 2313 569 2354 ad
581 2313 793 2353 rationem
804 2313 1017 2365 potentiae.
1035 2312 1084 2353 Et
1098 2312 1179 2353 hoc
1191 2313 1317 2353 etiam

290 2384 386 2425 dicit
404 2383 687 2437 Philosophus
710 2399 719 2424 ε
743 2399 761 2422 «
778 2383 896 2424 Sicut
915 2384 1058 2424 anima
1075 2384 1127 2424 ad
1147 2396 1315 2437 corpuS,

290 2456 348 2496 sic
381 2458 521 2509 partes
541 2456 699 2496 animae
719 2455 770 2496 ad
787 2459 927 2508 partes
947 2456 1147 2508 corporis.
1168 2470 1187 2493 1)

344 2529 382 2568 5.
400 2527 519 2579 Item,
538 2528 573 2567 si
593 2527 736 2568 anima
747 2531 807 2568 est
825 2530 911 2568 tota
929 2527 974 2567 in
992 2527 1180 2580 qualibet
1200 2530 1317 2580 parte

291 2599 492 2652 corporis,
509 2611 612 2652 ergo
629 2602 717 2640 tota
729 2602 790 2640 est
807 2599 851 2639 in
869 2611 1001 2640 manu
1019 2614 1026 2639 :
1044 2599 1130 2649 sed,
1148 2599 1318 2652 quando

291 2671 461 2725 aliquod
491 2675 631 2713 totum
664 2675 726 2713 est
751 2672 797 2712 in
827 2671 985 2725 aliquo,
1017 2675 1213 2712 movetur
1247 2671 1319 2712 illo

292 2745 432 2784 moto:
456 2755 560 2796 ergo
581 2746 697 2784 mota
716 2756 863 2794 manu,
877 2746 1075 2784 movetur
1092 2743 1255 2794 anima;
1280 2747 1320 2784 et

293 2802 498 2864 similiter,
520 2827 655 2856 manu
674 2815 936 2868 quiescente,
957 2815 1136 2868 quiescit
1158 2830 1165 2855 :
1187 2827 1289 2866 ergo
1306 2847 1317 2865 ,

293 2897 391 2926 cum
425 2899 580 2928 manus
597 2899 686 2927 una
703 2887 836 2939 possit
856 2886 1034 2935 moveri,
1056 2887 1187 2927 altera
1207 2886 1320 2926 exis-

291 2958 404 2997 tente
420 2957 465 2997 in
484 2957 639 3010 quiete,
661 2958 806 2997 anima
818 2969 905 2998 una
921 2961 961 2997 et
975 2957 1122 2997 eadem
1136 2969 1318 2997 numero

293 3027 420 3068 simul
439 3029 638 3081 quiescit,
661 3031 702 3069 et
721 3031 918 3070 movetur
931 3029 1168 3069 secundum
1189 3028 1316 3069 idem.

349 3101 387 3139 6.
409 3099 528 3151 Item,
549 3100 583 3140 si
603 3100 747 3141 anima
765 3103 825 3141 est
839 3100 884 3140 in
900 3100 1097 3153 pluribus
1114 3103 1214 3150 tota,
1235 3111 1320 3152 qua

296 3169 456 3211 ratione
479 3171 527 3211 in
544 3172 694 3223 tribus,
728 3185 777 3212 ea
804 3171 967 3212 ratione
984 3171 1030 3211 in
1049 3171 1256 3225 pluribus,
1281 3173 1322 3211 et

295 3239 355 3280 ita
374 3240 420 3280 in
444 3241 636 3294 infinitis,
671 3246 711 3284 et
739 3245 1136 3296 quantumcumque
1167 3246 1319 3284 exten-

299 3310 420 3351 datur
440 3301 590 3366 corpus
613 3329 621 3355 :
645 3327 750 3367 ergo
767 3315 910 3355 anima
923 3317 1022 3355 nata
1034 3318 1096 3356 est
1117 3327 1205 3355 esse
1220 3314 1321 3355 ubi-

299 3393 396 3434 que,
414 3385 454 3422 et
471 3383 529 3424 ita
545 3385 714 3426 videtur
732 3387 845 3440 quod
869 3385 1012 3427 anima
1027 3399 1117 3427 non
1134 3386 1320 3428 511111111-

298 3455 397 3504 tata,
417 3454 488 3494 sed
504 3455 733 3498 immensa.

352 3527 391 3565 7.
410 3523 528 3577 Item,
547 3526 581 3566 si
598 3528 685 3569 tota
698 3528 840 3571 anima
859 3529 978 3571 estin
997 3541 1130 3571 manu
1143 3529 1253 3570 sicut
1275 3529 1321 3569 in

299 3595 392 3635 aliis
408 3596 617 3649 partibus3
639 3610 757 3652 ergo,
779 3613 879 3642 cum
896 3601 984 3642 vita
1010 3600 1064 3641 sit
1081 3601 1133 3642 ab
1152 3601 1317 3652 anima,

2325 289 2400 325 163

1378 388 1465 417 non
1485 375 1623 426 magis
1643 374 1792 426 recipit
1813 375 1978 413 motum
1996 374 2036 412 et
2056 385 2228 412 sensum
2250 386 2402 415 maniis

1380 460 1404 487 a
1424 446 1546 487 corde
1561 478 1570 496 ,
1600 458 1729 498 quam
1752 457 1774 484 e
1796 454 1997 484 converso
2019 456 2029 483 z
2059 443 2150 483 haec
2174 446 2316 484 autem
2343 449 2404 485 est

1382 521 1526 559 contra
1555 529 1702 557 011111οε
1730 514 2004 568 philosophos
2021 546 2030 563 ,
2065 516 2105 554 et
2130 515 2323 566 sequitur
2351 528 2404 555 ex

1378 589 1554 630 110οῖ310
1574 587 1894 637 inconveniens,
1913 586 2028 638 quod
2045 586 2263 626 sicutlaeso
2282 587 2404 626 corde

1379 661 1488 714 perit
1506 660 1609 708 vita,
1626 660 1684 699 ita
1704 659 1803 699 laesa
1822 670 1969 698 manu.

1739 815 2036 858 CONCLUSIO.

1381 925 1518 960 Am'ma
1538 923 1733 958 rationalis
1747 927 1799 958 est
1820 926 1897 958 tota
1920 925 1959 958 z'n
1980 925 2051 957 toto
2076 931 2217 968 corpore
2240 933 2250 955 :
2273 923 2306 956 et
2332 924 2408 956 tota

1709 984 1750 1017 in
1771 983 1932 1028 qztalt'bet
1954 984 2073 1028 parte.

1436 1089 1557 1142 Resp.
1580 1089 1632 1129 ad
1651 1100 1744 1140 arg.
1767 1087 2023 1135 Dicendum,
2056 1087 2170 1139 quod
2190 1086 2321 1139 aliqui
2342 1085 2408 1126 di-

1383 1164 1484 1202 cunt
1510 1160 1622 1213 quod
1655 1160 1799 1200 anima
1831 1159 2066 1199 secundum
2090 1157 2316 1198 essentiam
2349 1159 2411 1197 est

1382 1229 1427 1269 in
1446 1229 1587 1281 aliqua
1617 1230 1735 1281 parte
1755 1227 2052 1276 determinate3
2076 1225 2311 1266 secundum
2333 1237 2410 1277 po-

1383 1300 1559 1341 tentiam
1577 1311 1679 1340 vero
1694 1302 1755 1340 est
1768 1302 1807 1339 et
1820 1298 1915 1338 fluit
1927 1298 1973 1337 in
1989 1300 2076 1338 toto
2093 1309 2282 1350 corpore,
2304 1296 2412 1336 sicut

1384 1384 1539 1412 aranea
1562 1375 1623 1412 est
1654 1371 1699 1411 in
1730 1371 1826 1411 tela.
1854 1369 1972 1410 Unde
1992 1369 2191 1410 dixerunt
2218 1368 2331 1421 quod
2351 1371 2412 1408 est

1385 1444 1428 1482 in
1448 1442 1570 1482 corde
1585 1474 1595 1493 ,
1618 1443 1719 1495 quia
1749 1454 1820 1482 cor
1850 1444 1911 1482 est
1937 1440 2202 1481 domicilium
2223 1440 2323 1480 vitae
2339 1471 2350 1490 ,
2372 1441 2413 1479 et

1386 1516 1478 1567 ejus
1497 1515 1753 1555 inhabitator
1767 1516 1828 1555 est
1841 1513 1997 1554 anima.
2017 1512 2068 1553 Et
2085 1513 2134 1553 ad
2150 1512 2231 1552 hoc
2248 1524 2412 1564 ponen-

1386 1586 1491 1626 dum
1510 1586 1645 1627 movit
1665 1598 1736 1627 eos
1756 1585 2097 1639 experimentum
2124 1597 2223 1625 cum
2249 1584 2414 1624 defectu

1387 1658 1561 1698 rationis
1579 1673 1586 1698 :
1610 1658 1967 1711 experimentum,
1982 1657 2083 1710 quia
2104 1656 2325 1697 visibiliter
2344 1669 2416 1708 ap-

1386 1735 1506 1785 paret
1526 1732 1653 1784 quod,
1680 1732 1781 1772 laeso
1800 1732 1939 1783 corde,
1962 1733 2180 1783 separatur
2200 1729 2357 1777 anima,
2376 1732 2417 1769 et

1388 1804 1440 1844 ab
1460 1804 1551 1856 ipso
1572 1804 1712 1844 influit
1731 1816 1879 1844 sensus
1895 1806 1935 1844 et
1955 1805 2111 1853 motus,
2135 1805 2175 1842 et
2193 1805 2255 1842 est
2274 1813 2416 1841 mem-

1388 1876 1515 1916 brum
1527 1876 1667 1916 nobile
1681 1877 1864 1917 existens
1877 1876 1923 1916 in
1935 1875 2089 1926 medio,
2103 1875 2211 1915 sicut
2221 1876 2418 1914 centrum

1389 1951 1578 2004 corporis
1595 1965 1604 2001 ;
1639 1951 1824 1991 defectus
1852 1950 2027 1991 rationis
2041 1982 2051 2001 ,
2086 1949 2188 2002 quia
2221 1961 2308 1989 non
2338 1960 2417 2001 po-

1390 2028 1568 2066 tuerunt
1590 2025 1827 2077 intelligere
1855 2037 1940 2077 quo
1964 2023 2090 2064 modo
2119 2022 2278 2075 aliquid
2302 2021 2420 2062 limi-

1390 2102 1527 2140 tatum
1546 2099 1601 2139 sit
1619 2112 1774 2150 unum,
1793 2101 1834 2139 et
1850 2099 1963 2139 idem
1980 2100 2119 2138 totum
2135 2097 2180 2137 in
2194 2096 2416 2150 pluribus,

1390 2174 1430 2210 et
1449 2171 1549 2223 quia
1569 2170 1672 2211 fides
1690 2182 1779 2210 non
1808 2170 1922 2222 cogit
1941 2169 2125 2217 credere,
2145 2170 2186 2208 et
2209 2168 2316 2208 ratio
2332 2180 2421 2208 non

1391 2242 1591 2294 intelligit
1614 2254 1623 2282 :
1645 2242 1739 2282 ideo
1770 2241 1915 2282 dicunt
1942 2253 2031 2281 non
2049 2252 2139 2281 esse
2157 2238 2419 2292 ponendum,

1390 2313 1506 2366 quod
1525 2314 1578 2353 sit
1593 2314 1638 2353 in
1651 2316 1737 2353 toto
1752 2313 1915 2353 ratione
1932 2312 2160 2365 cujuslibet
2174 2311 2320 2364 partis.
2341 2310 2423 2351 Sed

1391 2384 1574 2424 aliorum
1606 2384 1750 2437 opinio
1779 2387 1864 2435 est,
1894 2387 1943 2424 11ῖ
1973 2383 2207 2436 Augustini
2242 2386 2271 2431 ²,
2307 2382 2422 2435 quod

1392 2456 1536 2496 anima
1553 2455 1599 2495 in
1618 2456 1805 2508 qualibet
1827 2457 1945 2508 parte
1968 2454 2155 2508 corporis
2180 2453 2232 2494 sit
2250 2455 2360 2503 tota3
2383 2455 2424 2493 et

1393 2526 1445 2566 ad
1483 2526 1563 2566 hoc
1594 2526 1842 2578 ponendum
1871 2529 2015 2567 movet
2046 2525 2388 2578 experimentum
2411 2554 2421 2572 ‚

1393 2600 1657 2653 exemplum,
1680 2604 1720 2641 et
1733 2601 1982 2642 rationabile
2002 2602 2325 2653 argumentum.
2342 2598 2425 2639 Ex-

1393 2672 1697 2724 perimentum,
1722 2673 1824 2725 quia
1844 2673 1986 2713 anima
1999 2673 2046 2712 in
2058 2672 2248 2725 partibus
2266 2671 2422 2711 distan-

1391 2744 1510 2784 tibus
1529 2757 1554 2784 3
1573 2744 1697 2785 corde
1717 2745 1775 2785 ita
1798 2744 1879 2785 cito
1899 2744 2040 2795 sentit,
2071 2744 2182 2784 sicut
2199 2745 2240 2783 et
2257 2742 2303 2782 in
2319 2755 2423 2795 pro-

1393 2817 1585 2870 pinquis;
1602 2817 1719 2866 item,
1739 2817 1842 2870 quia
1858 2817 2000 2867 simul,
2021 2815 2143 2868 quasi
2156 2815 2204 2855 in
2215 2815 2302 2856 ictu
2319 2827 2421 2856 0011-

1392 2888 1437 2939 11,
1473 2889 1597 2929 sentit
1622 2889 1845 2930 laesionem
1869 2889 1916 2928 in
1934 2887 2126 2940 partibus
2153 2886 2420 2936 distantibus,

1393 2963 1448 3010 et,
1471 2973 1569 3001 cum
1585 2961 1730 3001 anima
1754 2962 1997 3013 separatur,
2029 2958 2147 2999 dolor
2180 2960 2242 2999 est
2269 2958 2315 2997 in
2334 2957 2423 2997 sin-

1394 3031 1508 3083 gulis
1527 3032 1740 3084 partibus,
1771 3035 1811 3071 et
1830 3030 2045 3072 resolutio.
2066 3029 2328 3082 Exemplum
2361 3028 2423 3069 si-

1394 3102 1550 3142 militer
1571 3105 1728 3151 movet,
1750 3102 1857 3142 sicut
1870 3101 1970 3141 dicit
1985 3100 2254 3153 Augustinus
2273 3114 2281 3140 :
2305 3100 2424 3141 vide-

1394 3185 1492 3214 mus
1509 3173 1624 3214 enim
1644 3173 1755 3225 quod
1777 3172 1823 3212 in
1845 3172 2021 3212 animali
2040 3172 2221 3225 perfecte
2240 3183 2342 3211 sano
2362 3172 2424 3211 est

1394 3256 1484 3285 una
1503 3245 1658 3284 sanitas
1673 3245 1718 3283 in
1737 3244 1916 3295 singulis
1935 3230 2128 3296 partibus
2147 3275 2157 3294 ,
2185 3255 2263 3283 nec
2285 3243 2424 3294 major

1394 3315 1439 3355 in
1458 3315 1625 3368 maiori,
1649 3327 1726 3355 nec
1748 3314 1949 3355 minorin
1969 3314 2139 3356 minori.
2161 3313 2204 3355 Si
2221 3325 2324 3365 ergo
2342 3313 2424 3353 hoc

1395 3389 1456 3426 est
1475 3386 1521 3425 in
1540 3386 1676 3426 forma
1696 3386 1918 3439 corporali,
1941 3388 2102 3439 quanto
2122 3385 2261 3437 magis
2280 3384 2325 3423 in
2342 3382 2423 3436 spi-

1394 3457 1556 3498 rituali!
1579 3456 1719 3499 Movet
1740 3457 1914 3498 rationis
1939 3459 2247 3510 argumentum
2280 3469 2289 3494 :
2321 3454 2424 3507 quia

1440 3564 1580 3606 ¹Arist.,
1601 3564 1639 3595 de
1658 3565 1792 3605 Anima,
1810 3565 1868 3597 lib.
1889 3566 1940 3606 11,
1962 3566 2111 3596 context.
2128 3564 2159 3594 9.
2178 3580 2220 3586 —
2233 3563 2247 3584 ²
2267 3564 2422 3604 August.,

1396 3611 1434 3643 de
1455 3612 1590 3652 Trinit„
1606 3612 1665 3643 lib.
1684 3613 1751 3654 Vl,
1772 3622 1802 3645 0.
1819 3620 1868 3654 vi,
1887 3621 1922 3645 n.
1939 3613 1970 3643 8.
